4175 5717
620 746 685 811 310
1084 762 1149 810 nin.
1175 763 1196 810 1.
1398 809 1409 840 Ι
1659 797 1670 814 ,

617 872 671 937 28.
697 871 822 936 ldissali
847 890 889 935 ex
913 889 952 934 ea
975 877 1071 953 parte
1094 875 1220 954 aperto,
1248 868 1368 934 redibit
1390 867 1431 933 ad
1455 867 1596 935 medium
1627 867 1753 936 Alture

530 981 651 1044 iunctis
675 977 835 1052 manibus,
859 987 894 1042 et
921 977 998 1061 quin
1030 975 1073 1040 ibi
1103 982 1264 1051 moretur,
1296 977 1519 1041 reverentiam
1549 973 1753 1042 mediocrem

529 1088 630 1153 faciet
654 1085 762 1162 Cruci,
787 1085 905 1150 faciem
929 1089 1041 1148 vertet
1071 1104 1189 1148 versus
1220 1103 1325 1148 cornu
1358 1083 1542 1169 Epistulae,
1571 1102 1611 1149 ac
1641 1084 1755 1170 posito

529 1194 612 1280 pede
635 1192 776 1258 dextero
798 1190 950 1278 paullum
975 1211 1092 1256 versus
1109 1195 1237 1276 partem
1255 1189 1444 1275 Evangelii,
1462 1209 1504 1256 ne
1519 1195 1653 1276 tergum
1669 1189 1756 1262 ¹(iru-

531 1304 561 1368 ci
584 1307 769 1377 convertat,
794 1300 915 1365 iunctis
939 1298 1090 1364 manibus
1114 1297 1293 1365 descendet
1316 1297 1357 1364 de
1379 1298 1538 1385 gradibus
1561 1301 1595 1366 in
1610 1298 1754 1386 planum

533 1410 589 1475 ubi
613 1428 730 1473 rursus
754 1405 795 1472 ad
819 1407 937 1472 Altero
961 1411 1189 1488 convertetur.

620 1515 673 1582 29.
697 1514 745 1580 lbi
768 1515 869 1579 faciet
893 1513 993 1580 Cruci
1023 1512 1222 1600 profundam
1253 1515 1486 1591 reverentiam,
1519 1512 1573 1578 vel
1603 1509 1756 1600 genufle-

534 1626 665 1689 xionem
688 1622 880 1708 simplicem,
903 1640 993 1708 genu
1018 1641 1121 1706 usque
1144 1619 1186 1686 ad
1209 1618 1357 1685 infimum
1372 1621 1503 1686 Altaris
1519 1619 1660 1706 gradum
1675 1620 1757 1688 sub·

533 1733 641 1806 misso,
666 1731 693 1795 si
718 1729 774 1795 SS.
800 1728 1051 1796 Sacramentum
1073 1727 1181 1793 aderit
1204 1728 1293 1793 intra
1316 1727 1500 1794 custodiam
1520 1726 1573 1816 (a)

620 1837 673 1901 30.
698 1835 903 1901 llxordietur
927 1835 1059 1902 Missam
1084 1856 1119 1901 se
1144 1836 1294 1900 muniens
1318 1837 1412 1920 signo
1437 1834 1552 1901 Crucis
1576 1840 1610 1901 et
1626 1835 1756 1902 formu·

531 1946 597 2010 lam
621 1945 805 2030 proferens,
823 1943 977 2009 recitabit
992 1943 1205 2028 antiphonam
1222 1941 1376 2010 introibo
1394 1947 1427 2007 et
1442 1941 1606 2029 psalmum
1621 1941 1753 2010 Iudico

531 2073 585 2118 mc
597 2053 701 2119 Deus.
720 2051 770 2117 Ad
785 2050 906 2119 Gloria
918 2051 1023 2118 Patri
1038 2051 1211 2116 inclinabit
1226 2056 1335 2137 caput.
1353 2049 1497 2116 Versum
1514 2055 1626 2118 autem
1640 2051 1753 2142 Adiu-

534 2162 662 2227 torium
685 2168 848 2228 uestrum
871 2166 933 2225 etc.
958 2159 1084 2235 dicens,
1108 2161 1228 2224 iterum
1252 2179 1287 2224 se
1311 2159 1465 2244 signabit.

620 2269 673 2333 31.
698 2267 945 2360 Gorrsessionenr
973 2265 1138 2353 profunde
1169 2266 1348 2332 inclinatus
1380 2266 1543 2332 recitabit:
1575 2266 1616 2332 ad
1648 2267 1754 2334 verba

531 2375 627 2442 cobis
648 2377 794 2460 fratres,
819 2383 853 2440 et
876 2394 936 2441 uos
958 2377 1096 2459 fratres
1120 2394 1186 2439 non
1210 2393 1245 2439 se
1269 2379 1381 2438 vertet
1410 2372 1451 2438 ad
1483 2375 1684 2450 ministrum,
1713 2381 1753 2440 ut

532 2479 568 2547 fit
591 2484 626 2546 in
649 2483 757 2548 Missis
782 2482 994 2548 solemnibus.
1021 2482 1086 2546 Ter
1109 2491 1225 2567 pectus
1249 2482 1415 2568 percutiet
1438 2481 1541 2547 rerba
1572 2481 1752 2568 proferens

531 2609 607 2656 mea
631 2592 748 2673 culpa,
772 2611 850 2657 mea
873 2593 988 2673 culpe,
1012 2609 1090 2656 mco
1112 2585 1270 2656 marimo
1294 2591 1409 2672 culpo,
1434 2588 1520 2672 quod
1544 2588 1646 2655 faciet
1665 2589 1753 2654 sini-

531 2702 635 2762 stram
657 2717 785 2782 ponens
808 2698 897 2762 infra
919 2702 1046 2782 pectus,
1071 2694 1212 2762 dextera
1227 2701 1344 2782 aperta
1359 2702 1394 2760 et
1410 2704 1550 2763 extensa
1572 2695 1751 2782 digitisque

531 2805 629 2869 simul
653 2805 850 2880 coniunctis,
875 2806 946 2869 sine
970 2805 1113 2891 strepitu
1137 2823 1199 2869 nec
1223 2805 1318 2868 nimis
1343 2802 1499 2870 studiose.

618 2910 670 2976 32.
696 2910 866 2976 Profunde
890 2909 1072 2976 inclinatus
1095 2911 1301 2998 permanebit
1331 2910 1373 2977 ad
1397 2911 1500 2977 rerba
1530 2910 1752 2978 misereatur

531 3018 591 3095 tui,
617 3038 700 3102 quae
725 3018 879 3084 recitabit
901 3020 1061 3095 minister,
1087 3018 1205 3103 quibus
1229 3020 1389 3096 recitatis,
1414 3020 1521 3104 eriget
1543 3038 1625 3095 sese;
1642 3025 1679 3084 et
1694 3019 1755 3084 mi·

531 3128 635 3190 nister
659 3127 901 3192 consessionem
923 3134 1073 3214 peraget.
1710 3145 1714 3152 ·

617 3217 669 3298 33.
696 3233 857 3300 Sacerdos
881 3233 969 3300 dicet
992 3235 1210 3304 Misereatur
1240 3237 1350 3304 vestri
1376 3243 1439 3302 etc.
1472 3234 1589 3302 deinde
1619 3234 1751 3304 Indul-

526 3343 683 3426 pentima
707 3350 769 3407 etc.
795 3362 895 3428 seque
919 3343 1071 3428 signabit.

618 3450 670 3513 34.
696 3450 779 3514 Tum
804 3449 1015 3516 mediocriter
1039 3450 1219 3516 inclinatus
1237 3450 1444 3517 continuabit
1460 3469 1578 3516 versus
1595 3445 1695 3518 Deus
1711 3457 1753 3519 tu

530 3575 722 3623 couversos
746 3565 808 3620 etc.
834 3578 937 3642 usque
961 3557 1002 3623 ad
1027 3558 1210 3623 orationem
1226 3559 1342 3642 Aufer
1364 3579 1387 3624 o
1402 3557 1510 3626 nobis.
1528 3556 1579 3622 Ad
1598 3555 1751 3626 Oranus

529 3668 608 3726 aute
630 3661 833 3748 praedictam
849 3666 1033 3754 orationem
1051 3664 1211 3730 extendet
1226 3674 1260 3730 et
1277 3666 1391 3752 iunget
1408 3666 1519 3731 statim
1536 3684 1663 3744 manus,
1682 3685 1753 3758 non

527 3778 637 3834 tamen
662 3768 778 3834 elatas.
804 3771 990 3836 Notandum
1015 3771 1177 3838 hocloco
1202 3780 1253 3838 est
1276 3771 1362 3858 quod
1385 3793 1541 3838 manuum
1572 3772 1772 3840 disiunctio.

528 3896 707 3960 numquam
731 3875 828 3942 debet
852 3878 1061 3944 latitudinem
1085 3879 1248 3945 excedere
1272 3880 1497 3947 humerorum.

616 3985 669 4049 35.
697 3983 855 4057 oremus,
882 3993 918 4050 ut
943 4007 1044 4071 supra
1066 3984 1248 4064 docuimus,
1273 3987 1371 4064 dicto,
1396 3989 1504 4073 eriget
1526 4007 1610 4064 sese,
1627 3988 1753 4054 iunctis

528 4091 677 4157 manibus
700 4090 741 4156 ad
765 4092 884 4157 Altare
908 4093 1066 4159 ascendet
1090 4096 1234 4160 recitans
1258 4097 1440 4160 orationem
1462 4095 1578 4179 Aufer
1600 4114 1623 4160 a
1638 4093 1751 4162 nobie:

526 4200 567 4263 ad
591 4202 710 4266 Altare
734 4199 946 4266 mediocriter
970 4203 1150 4266 inclinatus
1173 4222 1290 4267 manus
1315 4203 1459 4288 imponet
1487 4201 1752 4280 simul,iunctas

598 4469 639 4535 (u)
660 4469 821 4525 Celebrans
840 4485 928 4541 quum
948 4469 1137 4540 genuflectet,
1157 4469 1266 4524 nullam
1287 4468 1374 4526 saciet
1392 4463 1599 4534 reverentiam,
1619 4467 1753 4542 quando·

526 4552 643 4625 quidem
664 4557 691 4611 iu
709 4559 920 4629 genuflexione
940 4558 1028 4614 otium
1050 4560 1219 4615 reverentia
1238 4559 1506 4631 comprehenditur,
1525 4556 1628 4616 utiam
1647 4575 1713 4634 cap.
1727 4559 1750 4616 1.

414 4705 419 4714 ¹
527 4641 613 4700 buius
633 4645 696 4700 libri
717 4659 847 4705 notatum
868 4659 921 4707 est.
