4175 5717
986 983 1059 1033 our.
1077 983 1097 1033 1.
1519 973 1553 1040 ll

522 1089 576 1156 70.
600 1094 732 1159 Interea
754 1096 782 1158 ai
807 1095 908 1160 blisea
929 1095 970 1161 de
985 1097 1089 1162 Beata
1105 1098 1245 1183 Virgine
1262 1099 1496 1177 celebrabitur,
1518 1104 1644 1187 primus

431 1199 577 1267 clericus
601 1200 755 1269 detrahet
779 1204 887 1270 Alteri
905 1203 1043 1291 pallium
1062 1203 1245 1270 violaceum
1264 1212 1297 1271 et
1313 1207 1483 1294 apparebit
1499 1208 1644 1275 alterum

431 1307 556 1385 album;
581 1317 721 1395 reponet
744 1331 823 1375 rasa
846 1307 964 1377 florum
989 1313 1077 1377 inter
1100 1311 1301 1378 caudelabra
1317 1320 1350 1379 et
1374 1314 1512 1380 calicem
1536 1316 1646 1383 defert

432 1436 535 1502 super
558 1417 685 1494 Altare,
710 1419 883 1505 explicans
908 1419 1141 1505 corporalem
1166 1420 1282 1486 medio.

524 1526 577 1588 71.
605 1525 786 1592 celebrans
813 1527 854 1592 ad
883 1527 1000 1594 Altare
1028 1527 1187 1614 procedet
1214 1537 1248 1594 et
1274 1529 1412 1595 Sacrum
1440 1531 1646 1610 exordietur,

433 1630 521 1716 quod
544 1633 573 1696 si
596 1635 661 1699 erit
683 1633 724 1700 de
747 1634 859 1711 Festo,
876 1635 991 1701 clerici
1007 1636 1168 1723 praedicti
1186 1638 1399 1704 sustinebunt
1419 1640 1576 1706 candelas
1588 1661 1647 1706 ac-

434 1757 552 1806 censas
576 1740 617 1806 ad
633 1741 854 1827 Evangelium
872 1749 906 1809 et
920 1763 942 1808 a
957 1744 1170 1811 Praefatione
1187 1766 1290 1831 usque
1310 1746 1351 1812 ad
1368 1746 1645 1813 Communionem.

524 1847 576 1911 72.
601 1848 681 1914 Post
705 1849 838 1914 Missam
863 1850 1044 1917 celebrans
1071 1852 1189 1919 redibit
1213 1854 1245 1919 in
1269 1856 1460 1931 sacrarium,
1479 1855 1533 1920 ubi
1556 1875 1649 1941 para·

435 1962 549 2022 menta
571 1955 724 2034 dimittet
749 1959 863 2025 clerici
885 1967 997 2027 autam
1021 1961 1105 2028 illuc
1128 1961 1278 2027 referent
1301 1983 1340 2028 ea
1363 1965 1481 2040 omnia,
1505 1983 1589 2047 quae
1606 1962 1647 2029 ad

436 2067 640 2133 functionem
665 2088 746 2153 opus
771 2067 918 2134 fuerunt.

984 2303 1111 2314 -ι--·

718 2465 722 2472 ’
853 2479 971 2536 ruem
989 2479 1038 2536 1v.
1053 2479 1240 2540 crunnum

941 2807 1085 2876 CAPUT
1109 2809 1148 2873 ll.

811 3024 861 3091 Da
884 3023 991 3091 redas
1011 3025 1278 3107 praeparandis

461 3353 491 3418 1.
517 3268 578 3422 In
601 3350 703 3415 abaco
733 3348 860 3414 Altaria
892 3349 1024 3414 maioris
1047 3348 1308 3435 praeparabitur
1338 3348 1428 3415 calix
1459 3368 1518 3435 pro
1551 3348 1651 3414 missa

434 3457 638 3528 celebranda
662 3476 736 3521 cum
760 3457 836 3521 velo
859 3461 893 3522 et
916 3457 1018 3522 bursa
1040 3456 1163 3521 coloris
1186 3456 1337 3523 violacei.

526 3565 558 3630 2.
583 3564 773 3651 Meuipulus
797 3570 831 3629 et
854 3563 989 3649 planeta
1012 3564 1172 3630 violacea.

527 3674 559 3737 3.
584 3670 805 3737 Thuribulum
829 3679 863 3735 et
888 3670 1043 3736 navicula
1066 3691 1141 3735 cum
1166 3672 1265 3736 thure
1289 3678 1322 3736 et
1346 3672 1524 3738 cochleari.

529 3784 560 3847 4.
584 3779 769 3846 Vasculum
793 3798 899 3863 aquae
922 3785 1058 3844 sanctae
1081 3798 1155 3845 cum
1179 3781 1378 3864 aspersorio.

529 3889 561 3954 5.
586 3888 714 3954 Urceus
737 3906 812 3952 cum
835 3886 935 3972 pelvi,
960 3886 1104 3952 mantile.
1121 3906 1179 3952 seu
1196 3888 1441 3973 manutergium
1457 3893 1493 3953 et
1507 3886 1656 3971 aliquan·

438 3998 516 4068 tula
539 3996 686 4063 medulla
709 3997 801 4082 panis
825 3996 859 4059 iu
882 3994 1061 4079 pelvicula.

529 4106 561 4170 6.
585 4103 763 4190 Ampullae
786 4103 854 4168 viui
878 4110 913 4167 et
936 4122 1041 4187 aquae
1064 4103 1098 4167 in
1122 4122 1183 4167 sua
1206 4103 1382 4189 pelvicula,
1400 4102 1604 4170 sudariolum
1620 4108 1654 4168 et

440 4212 651 4299 campanula.

531 4321 561 4384 7.
586 4319 704 4384 Altare
728 4317 947 4384 exornabitur
970 4317 1073 4403 pallio
1097 4317 1257 4394 violaceo,
1275 4318 1382 4384 Gruce
1399 4325 1433 4383 et
1456 4337 1514 4382 sex
1538 4315 1656 4382 caude·

440 4427 548 4496 labris
570 4446 646 4492 cum
668 4427 783 4503 cereis,
797 4428 867 4492 sine
892 4425 1117 4509 [reliquiar-iis,
1130 4427 1218 4492 uasis
1234 4422 1356 4502 floreis,
1373 4432 1433 4491 aut
1451 4424 1518 4490 alio
1534 4429 1655 4489 ornatu

442 4535 576 4604 festivo.

533 4643 565 4708 8.
590 4641 725 4706 Missale
747 4648 900 4726 apertum
924 4641 957 4704 in
981 4660 1086 4706 cornu
1111 4640 1280 4727 Epistulae
1305 4660 1405 4726 super
1428 4640 1560 4705 cussino
1583 4641 1656 4704 rio-

442 4749 541 4820 laceo
564 4750 619 4815 vel
643 4750 746 4836 legili.

399 4895 404 4902 ·
534 4859 566 4928 9.
591 4855 765 4922 Petricula
788 4866 949 4942 argentea
977 4857 1031 4922 rel
1059 4877 1102 4922 ex
1129 4857 1196 4922 elin
1223 4855 1360 4921 metallo
1388 4874 1462 4930 cum
1490 4849 1656 4922 cineribus
