4175 5717
541 686 603 764 lat
985 703 1051 759 nm.
1077 704 1123 759 ru.

536 822 590 887 34.
615 820 797 888 Gelebrans
821 820 985 885 intonabit
1004 820 1217 906 antiphonam
1243 817 1351 887 Mane
1372 831 1526 903 serpens
1549 812 1665 886 Iacob.

430 979 433 994 ,
449 949 534 1013 quae
544 936 685 995 canetur
697 947 772 994 oum
783 927 910 1014 psalmo
921 926 1004 993 Nisi
1013 927 1185 994 Dominus
1196 926 1432 1014 aedificaverit
1443 927 1587 993 domam
1600 932 1665 996 eto.

535 1035 589 1100 35.
613 1036 706 1100 lnter
729 1034 811 1100 haec
833 1032 1011 1100 claudetur
1026 1033 1112 1119 lapis
1136 1036 1226 1100 intra
1248 1034 1399 1100 arculam
1424 1040 1458 1099 et
1473 1032 1666 1099 includetur

448 1144 547 1207 etiam
571 1161 771 1227 pergamena
793 1161 869 1208 cum
891 1140 968 1206 aliis
990 1142 1212 1210 monumentis
1243 1147 1278 1206 et
1307 1140 1503 1227 operculum
1534 1141 1668 1207 obtura·

348 1245 349 1249 ’
448 1249 538 1315 bitur
560 1267 666 1335 gypso
690 1257 724 1314 et
746 1250 781 1313 in
803 1249 992 1314 summitate
1022 1247 1161 1313 arculae
1191 1247 1387 1333 alligabitur
1422 1247 1592 1333 praedicta
1617 1268 1668 1312 re·

449 1356 579 1432 sticula,
604 1376 669 1440 qua
691 1355 819 1422 demitti
842 1357 947 1441 possit
969 1357 1002 1419 in
1026 1354 1290 1421 fundamentum.

535 1464 588 1530 36.
613 1462 754 1532 Cantato
785 1483 805 1528 a
834 1461 1027 1529 cantoribus
1057 1463 1185 1549 psalmo
1213 1462 1404 1550 supradicto
1433 1482 1508 1529 cum
1542 1462 1665 1531 (imme

449 1572 561 1648 Patri,
584 1570 650 1637 duo
673 1570 789 1637 clerici
812 1568 979 1656 accipient
1001 1568 1146 1654 lapidem
1160 1588 1302 1653 eumque
1319 1568 1474 1635 delerent
1487 1569 1528 1634 ad
1552 1568 1665 1635 locum

448 1700 492 1746 eu
514 1700 580 1764 quo
601 1676 823 1748 demittendus
846 1679 912 1743 erit
936 1680 968 1742 in
994 1674 1258 1744 fundamentum.
1284 1675 1466 1743 celebrans
1489 1696 1562 1743 cum
1587 1678 1666 1743 assi·

447 1786 611 1854 stantibus
634 1791 793 1870 sequetur
824 1804 881 1851 eos
909 1791 943 1850 et
978 1804 1054 1849 oum
1078 1785 1155 1869 ipsis
1178 1783 1324 1848 clericus
1349 1782 1461 1848 ferens
1490 1784 1665 1859 vasculum

447 1913 552 1978 aquae
575 1893 769 1960 benedictae
792 1897 827 1959 et
850 1890 1081 1977 aspergillum.

534 2001 588 2067 37.
613 1999 891 2075 Quum‘ventum
921 1999 985 2064 erit
1015 1998 1056 2063 ad
1087 1997 1296 2065 fundamenti
1327 1998 1449 2075 locum,
1481 1997 1663 2065 celebrans

447 2106 599 2173 demittet
631 2105 783 2193 lapidem,
807 2106 862 2171 cui
895 2103 1094 2171 detrahetur
1125 2105 1295 2181 resticula,
1320 2113 1492 2190 postquam
1526 2104 1665 2172 fundum

446 2215 605 2298 attigerit.
623 2213 717 2277 Tunc
734 2212 915 2279 celebrans
932 2212 1086 2278 recitabit
1112 2211 1290 2276 formulam
1308 2212 1351 2277 In
1365 2209 1434 2299 'fide
1451 2212 1534 2279 Iesu
1560 2212 1666 2278 Chri·

445 2321 492 2388 sti
513 2325 576 2387 etc.
592 2320 717 2386 ‚deinde
733 2340 809 2386 eum
824 2326 979 2407 asperget
994 2340 1080 2405 aqua
1096 2317 1280 2395 benedicta,
1297 2320 1443 2384 recitans
1466 2317 1564 2385 simul
1588 2338 1663 2383 cum

445 2427 675 2495 assistentibus
699 2428 912 2513 antiphonam
939 2428 1117 2512 Asperqes
1148 2446 1203 2493 me
1232 2433 1296 2492 etc.
1328 2445 1403 2492 oum
1435 2433 1505 2491 toto
1536 2425 1663 2512 psalmo

447 2534 618 2601 Miserere
639 2536 715 2611 mei,
741 2534 836 2600 Dens
859 2541 921 2600 etc.

532 2641 585 2707 38.
611 2640 832 2708 Goernentarii
855 2642 967 2706 statim
983 2640 1126 2727 desuper
1141 2642 1291 2707 iniciient
1306 2641 1434 2706 calcem
1449 2651 1484 2706 et
1506 2659 1662 2706 coemen-

445 2755 515 2812 tum
539 2748 572 2811 in
596 2746 738 2832 lapidem
762 2746 970 2813 benedictum
994 2767 1136 2832 eumque
1160 2749 1207 2812 ita
1230 2748 1432 2833 cooperient,
1458 2753 1495 2812 ut
1518 2756 1662 2831 nequeat

445 2854 586 2940 amplius
609 2853 769 2920 dimoveri
793 2854 877 2920 loco.

531 2948 584 3028 39.
610 2960 790 3027 celebrans
814 2961 977 3027 intonabit
999 2962 1212 3048 antiphonam
1251 2960 1278 3027 0
1312 2980 1421 3048 qnam
1451 2962 1662 3029 metuendus

443 3075 503 3143 est,
527 3087 611 3153 quae
642 3088 662 3132 a
692 3068 884 3134 cantoribus
915 3068 1107 3134 cantabitur
1140 3089 1215 3135 cum
1249 3068 1376 3154 psalmo
1412 3068 1661 3137 Fundamenta

443 3176 519 3243 eins
543 3180 606 3240 etc.

531 3284 584 3348 40.
607 3279 800 3358 celebrans,
825 3291 962 3369 accepto
983 3282 1024 3348 ab
1048 3285 1226 3349 assistente
1249 3283 1442 3368 aspergillo,
1474 3282 1661 3350 circumibit

443 3389 659 3474 fundamenta
682 3397 799 3476 aperta
821 3389 877 3455 vel
900 3390 1019 3481 saltem
1042 3388 1215 3476 designata
1237 3409 1343 3455 novae
1366 3390 1529 3455 ecclesiae
1543 3409 1661 3476 aspen-

442 3517 523 3582 gens
547 3496 608 3561 illa
630 3516 716 3580 aqua
739 3495 921 3562 benedicta.
946 3498 1180 3584 Aspersionem
1203 3497 1373 3563 inchoabit
1395 3516 1415 3561 a
1438 3495 1567 3563 dextris
1584 3498 1659 3563 suis

443 3627 486 3670 ex
510 3607 579 3691 ipso
603 3604 688 3682 loco,
713 3625 778 3690 quo
800 3606 949 3692 posuerit
971 3605 1112 3691 primum
1136 3603 1289 3691 lapidem.

531 3712 584 3776 41.
608 3712 689 3777 Post
711 3713 934 3798 aspersionem
962 3732 1119 3778 reversus
1152 3733 1216 3798 quo
1240 3712 1315 3780 loco
1339 3718 1413 3779 erat
1434 3732 1455 3777 a
1485 3712 1657 3799 principio,

443 3821 598 3886 restituet
621 3819 838 3905 aspergillum
861 3820 1039 3898 assistenti,
1065 3827 1100 3886 et
1122 3826 1257 3887 cantato
1280 3840 1300 3885 a
1323 3819 1516 3886 cantoribus
1533 3796 1658 3909 illecta

442 3928 544 3995 Patm
567 3932 641 4013 post
662 3927 826 4013 psalmum
849 3948 889 3994 ac
920 3929 1062 4014 repetita
1092 3928 1274 4015 antiphona
1303 3933 1447 4005 cantata,
1472 3926 1656 3994 Celebrans

441 4054 633 4109 conversus,
647 4040 684 4100 ut
699 4042 807 4110 antea,
823 4035 970 4100 cantabit
984 4033 1141 4111 Oramus,
1154 4036 1314 4100 assistens
1326 4055 1346 4100 a
1361 4033 1511 4100 dexteris
1524 4033 1659 4101 Flecte·

439 4162 519 4208 mus
539 4161 659 4226 penno
683 4142 884 4227 (omnesque,
910 4149 1050 4227 excepto
1079 4142 1288 4217 celebranto,
1313 4139 1581 4226 genuflexionem
1611 4141 1658 4223 fa·

441 4251 541 4334 cient)
566 4257 600 4314 et
630 4251 788 4314 assistens
811 4269 831 4312 a
853 4250 995 4314 sinistris
1026 4249 1162 4326 Leonte,
1187 4257 1257 4313 tum
1293 4249 1474 4315 Celebrans
1508 4249 1658 4314 cantabit

441 4359 623 4421 orationem
643 4354 862 4439 Omnipotens
886 4363 917 4422 et
940 4358 1141 4424 misericors
1157 4357 1253 4424 Dens
1269 4364 1332 4422 etc.
1349 4365 1449 4441 atque
1470 4356 1655 4422 immediate

440 4465 581 4529 alteram
605 4465 787 4529 orationem
803 4463 908 4540 Dens,
926 4466 991 4549 qni
1012 4485 1059 4532 ecc
1082 4467 1238 4532 omninm
1260 4475 1323 4530 etc.
1349 4485 1414 4530 non
1439 4467 1656 4549 praemittens

441 4582 635 4638 consuetum
661 4573 910 4636 invitamentum
940 4572 1096 4639 Oremus.
