4175 5717
526 745 570 810 92
974 765 1040 812 uus.
1067 761 1114 812 111.

522 874 575 938 36.
600 872 772 938 Parochus
796 873 976 957 subiunget
997 871 1109 958 Kyrie
1133 873 1261 940 eleison
1292 891 1368 938 cum
1400 871 1542 958 reliquis
1576 887 1656 959 pre-

435 982 527 1049 cibus
551 987 683 1046 etcum
708 980 858 1046 oratione
884 978 1109 1064 Omnipotens
1132 981 1343 1064 sempiterne
1366 979 1463 1048 Deus
1486 987 1552 1046 etc.

523 1091 576 1154 37.
601 1089 685 1154 Tum
708 1088 881 1153 Parochus
903 1087 1015 1155 tradet
1038 1089 1175 1154 Rituale
1198 1088 1332 1164 clerico,
1350 1090 1407 1173 qui
1430 1087 1658 1174 praesentabit

435 1199 465 1262 ei
487 1196 697 1262 thuribulum
721 1202 756 1262 et
779 1196 838 1261 ille
866 1196 900 1260 in
930 1196 995 1260 hoc
1024 1195 1178 1261 demittet
1209 1197 1382 1262 incensum
1411 1215 1487 1262 cum
1519 1193 1657 1262 benedi·

434 1307 544 1370 ctione
579 1311 750 1370 consueta.
786 1305 908 1369 Postea
941 1305 1083 1389 accipiet
1113 1323 1133 1368 a
1162 1304 1287 1369 clerico
1322 1305 1559 1390 aspersorium,
1591 1323 1656 1388 quo

433 1419 589 1498 asperget
612 1411 766 1489 cadaver,
790 1410 909 1477 deinde
932 1410 1140 1496 sepulturam
1164 1413 1196 1476 in
1221 1410 1338 1489 medio,
1361 1431 1382 1476 a
1405 1410 1556 1478 dexteris
1580 1421 1614 1478 et
1637 1432 1656 1477 a

434 1522 579 1586 sinistris
603 1523 682 1588 suis:
706 1531 777 1586 tum
802 1522 960 1588 restituto
986 1520 1112 1587 clerico
1146 1522 1345 1607 aspersori0,
1369 1523 1513 1608 accipiet
1540 1521 1583 1588 ab
1616 1541 1656 1588 eo

434 1628 644 1695 thuribulum
677 1635 712 1694 et
745 1627 893 1694 adolebit
926 1627 1071 1694 cadaver
1101 1647 1140 1694 ac
1171 1627 1378 1716 sepulturam
1408 1629 1525 1696 eodem
1559 1627 1655 1696 modo

432 1756 497 1820 quo
520 1737 704 1821 asperserit
726 1741 761 1802 et
783 1735 914 1802 reddite
937 1737 1062 1803 clerico
1086 1735 1270 1815 thuribulo,
1283 1738 1423 1824 recipiet
1445 1737 1544 1804 abeo
1565 1737 1656 1804 bire-

434 1851 505 1909 tum
528 1851 563 1910 et
586 1843 734 1910 Rituale.

517 1952 571 2018 38.
596 1953 748 2018 Clericus
773 1959 922 2019 resumet
946 1952 1088 2020 (trucem
1119 1960 1154 2020 et
1185 1960 1346 2038 sequente
1377 1955 1532 2020 Parocho
1563 1955 1654 2024 redi·

432 2061 481 2126 bit
502 2059 544 2125 ad
567 2061 753 2126 ecclesiam.
771 2061 944 2126 Parochus
960 2061 1116 2128 recitabit
1132 2062 1346 2149 antiphonam
1362 2063 1565 2134 Benedicite
1579 2063 1662 2132 cum'

348 2151 352 2158 ’
432 2171 502 2254 ipso
525 2169 666 2245 cantico,
690 2170 785 2233 cuius
808 2169 843 2232 in
865 2165 931 2234 flue
955 2173 1086 2254 repetet
1107 2171 1326 2255 autiphonam
1356 2171 1559 2241 Benedicite
1582 2173 1654 2242 De-

429 2279 566 2343 minum
588 2283 651 2343 etc.
676 2276 785 2351 Quum
808 2275 1006 2341 devenerint
1027 2283 1107 2342 ante
1131 2278 1261 2355 Altare,
1286 2279 1433 2346 clericus
1454 2281 1655 2348 consisteta

431 2385 575 2450 sinistris
598 2384 752 2460 Parochi‚
777 2385 832 2468 qui
856 2388 949 2449 stans
972 2389 1051 2450 ante
1068 2383 1196 2462 Altare,
1214 2385 1341 2452 nudato
1357 2389 1475 2472 capite,
1500 2387 1655 2456 subiiciat

433 2493 605 2558 Dominus
626 2491 806 2558 vobiscum
828 2501 864 2572 b·
888 2490 1038 2559 Etcum
1060 2493 1191 2577 spiritu
1216 2501 1275 2561 tuo
1294 2499 1328 2558 et
1354 2495 1541 2561 orationem
1558 2495 1655 2566 Dm

432 2601 497 2684 qui
517 2601 608 2667 miro
631 2600 757 2667 ordine
779 2605 843 2666 etc.
868 2601 951 2665 Post
972 2601 1057 2666 haec
1089 2599 1210 2666 redibit
1234 2602 1267 2666 in
1291 2603 1486 2679 sacrarium,
1512 2603 1569 2670 ubi
1593 2603 1654 2670 de·

433 2714 534 2793 ponet
556 2708 677 2774 stolam
700 2714 735 2773 ot
758 2707 1048 2795 superpelliceum.

520 2817 573 2883 39.
598 2817 632 2883 Si
655 2818 689 2881 in
713 2817 851 2900 exequis
874 2823 942 2880 tam
965 2816 1169 2894 adultorum,
1194 2838 1291 2902 quam
1314 2819 1493 2885 infantium
1509 2821 1654 2888 transfe-

432 2924 572 2990 rendum
594 2923 738 2990 cadaver
760 2943 827 2988 nou
851 2925 917 2988 erit
939 2923 981 2988 ad
1005 2924 1257 3001 Goemeterium,
1282 2925 1412 2993 iunctio
1446 2927 1479 2992 in
1503 2947 1545 2992 eo
1576 2927 1653 2996 loco

434 3033 618 3118 prescripta
640 3029 698 3096 flet
720 3033 754 3095 in
778 3031 931 3096 ecclesia.

521 3143 572 3207 40.
597 3141 810 3216 Functiones,
835 3141 974 3223 quasin
998 3141 1148 3223 exequiis
1172 3139 1364 3205 adultorum
1389 3141 1568 3220 innuimus,
1593 3163 1654 3230 pa-

433 3250 599 3335 ragendae
622 3253 701 3313 sunt
724 3246 840 3311 ordine
863 3252 1001 3322 statut0;
1026 3253 1185 3332 poterunt
1218 3254 1331 3313 tamen
1361 3249 1516 3334 separari·
1542 3249 1655 3316 altera

433 3358 473 3422 ab
497 3357 615 3428 altera,
639 3353 675 3420 si'
691 3357 776 3420 ratio
799 3353 966 3420 sufficiens
990 3352 1021 3418 id
1047 3356 1207 3438 requirat.
1232 3355 1333 3420 Missa
1355 3359 1470 3420 autem
1492 3375 1569 3422 cum
1592 3357 1654 3424 ab·

432 3465 599 3530 solutione
622 3464 801 3528 coniuncta
823 3481 896 3528 esse
920 3461 1028 3526 debet.

520 3574 573 3636 41.
597 3570 783 3636 Notandum
806 3568 960 3653 denique,
985 3573 1022 3634 ut
1044 3570 1196 3652 sequenti
1220 3568 1276 3634 lib.
1302 3569 1360 3636 IV.
1377 3589 1447 3656 cap.
1465 3571 1525 3638 XI.
1543 3573 1656 3642 decla-

433 3680 571 3756 rabitur,
595 3677 682 3762 quod
703 3677 861 3743 abusivus
885 3682 936 3742 est
959 3677 1044 3742 ritus
1068 3675 1260 3742 celebrandi
1285 3677 1415 3758 Missam
1441 3677 1655 3766 Angelorum

431 3790 464 3852 in
489 3787 636 3884 exequiis
659 3785 836 3849 infantium
860 3790 894 3850 et
917 3783 990 3850 ideo
1013 3784 1055 3848 ab
1079 3783 1257 3850 Ordinario
1280 3783 1346 3850 loci
1369 3785 1611 3871 prohibendus.
