<?xml version="1.0" encoding="UTF-8"?>
<!DOCTYPE html PUBLIC "-//W3C//DTD XHTML 1.0 Transitional//EN"
    "http://www.w3.org/TR/xhtml1/DTD/xhtml1-transitional.dtd">
<html xmlns="http://www.w3.org/1999/xhtml" xml:lang="en" lang="en">
 <head>
  <title>
</title>
<meta http-equiv="Content-Type" content="text/html;charset=utf-8" />
  <meta name='ocr-system' content='tesseract 3.04.00' />
  <meta name='ocr-capabilities' content='ocr_page ocr_carea ocr_par ocr_line ocrx_word'/>
</head>
<body>
  <div class='ocr_page' id='page_1' title='image "./manualesacrarum00martgoog_0608.png"; bbox 0 0 4175 5717; ppageno 0'>
   <div class='ocr_carea' id='block_1_1' title="bbox 439 709 1670 932">
    <p class='ocr_par' dir='ltr' id='par_1_1' title="bbox 439 709 1670 932">
     <span class='ocr_line' id='line_1_1' title="bbox 535 709 1121 784; baseline -0.002 -2"><span class='ocrx_word' id='word_1_1' title='bbox 535 709 601 782; x_wconf 81' lang='lat'>218</span> <span class='ocrx_word' id='word_1_2' title='bbox 992 719 1060 782; x_wconf 82' lang='lat' dir='ltr'>tm.</span> <span class='ocrx_word' id='word_1_3' title='bbox 1086 733 1121 784; x_wconf 91' lang='grc' dir='ltr'>ιι.</span> 
     </span>
     <span class='ocr_line' id='line_1_2' title="bbox 439 839 1670 932; baseline -0.002 -20"><span class='ocrx_word' id='word_1_4' title='bbox 439 847 560 924; x_wconf 89' lang='lat' dir='ltr'>branti,</span> <span class='ocrx_word' id='word_1_5' title='bbox 585 847 726 932; x_wconf 77' lang='lat' dir='ltr'>accipiet</span> <span class='ocrx_word' id='word_1_6' title='bbox 747 843 950 910; x_wconf 79' lang='lat' dir='ltr'><strong>claviculam</strong></span> <span class='ocrx_word' id='word_1_7' title='bbox 975 863 1081 910; x_wconf 88' lang='lat' dir='ltr'>urnae</span> <span class='ocrx_word' id='word_1_8' title='bbox 1104 849 1139 908; x_wconf 90' lang='lat' dir='ltr'>et</span> <span class='ocrx_word' id='word_1_9' title='bbox 1161 843 1289 930; x_wconf 88' lang='lat' dir='ltr'>aperiet</span> <span class='ocrx_word' id='word_1_10' title='bbox 1314 839 1470 911; x_wconf 89' lang='lat' dir='ltr'>ostiolum</span> <span class='ocrx_word' id='word_1_11' title='bbox 1495 859 1556 910; x_wconf 88' lang='lat' dir='ltr'>seu</span> <span class='ocrx_word' id='word_1_12' title='bbox 1588 859 1670 932; x_wconf 89' lang='lat' dir='ltr'>por·</span> 
     </span>
    </p>
   </div>
   <div class='ocr_carea' id='block_1_2' title="bbox 438 949 1672 1578">
    <p class='ocr_par' dir='ltr' id='par_1_2' title="bbox 438 949 1671 1469">
     <span class='ocr_line' id='line_1_3' title="bbox 439 949 1669 1040; baseline 0 -20"><span class='ocrx_word' id='word_1_13' title='bbox 439 955 578 1020; x_wconf 87' lang='lat' dir='ltr'>ticulam</span> <span class='ocrx_word' id='word_1_14' title='bbox 601 955 680 1039; x_wconf 91' lang='lat' dir='ltr'>quin</span> <span class='ocrx_word' id='word_1_15' title='bbox 703 951 825 1018; x_wconf 90' lang='lat' dir='ltr'>educat</span> <span class='ocrx_word' id='word_1_16' title='bbox 846 949 1111 1027; x_wconf 85' lang='lat' dir='ltr'>Sacramentum,</span> <span class='ocrx_word' id='word_1_17' title='bbox 1135 972 1176 1018; x_wconf 91' lang='lat' dir='ltr'>ac</span> <span class='ocrx_word' id='word_1_18' title='bbox 1200 953 1227 1017; x_wconf 92' lang='lat' dir='ltr'>si</span> <span class='ocrx_word' id='word_1_19' title='bbox 1251 971 1333 1040; x_wconf 91' lang='lat' dir='ltr'>opus</span> <span class='ocrx_word' id='word_1_20' title='bbox 1368 953 1483 1030; x_wconf 85' lang='lat' dir='ltr'>tuerit,</span> <span class='ocrx_word' id='word_1_21' title='bbox 1505 951 1669 1020; x_wconf 87' lang='lat' dir='ltr'>ascendet</span> 
     </span>
     <span class='ocr_line' id='line_1_4' title="bbox 439 1057 1668 1149; baseline -0.001 -21"><span class='ocrx_word' id='word_1_22' title='bbox 439 1081 539 1149; x_wconf 90' lang='lat' dir='ltr'>super</span> <span class='ocrx_word' id='word_1_23' title='bbox 555 1060 740 1127; x_wconf 79' lang='lat' dir='ltr'>scabellum</span> <span class='ocrx_word' id='word_1_24' title='bbox 756 1060 950 1147; x_wconf 87' lang='lat' dir='ltr'>appositum,</span> <span class='ocrx_word' id='word_1_25' title='bbox 964 1057 1231 1144; x_wconf 81' lang='lat' dir='ltr'>genuflexionem</span> <span class='ocrx_word' id='word_1_26' title='bbox 1246 1060 1382 1127; x_wconf 81' lang='lat' dir='ltr'>iterabit</span> <span class='ocrx_word' id='word_1_27' title='bbox 1397 1062 1430 1126; x_wconf 94' lang='lat' dir='ltr'>in</span> <span class='ocrx_word' id='word_1_28' title='bbox 1443 1059 1668 1148; x_wconf 84' lang='lat' dir='ltr'>suppedaneo,</span> 
     </span>
     <span class='ocr_line' id='line_1_5' title="bbox 438 1165 1668 1254; baseline 0 -20"><span class='ocrx_word' id='word_1_29' title='bbox 438 1169 479 1234; x_wconf 91' lang='lat' dir='ltr'>de</span> <span class='ocrx_word' id='word_1_30' title='bbox 502 1169 659 1254; x_wconf 80' lang='lat' dir='ltr'>gradibus</span> <span class='ocrx_word' id='word_1_31' title='bbox 682 1165 872 1244; x_wconf 78' lang='lat' dir='ltr'>descendet,</span> <span class='ocrx_word' id='word_1_32' title='bbox 897 1167 1021 1232; x_wconf 86' lang='lat' dir='ltr'>redibit</span> <span class='ocrx_word' id='word_1_33' title='bbox 1042 1167 1085 1232; x_wconf 92' lang='lat' dir='ltr'>ad</span> <span class='ocrx_word' id='word_1_34' title='bbox 1109 1167 1220 1234; x_wconf 91' lang='lat' dir='ltr'>locum</span> <span class='ocrx_word' id='word_1_35' title='bbox 1245 1187 1352 1244; x_wconf 89' lang='lat' dir='ltr'>suum,</span> <span class='ocrx_word' id='word_1_36' title='bbox 1376 1167 1520 1254; x_wconf 87' lang='lat' dir='ltr'>deponet</span> <span class='ocrx_word' id='word_1_37' title='bbox 1543 1167 1668 1234; x_wconf 88' lang='lat' dir='ltr'>stolam</span> 
     </span>
     <span class='ocr_line' id='line_1_6' title="bbox 439 1273 1671 1362; baseline 0 -20"><span class='ocrx_word' id='word_1_38' title='bbox 439 1282 473 1343; x_wconf 90' lang='lat' dir='ltr'>et</span> <span class='ocrx_word' id='word_1_39' title='bbox 495 1276 712 1362; x_wconf 80' lang='lat' dir='ltr'>geniculabit.</span> <span class='ocrx_word' id='word_1_40' title='bbox 730 1276 813 1340; x_wconf 86' lang='lat' dir='ltr'>Tum</span> <span class='ocrx_word' id='word_1_41' title='bbox 829 1281 985 1360; x_wconf 80' lang='lat' dir='ltr'>assurget</span> <span class='ocrx_word' id='word_1_42' title='bbox 1001 1275 1186 1343; x_wconf 67' lang='lat' dir='ltr'>Celebrant</span> <span class='ocrx_word' id='word_1_43' title='bbox 1210 1295 1284 1343; x_wconf 92' lang='lat' dir='ltr'>cum</span> <span class='ocrx_word' id='word_1_44' title='bbox 1305 1275 1459 1354; x_wconf 91' lang='lat' dir='ltr'>Diacono,</span> <span class='ocrx_word' id='word_1_45' title='bbox 1477 1282 1511 1342; x_wconf 91' lang='lat' dir='ltr'>et</span> <span class='ocrx_word' id='word_1_46' title='bbox 1526 1273 1671 1342; x_wconf 78' lang='lat' dir='ltr'>Subdin-</span> 
     </span>
     <span class='ocr_line' id='line_1_7' title="bbox 438 1383 1044 1469; baseline -0.005 -18"><span class='ocrx_word' id='word_1_47' title='bbox 438 1404 543 1452; x_wconf 88' lang='lat' dir='ltr'>conus</span> <span class='ocrx_word' id='word_1_48' title='bbox 565 1383 821 1469; x_wconf 81' lang='lat' dir='ltr'>adgeniculatus</span> <span class='ocrx_word' id='word_1_49' title='bbox 849 1383 1044 1450; x_wconf 84' lang='lat' dir='ltr'>remanebit.</span> 
     </span>
    </p>

    <p class='ocr_par' dir='ltr' id='par_1_3' title="bbox 528 1490 1672 1578">
     <span class='ocr_line' id='line_1_8' title="bbox 528 1490 1672 1578; baseline 0.003 -20"><span class='ocrx_word' id='word_1_50' title='bbox 528 1494 581 1558; x_wconf 81' lang='lat'>74.</span> <span class='ocrx_word' id='word_1_51' title='bbox 607 1490 790 1560; x_wconf 78' lang='lat' dir='ltr'>celebrans</span> <span class='ocrx_word' id='word_1_52' title='bbox 814 1499 988 1577; x_wconf 84' lang='lat' dir='ltr'>postquam</span> <span class='ocrx_word' id='word_1_53' title='bbox 1011 1495 1250 1570; x_wconf 80' lang='lat' dir='ltr'>assurrexerit,</span> <span class='ocrx_word' id='word_1_54' title='bbox 1267 1495 1347 1578; x_wconf 90' lang='lat' dir='ltr'>quin</span> <span class='ocrx_word' id='word_1_55' title='bbox 1363 1493 1404 1560; x_wconf 92' lang='lat' dir='ltr'>de</span> <span class='ocrx_word' id='word_1_56' title='bbox 1423 1493 1531 1562; x_wconf 91' lang='lat' dir='ltr'>medio</span> <span class='ocrx_word' id='word_1_57' title='bbox 1556 1493 1672 1562; x_wconf 82' lang='lat' dir='ltr'>absce-</span> 
     </span>
    </p>
   </div>
   <div class='ocr_carea' id='block_1_3' title="bbox 332 1597 1670 1687">
    <p class='ocr_par' dir='ltr' id='par_1_4' title="bbox 332 1597 1670 1687">
     <span class='ocr_line' id='line_1_9' title="bbox 332 1597 1670 1687; baseline 0.003 -21"><span class='ocrx_word' id='word_1_58' title='bbox 332 1597 337 1604; x_wconf 82' lang='lat'>&#39;</span> <span class='ocrx_word' id='word_1_59' title='bbox 438 1599 506 1676; x_wconf 88' lang='lat' dir='ltr'>dat,</span> <span class='ocrx_word' id='word_1_60' title='bbox 531 1604 750 1666; x_wconf 86' lang='lat' dir='ltr'>convertetur</span> <span class='ocrx_word' id='word_1_61' title='bbox 772 1599 925 1687; x_wconf 90' lang='lat' dir='ltr'>paullum</span> <span class='ocrx_word' id='word_1_62' title='bbox 949 1621 1051 1686; x_wconf 90' lang='lat' dir='ltr'>super</span> <span class='ocrx_word' id='word_1_63' title='bbox 1074 1601 1242 1668; x_wconf 86' lang='lat' dir='ltr'>sinistram</span> <span class='ocrx_word' id='word_1_64' title='bbox 1266 1621 1359 1668; x_wconf 88' lang='lat' dir='ltr'>suam</span> <span class='ocrx_word' id='word_1_65' title='bbox 1390 1608 1426 1669; x_wconf 89' lang='lat' dir='ltr'>et</span> <span class='ocrx_word' id='word_1_66' title='bbox 1455 1603 1527 1670; x_wconf 87' lang='lat' dir='ltr'>sine</span> <span class='ocrx_word' id='word_1_67' title='bbox 1561 1601 1670 1670; x_wconf 59' lang='lat' dir='ltr'>bena</span> 
     </span>
    </p>
   </div>
   <div class='ocr_carea' id='block_1_4' title="bbox 363 1707 1670 3410">
    <p class='ocr_par' dir='ltr' id='par_1_5' title="bbox 363 1707 1670 2855">
     <span class='ocr_line' id='line_1_10' title="bbox 437 1707 1670 1794; baseline 0.001 -19"><span class='ocrx_word' id='word_1_68' title='bbox 437 1708 581 1776; x_wconf 86' lang='lat' dir='ltr'>dictione</span> <span class='ocrx_word' id='word_1_69' title='bbox 605 1707 731 1772; x_wconf 91' lang='lat' dir='ltr'>iniioiet</span> <span class='ocrx_word' id='word_1_70' title='bbox 763 1707 935 1773; x_wconf 90' lang='lat' dir='ltr'>incensum</span> <span class='ocrx_word' id='word_1_71' title='bbox 957 1709 991 1772; x_wconf 93' lang='lat' dir='ltr'>in</span> <span class='ocrx_word' id='word_1_72' title='bbox 1013 1707 1198 1786; x_wconf 90' lang='lat' dir='ltr'>thuribula,</span> <span class='ocrx_word' id='word_1_73' title='bbox 1232 1728 1317 1794; x_wconf 90' lang='lat' dir='ltr'>quae</span> <span class='ocrx_word' id='word_1_74' title='bbox 1348 1707 1488 1776; x_wconf 91' lang='lat' dir='ltr'>subinde</span> <span class='ocrx_word' id='word_1_75' title='bbox 1517 1709 1670 1778; x_wconf 86' lang='lat' dir='ltr'>alterum</span> 
     </span>
     <span class='ocr_line' id='line_1_11' title="bbox 437 1813 1670 1904; baseline 0.003 -24"><span class='ocrx_word' id='word_1_76' title='bbox 437 1823 512 1904; x_wconf 87' lang='lat' dir='ltr'>post</span> <span class='ocrx_word' id='word_1_77' title='bbox 534 1816 680 1881; x_wconf 89' lang='lat' dir='ltr'>alterum</span> <span class='ocrx_word' id='word_1_78' title='bbox 703 1813 754 1880; x_wconf 94' lang='lat' dir='ltr'>illi</span> <span class='ocrx_word' id='word_1_79' title='bbox 778 1814 936 1880; x_wconf 87' lang='lat' dir='ltr'>obiiciant</span> <span class='ocrx_word' id='word_1_80' title='bbox 959 1815 1169 1880; x_wconf 83' lang='lat' dir='ltr'>thuriferarii</span> <span class='ocrx_word' id='word_1_81' title='bbox 1194 1821 1332 1894; x_wconf 91' lang='lat' dir='ltr'>stantes;</span> <span class='ocrx_word' id='word_1_82' title='bbox 1357 1815 1524 1884; x_wconf 86' lang='lat' dir='ltr'>Diaconos</span> <span class='ocrx_word' id='word_1_83' title='bbox 1552 1821 1670 1884; x_wconf 70' lang='grc' dir='ltr'><strong>ιιιιιοιιι</strong></span> 
     </span>
     <span class='ocr_line' id='line_1_12' title="bbox 363 1921 1669 2014; baseline 0.002 -24"><span class='ocrx_word' id='word_1_84' title='bbox 363 2009 366 2014; x_wconf 85' lang='lat'>.</span> <span class='ocrx_word' id='word_1_85' title='bbox 436 1927 607 1990; x_wconf 89' lang='lat' dir='ltr'>incensum</span> <span class='ocrx_word' id='word_1_86' title='bbox 631 1921 824 1988; x_wconf 74' lang='lat' dir='ltr'>Celebranti</span> <span class='ocrx_word' id='word_1_87' title='bbox 848 1921 1059 1988; x_wconf 90' lang='lat' dir='ltr'>ministrabit.</span> <span class='ocrx_word' id='word_1_88' title='bbox 1086 1923 1216 1990; x_wconf 76' lang='lat' dir='ltr'>Rursus</span> <span class='ocrx_word' id='word_1_89' title='bbox 1242 1924 1424 1991; x_wconf 82' lang='lat' dir='ltr'>Celebrans</span> <span class='ocrx_word' id='word_1_90' title='bbox 1441 1931 1476 1992; x_wconf 86' lang='lat' dir='ltr'>et</span> <span class='ocrx_word' id='word_1_91' title='bbox 1494 1925 1669 1992; x_wconf 89' lang='lat' dir='ltr'>Diaconus</span> 
     </span>
     <span class='ocr_line' id='line_1_13' title="bbox 437 2029 1669 2120; baseline 0.003 -24"><span class='ocrx_word' id='word_1_92' title='bbox 437 2034 470 2096; x_wconf 91' lang='lat' dir='ltr'>in</span> <span class='ocrx_word' id='word_1_93' title='bbox 493 2050 606 2120; x_wconf 77' lang='lat' dir='ltr'>genua</span> <span class='ocrx_word' id='word_1_94' title='bbox 621 2029 825 2116; x_wconf 72' lang='lat' dir='ltr'>procumbet</span> <span class='ocrx_word' id='word_1_95' title='bbox 852 2029 1017 2095; x_wconf 90' lang='lat' dir='ltr'>Diaconus</span> <span class='ocrx_word' id='word_1_96' title='bbox 1039 2037 1212 2117; x_wconf 88' lang='lat' dir='ltr'>acceptum</span> <span class='ocrx_word' id='word_1_97' title='bbox 1236 2031 1276 2098; x_wconf 94' lang='lat' dir='ltr'>ab</span> <span class='ocrx_word' id='word_1_98' title='bbox 1302 2052 1368 2098; x_wconf 93' lang='lat' dir='ltr'>uno</span> <span class='ocrx_word' id='word_1_99' title='bbox 1392 2051 1411 2098; x_wconf 92' lang='lat' dir='ltr'>e</span> <span class='ocrx_word' id='word_1_100' title='bbox 1434 2031 1669 2100; x_wconf 72' lang='lat' dir='ltr'>thuriferatis</span> 
     </span>
     <span class='ocr_line' id='line_1_14' title="bbox 435 2136 1668 2226; baseline 0.001 -21"><span class='ocrx_word' id='word_1_101' title='bbox 435 2138 646 2205; x_wconf 90' lang='lat' dir='ltr'>thuribulum</span> <span class='ocrx_word' id='word_1_102' title='bbox 673 2137 785 2204; x_wconf 86' lang='lat' dir='ltr'>tradet</span> <span class='ocrx_word' id='word_1_103' title='bbox 817 2136 1010 2203; x_wconf 75' lang='lat' dir='ltr'>Celebrant-i</span> <span class='ocrx_word' id='word_1_104' title='bbox 1033 2139 1090 2222; x_wconf 92' lang='lat' dir='ltr'>qui</span> <span class='ocrx_word' id='word_1_105' title='bbox 1124 2139 1215 2205; x_wconf 82' lang='lat' dir='ltr'>iacta</span> <span class='ocrx_word' id='word_1_106' title='bbox 1244 2138 1409 2226; x_wconf 83' lang='lat' dir='ltr'>profunda</span> <span class='ocrx_word' id='word_1_107' title='bbox 1444 2139 1668 2207; x_wconf 85' lang='lat' dir='ltr'>inclinatione</span> 
     </span>
     <span class='ocr_line' id='line_1_15' title="bbox 435 2235 1670 2333; baseline 0.002 -21"><span class='ocrx_word' id='word_1_108' title='bbox 435 2253 514 2314; x_wconf 91' lang='lat' dir='ltr'>ante</span> <span class='ocrx_word' id='word_1_109' title='bbox 546 2253 581 2312; x_wconf 89' lang='lat' dir='ltr'>et</span> <span class='ocrx_word' id='word_1_110' title='bbox 610 2251 684 2333; x_wconf 90' lang='lat' dir='ltr'>post</span> <span class='ocrx_word' id='word_1_111' title='bbox 713 2235 1005 2321; x_wconf 80' lang='lat' dir='ltr'>thurificationem,</span> <span class='ocrx_word' id='word_1_112' title='bbox 1027 2245 1153 2332; x_wconf 85' lang='lat' dir='ltr'>triplici</span> <span class='ocrx_word' id='word_1_113' title='bbox 1185 2245 1289 2313; x_wconf 89' lang='lat' dir='ltr'>ductu</span> <span class='ocrx_word' id='word_1_114' title='bbox 1320 2247 1377 2315; x_wconf 89' lang='lat' dir='ltr'>SS.</span> <span class='ocrx_word' id='word_1_115' title='bbox 1410 2247 1670 2315; x_wconf 80' lang='lat' dir='ltr'>Sacramentum</span> 
     </span>
     <span class='ocr_line' id='line_1_16' title="bbox 435 2354 1667 2442; baseline 0.002 -22"><span class='ocrx_word' id='word_1_116' title='bbox 435 2354 649 2422; x_wconf 85' lang='lat' dir='ltr'>thurificabit.</span> <span class='ocrx_word' id='word_1_117' title='bbox 674 2354 712 2418; x_wconf 91' lang='lat' dir='ltr'>ln</span> <span class='ocrx_word' id='word_1_118' title='bbox 736 2354 973 2419; x_wconf 88' lang='lat' dir='ltr'>incensationis</span> <span class='ocrx_word' id='word_1_119' title='bbox 997 2360 1075 2419; x_wconf 89' lang='lat' dir='ltr'>actu</span> <span class='ocrx_word' id='word_1_120' title='bbox 1108 2354 1252 2420; x_wconf 88' lang='lat' dir='ltr'>Ministri</span> <span class='ocrx_word' id='word_1_121' title='bbox 1282 2361 1410 2442; x_wconf 88' lang='lat' dir='ltr'>partem</span> <span class='ocrx_word' id='word_1_122' title='bbox 1440 2355 1667 2442; x_wconf 84' lang='lat' dir='ltr'>posteriorem</span> 
     </span>
     <span class='ocr_line' id='line_1_17' title="bbox 435 2461 1667 2549; baseline 0.003 -23"><span class='ocrx_word' id='word_1_123' title='bbox 435 2463 591 2549; x_wconf 89' lang='lat' dir='ltr'>planatae</span> <span class='ocrx_word' id='word_1_124' title='bbox 622 2461 831 2528; x_wconf 78' lang='lat' dir='ltr'>celebrantis</span> <span class='ocrx_word' id='word_1_125' title='bbox 861 2461 1055 2528; x_wconf 89' lang='lat' dir='ltr'>sustollent.</span> <span class='ocrx_word' id='word_1_126' title='bbox 1080 2461 1205 2528; x_wconf 90' lang='lat' dir='ltr'>Deinde</span> <span class='ocrx_word' id='word_1_127' title='bbox 1241 2461 1422 2530; x_wconf 78' lang='lat' dir='ltr'>celebrans</span> <span class='ocrx_word' id='word_1_128' title='bbox 1450 2461 1667 2531; x_wconf 82' lang='lat' dir='ltr'>thuribulum</span> 
     </span>
     <span class='ocr_line' id='line_1_18' title="bbox 436 2569 1668 2646; baseline 0.002 -10"><span class='ocrx_word' id='word_1_129' title='bbox 436 2573 592 2638; x_wconf 86' lang='lat' dir='ltr'>restituet</span> <span class='ocrx_word' id='word_1_130' title='bbox 615 2571 769 2646; x_wconf 89' lang='lat' dir='ltr'>Diacono,</span> <span class='ocrx_word' id='word_1_131' title='bbox 793 2569 849 2635; x_wconf 93' lang='lat' dir='ltr'>hic</span> <span class='ocrx_word' id='word_1_132' title='bbox 870 2569 1101 2635; x_wconf 79' lang='lat' dir='ltr'>thuriferario.</span> <span class='ocrx_word' id='word_1_133' title='bbox 1126 2569 1199 2640; x_wconf 92' lang='lat' dir='ltr'>Duo</span> <span class='ocrx_word' id='word_1_134' title='bbox 1223 2570 1275 2635; x_wconf 95' lang='lat' dir='ltr'>illi</span> <span class='ocrx_word' id='word_1_135' title='bbox 1298 2571 1507 2638; x_wconf 77' lang='lat' dir='ltr'>thuriferarii</span> <span class='ocrx_word' id='word_1_136' title='bbox 1525 2569 1668 2640; x_wconf 88' lang='lat' dir='ltr'>stabunt</span> 
     </span>
     <span class='ocr_line' id='line_1_19' title="bbox 435 2676 1667 2766; baseline 0.002 -22"><span class='ocrx_word' id='word_1_137' title='bbox 435 2699 455 2744; x_wconf 93' lang='lat' dir='ltr'>a</span> <span class='ocrx_word' id='word_1_138' title='bbox 476 2679 641 2745; x_wconf 86' lang='lat' dir='ltr'>lateribus</span> <span class='ocrx_word' id='word_1_139' title='bbox 664 2684 744 2743; x_wconf 85' lang='lat' dir='ltr'>ante</span> <span class='ocrx_word' id='word_1_140' title='bbox 768 2677 898 2753; x_wconf 85' lang='lat' dir='ltr'>Altare,</span> <span class='ocrx_word' id='word_1_141' title='bbox 923 2683 962 2744; x_wconf 90' lang='lat' dir='ltr'>ut</span> <span class='ocrx_word' id='word_1_142' title='bbox 984 2676 1096 2744; x_wconf 90' lang='lat' dir='ltr'>locum</span> <span class='ocrx_word' id='word_1_143' title='bbox 1120 2676 1239 2744; x_wconf 91' lang='lat' dir='ltr'>deinde</span> <span class='ocrx_word' id='word_1_144' title='bbox 1263 2679 1417 2746; x_wconf 88' lang='lat' dir='ltr'>suumin</span> <span class='ocrx_word' id='word_1_145' title='bbox 1446 2679 1667 2766; x_wconf 87' lang='lat' dir='ltr'>processione</span> 
     </span>
     <span class='ocr_line' id='line_1_20' title="bbox 435 2793 580 2855; baseline 0 -3"><span class='ocrx_word' id='word_1_146' title='bbox 435 2793 580 2855; x_wconf 89' lang='lat' dir='ltr'>sumant.</span> 
     </span>
    </p>

    <p class='ocr_par' dir='ltr' id='par_1_6' title="bbox 433 2893 1666 3178">
     <span class='ocr_line' id='line_1_21' title="bbox 522 2893 1666 2981; baseline 0.003 -21"><span class='ocrx_word' id='word_1_147' title='bbox 522 2893 575 2960; x_wconf 87' lang='lat'>75.</span> <span class='ocrx_word' id='word_1_148' title='bbox 601 2894 634 2960; x_wconf 92' lang='lat' dir='ltr'>Si</span> <span class='ocrx_word' id='word_1_149' title='bbox 659 2894 779 2960; x_wconf 83' lang='lat' dir='ltr'>Clarus</span> <span class='ocrx_word' id='word_1_150' title='bbox 803 2894 907 2960; x_wconf 84' lang='lat' dir='ltr'>fuerit</span> <span class='ocrx_word' id='word_1_151' title='bbox 930 2910 1138 2970; x_wconf 89' lang='lat' dir='ltr'>numerosus,</span> <span class='ocrx_word' id='word_1_152' title='bbox 1163 2896 1287 2980; x_wconf 87' lang='lat' dir='ltr'>poterit</span> <span class='ocrx_word' id='word_1_153' title='bbox 1310 2893 1456 2961; x_wconf 90' lang='lat' dir='ltr'>ordinari</span> <span class='ocrx_word' id='word_1_154' title='bbox 1490 2897 1666 2981; x_wconf 79' lang='lat' dir='ltr'>processio</span> 
     </span>
     <span class='ocr_line' id='line_1_22' title="bbox 433 2999 1665 3090; baseline 0.001 -21"><span class='ocrx_word' id='word_1_155' title='bbox 433 3023 493 3090; x_wconf 92' lang='lat' dir='ltr'>per</span> <span class='ocrx_word' id='word_1_156' title='bbox 516 3003 693 3069; x_wconf 88' lang='lat' dir='ltr'>ecclesiam</span> <span class='ocrx_word' id='word_1_157' title='bbox 716 3007 750 3067; x_wconf 89' lang='lat' dir='ltr'>et.</span> <span class='ocrx_word' id='word_1_158' title='bbox 772 3000 815 3067; x_wconf 93' lang='lat' dir='ltr'>ad</span> <span class='ocrx_word' id='word_1_159' title='bbox 837 3000 957 3066; x_wconf 83' lang='lat' dir='ltr'>Altare</span> <span class='ocrx_word' id='word_1_160' title='bbox 981 3002 1087 3066; x_wconf 91' lang='lat' dir='ltr'>maius</span> <span class='ocrx_word' id='word_1_161' title='bbox 1111 2999 1284 3088; x_wconf 86' lang='lat' dir='ltr'>proticisci,</span> <span class='ocrx_word' id='word_1_162' title='bbox 1302 3023 1366 3087; x_wconf 94' lang='lat' dir='ltr'>quo</span> <span class='ocrx_word' id='word_1_163' title='bbox 1383 3001 1499 3069; x_wconf 92' lang='lat' dir='ltr'>ordine</span> <span class='ocrx_word' id='word_1_164' title='bbox 1516 3001 1665 3070; x_wconf 83' lang='lat' dir='ltr'>inferius</span> 
     </span>
     <span class='ocr_line' id='line_1_23' title="bbox 433 3109 667 3178; baseline 0 -4"><span class='ocrx_word' id='word_1_165' title='bbox 433 3109 667 3178; x_wconf 88' lang='lat' dir='ltr'>describemus.</span> 
     </span>
    </p>

    <p class='ocr_par' dir='ltr' id='par_1_7' title="bbox 432 3213 1663 3410">
     <span class='ocr_line' id='line_1_24' title="bbox 520 3213 1662 3304; baseline -0.001 -19"><span class='ocrx_word' id='word_1_166' title='bbox 520 3219 573 3285; x_wconf 86' lang='grc'>76.</span> <span class='ocrx_word' id='word_1_167' title='bbox 598 3216 785 3283; x_wconf 89' lang='lat' dir='ltr'>Thuribulo</span> <span class='ocrx_word' id='word_1_168' title='bbox 808 3236 829 3280; x_wconf 92' lang='lat' dir='ltr'>a</span> <span class='ocrx_word' id='word_1_169' title='bbox 851 3215 997 3280; x_wconf 92' lang='lat' dir='ltr'>Diacono</span> <span class='ocrx_word' id='word_1_170' title='bbox 1020 3213 1160 3292; x_wconf 89' lang='lat' dir='ltr'>reddito,</span> <span class='ocrx_word' id='word_1_171' title='bbox 1178 3222 1343 3304; x_wconf 88' lang='lat' dir='ltr'>utsupra,</span> <span class='ocrx_word' id='word_1_172' title='bbox 1365 3216 1662 3284; x_wconf 73' lang='lat' dir='ltr'>caeremoniarins</span> 
     </span>
     <span class='ocr_line' id='line_1_25' title="bbox 432 3323 1663 3410; baseline -0.002 -16"><span class='ocrx_word' id='word_1_173' title='bbox 432 3329 545 3394; x_wconf 83' lang='lat' dir='ltr'>velum</span> <span class='ocrx_word' id='word_1_174' title='bbox 568 3325 742 3392; x_wconf 89' lang='lat' dir='ltr'>humerale</span> <span class='ocrx_word' id='word_1_175' title='bbox 764 3327 873 3390; x_wconf 89' lang='lat' dir='ltr'>sumet</span> <span class='ocrx_word' id='word_1_176' title='bbox 887 3343 927 3388; x_wconf 90' lang='lat' dir='ltr'>ac</span> <span class='ocrx_word' id='word_1_177' title='bbox 944 3323 1153 3389; x_wconf 75' lang='lat' dir='ltr'>celebrantis</span> <span class='ocrx_word' id='word_1_178' title='bbox 1170 3325 1318 3389; x_wconf 89' lang='lat' dir='ltr'>humeris</span> <span class='ocrx_word' id='word_1_179' title='bbox 1339 3325 1493 3410; x_wconf 75' lang='lat' dir='ltr'>imponet</span> <span class='ocrx_word' id='word_1_180' title='bbox 1512 3323 1663 3391; x_wconf 90' lang='lat' dir='ltr'>Subdia-</span> 
     </span>
    </p>
   </div>
   <div class='ocr_carea' id='block_1_5' title="bbox 306 3429 1664 3524">
    <p class='ocr_par' dir='ltr' id='par_1_8' title="bbox 306 3429 1664 3524">
     <span class='ocr_line' id='line_1_26' title="bbox 306 3429 1664 3524; baseline -0.003 -22"><span class='ocrx_word' id='word_1_181' title='bbox 306 3511 315 3524; x_wconf 29' lang='lat'>⁸</span> <span class='ocrx_word' id='word_1_182' title='bbox 431 3456 535 3502; x_wconf 90' lang='lat' dir='ltr'>conus</span> <span class='ocrx_word' id='word_1_183' title='bbox 558 3433 643 3500; x_wconf 92' lang='lat' dir='ltr'>illud</span> <span class='ocrx_word' id='word_1_184' title='bbox 666 3431 820 3517; x_wconf 80' lang='lat' dir='ltr'>alligabit</span> <span class='ocrx_word' id='word_1_185' title='bbox 834 3437 913 3496; x_wconf 87' lang='lat' dir='ltr'>ante</span> <span class='ocrx_word' id='word_1_186' title='bbox 936 3434 1053 3516; x_wconf 91' lang='lat' dir='ltr'>pectus</span> <span class='ocrx_word' id='word_1_187' title='bbox 1077 3429 1297 3497; x_wconf 75' lang='lat' dir='ltr'>celebrantis:</span> <span class='ocrx_word' id='word_1_188' title='bbox 1315 3430 1479 3498; x_wconf 85' lang='lat' dir='ltr'>Diaconos</span> <span class='ocrx_word' id='word_1_189' title='bbox 1495 3431 1664 3500; x_wconf 87' lang='lat' dir='ltr'>ascendet</span> 
     </span>
    </p>
   </div>
   <div class='ocr_carea' id='block_1_6' title="bbox 430 3536 1666 4809">
    <p class='ocr_par' dir='ltr' id='par_1_9' title="bbox 430 3536 1666 4809">
     <span class='ocr_line' id='line_1_27' title="bbox 431 3536 1663 3626; baseline -0.002 -18"><span class='ocrx_word' id='word_1_190' title='bbox 431 3543 471 3608; x_wconf 85' lang='lat' dir='ltr'>ad</span> <span class='ocrx_word' id='word_1_191' title='bbox 497 3542 625 3619; x_wconf 79' lang='lat' dir='ltr'>Altero,</span> <span class='ocrx_word' id='word_1_192' title='bbox 650 3536 854 3626; x_wconf 81' lang='lat' dir='ltr'>genuflectet</span> <span class='ocrx_word' id='word_1_193' title='bbox 876 3539 910 3604; x_wconf 93' lang='lat' dir='ltr'>in</span> <span class='ocrx_word' id='word_1_194' title='bbox 934 3537 1144 3625; x_wconf 90' lang='lat' dir='ltr'>suppedaneo</span> <span class='ocrx_word' id='word_1_195' title='bbox 1169 3538 1321 3624; x_wconf 89' lang='lat' dir='ltr'>paullum</span> <span class='ocrx_word' id='word_1_196' title='bbox 1343 3558 1365 3604; x_wconf 82' lang='lat' dir='ltr'>a</span> <span class='ocrx_word' id='word_1_197' title='bbox 1386 3537 1570 3616; x_wconf 73' lang='lat' dir='ltr'>laterano</span> <span class='ocrx_word' id='word_1_198' title='bbox 1587 3544 1663 3606; x_wconf 84' lang='lat' dir='ltr'>ter-</span> 
     </span>
     <span class='ocr_line' id='line_1_28' title="bbox 432 3643 1662 3736; baseline -0.002 -20"><span class='ocrx_word' id='word_1_199' title='bbox 432 3669 510 3736; x_wconf 79' lang='lat' dir='ltr'>gum</span> <span class='ocrx_word' id='word_1_200' title='bbox 528 3653 639 3714; x_wconf 86' lang='lat' dir='ltr'>vertat</span> <span class='ocrx_word' id='word_1_201' title='bbox 655 3647 858 3722; x_wconf 79' lang='lat' dir='ltr'>celebranti,</span> <span class='ocrx_word' id='word_1_202' title='bbox 875 3644 995 3711; x_wconf 86' lang='lat' dir='ltr'>educet</span> <span class='ocrx_word' id='word_1_203' title='bbox 1010 3663 1055 3710; x_wconf 85' lang='lat' dir='ltr'>ex</span> <span class='ocrx_word' id='word_1_204' title='bbox 1071 3663 1157 3710; x_wconf 90' lang='lat' dir='ltr'>urna</span> <span class='ocrx_word' id='word_1_205' title='bbox 1173 3644 1319 3712; x_wconf 83' lang='lat' dir='ltr'>Oalicem</span> <span class='ocrx_word' id='word_1_206' title='bbox 1335 3665 1410 3712; x_wconf 90' lang='lat' dir='ltr'>cum</span> <span class='ocrx_word' id='word_1_207' title='bbox 1427 3643 1662 3724; x_wconf 81' lang='lat' dir='ltr'>Sacramenta,</span> 
     </span>
     <span class='ocr_line' id='line_1_29' title="bbox 432 3751 1666 3840; baseline -0.001 -17"><span class='ocrx_word' id='word_1_208' title='bbox 432 3765 467 3824; x_wconf 93' lang='lat' dir='ltr'>et</span> <span class='ocrx_word' id='word_1_209' title='bbox 489 3757 630 3822; x_wconf 84' lang='lat' dir='ltr'>dextera</span> <span class='ocrx_word' id='word_1_210' title='bbox 651 3760 825 3840; x_wconf 85' lang='lat' dir='ltr'>acceptum</span> <span class='ocrx_word' id='word_1_211' title='bbox 847 3753 938 3818; x_wconf 84' lang='lat' dir='ltr'>intra</span> <span class='ocrx_word' id='word_1_212' title='bbox 960 3771 1109 3838; x_wconf 88' lang='lat' dir='ltr'>cuppam,</span> <span class='ocrx_word' id='word_1_213' title='bbox 1126 3753 1263 3818; x_wconf 88' lang='lat' dir='ltr'>sinistra</span> <span class='ocrx_word' id='word_1_214' title='bbox 1278 3751 1367 3818; x_wconf 81' lang='lat' dir='ltr'>intra</span> <span class='ocrx_word' id='word_1_215' title='bbox 1383 3751 1508 3839; x_wconf 90' lang='lat' dir='ltr'>pedem,</span> <span class='ocrx_word' id='word_1_216' title='bbox 1527 3773 1565 3820; x_wconf 89' lang='lat' dir='ltr'>se</span> <span class='ocrx_word' id='word_1_217' title='bbox 1583 3773 1666 3822; x_wconf 90' lang='lat' dir='ltr'>con·</span> 
     </span>
     <span class='ocr_line' id='line_1_30' title="bbox 431 3859 1661 3941; baseline -0.002 -9"><span class='ocrx_word' id='word_1_218' title='bbox 431 3871 577 3941; x_wconf 87' lang='lat' dir='ltr'>vertens,</span> <span class='ocrx_word' id='word_1_219' title='bbox 609 3861 720 3928; x_wconf 89' lang='lat' dir='ltr'>tradet</span> <span class='ocrx_word' id='word_1_220' title='bbox 750 3859 951 3927; x_wconf 79' lang='lat' dir='ltr'>celebranti.</span> <span class='ocrx_word' id='word_1_221' title='bbox 985 3859 1166 3925; x_wconf 82' lang='lat' dir='ltr'>Celebrans</span> <span class='ocrx_word' id='word_1_222' title='bbox 1200 3859 1353 3927; x_wconf 90' lang='lat' dir='ltr'>adorabit</span> <span class='ocrx_word' id='word_1_223' title='bbox 1389 3861 1661 3938; x_wconf 84' lang='lat' dir='ltr'>Sacramentum,</span> 
     </span>
     <span class='ocr_line' id='line_1_31' title="bbox 431 3965 1664 4061; baseline -0.002 -22"><span class='ocrx_word' id='word_1_224' title='bbox 431 3978 532 4061; x_wconf 91' lang='lat' dir='ltr'>ponet</span> <span class='ocrx_word' id='word_1_225' title='bbox 552 3971 693 4056; x_wconf 89' lang='lat' dir='ltr'>accipiet</span> <span class='ocrx_word' id='word_1_226' title='bbox 716 3968 861 4034; x_wconf 84' lang='lat' dir='ltr'>Calicem</span> <span class='ocrx_word' id='word_1_227' title='bbox 895 3967 1032 4033; x_wconf 91' lang='lat' dir='ltr'>sinistra</span> <span class='ocrx_word' id='word_1_228' title='bbox 1054 3966 1094 4034; x_wconf 89' lang='lat' dir='ltr'>ad</span> <span class='ocrx_word' id='word_1_229' title='bbox 1119 3965 1251 4044; x_wconf 88' lang='lat' dir='ltr'>nodum,</span> <span class='ocrx_word' id='word_1_230' title='bbox 1279 3974 1314 4034; x_wconf 90' lang='lat' dir='ltr'>et</span> <span class='ocrx_word' id='word_1_231' title='bbox 1341 3968 1483 4035; x_wconf 84' lang='lat' dir='ltr'>dextera</span> <span class='ocrx_word' id='word_1_232' title='bbox 1514 3973 1664 4036; x_wconf 86' lang='lat' dir='ltr'>extensa</span> 
     </span>
     <span class='ocr_line' id='line_1_32' title="bbox 431 4074 1661 4167; baseline 0 -22"><span class='ocrx_word' id='word_1_233' title='bbox 431 4099 532 4167; x_wconf 89' lang='lat' dir='ltr'>super</span> <span class='ocrx_word' id='word_1_234' title='bbox 554 4082 708 4164; x_wconf 90' lang='lat' dir='ltr'>patenam</span> <span class='ocrx_word' id='word_1_235' title='bbox 724 4085 758 4140; x_wconf 88' lang='lat' dir='ltr'>et</span> <span class='ocrx_word' id='word_1_236' title='bbox 773 4081 938 4159; x_wconf 85' lang='lat' dir='ltr'>assurget:</span> <span class='ocrx_word' id='word_1_237' title='bbox 959 4074 1125 4140; x_wconf 90' lang='lat' dir='ltr'>Diaconus</span> <span class='ocrx_word' id='word_1_238' title='bbox 1141 4075 1415 4142; x_wconf 85' lang='lat' dir='ltr'>extremitatibus·</span> <span class='ocrx_word' id='word_1_239' title='bbox 1428 4076 1661 4144; x_wconf 85' lang='lat' dir='ltr'>anterioribus</span> 
     </span>
     <span class='ocr_line' id='line_1_33' title="bbox 430 4181 1662 4269; baseline -0.001 -16"><span class='ocrx_word' id='word_1_240' title='bbox 430 4189 497 4253; x_wconf 84' lang='lat' dir='ltr'>veli</span> <span class='ocrx_word' id='word_1_241' title='bbox 521 4183 703 4252; x_wconf 88' lang='lat' dir='ltr'>humeralis</span> <span class='ocrx_word' id='word_1_242' title='bbox 726 4184 855 4269; x_wconf 89' lang='lat' dir='ltr'>operiet</span> <span class='ocrx_word' id='word_1_243' title='bbox 880 4181 1026 4249; x_wconf 82' lang='lat' dir='ltr'>Calicem</span> <span class='ocrx_word' id='word_1_244' title='bbox 1050 4201 1233 4267; x_wconf 87' lang='lat' dir='ltr'>manusque</span> <span class='ocrx_word' id='word_1_245' title='bbox 1261 4181 1471 4249; x_wconf 84' lang='lat' dir='ltr'>Galebrantis</span> <span class='ocrx_word' id='word_1_246' title='bbox 1494 4187 1530 4248; x_wconf 89' lang='lat' dir='ltr'>et</span> <span class='ocrx_word' id='word_1_247' title='bbox 1552 4203 1662 4268; x_wconf 81' lang='lat' dir='ltr'>genn·</span> 
     </span>
     <span class='ocr_line' id='line_1_34' title="bbox 430 4289 1660 4377; baseline 0 -19"><span class='ocrx_word' id='word_1_248' title='bbox 430 4293 552 4361; x_wconf 85' lang='lat' dir='ltr'>flectet.</span> <span class='ocrx_word' id='word_1_249' title='bbox 578 4293 758 4361; x_wconf 80' lang='lat' dir='ltr'>Celebrans</span> <span class='ocrx_word' id='word_1_250' title='bbox 783 4312 858 4357; x_wconf 87' lang='lat' dir='ltr'>cum</span> <span class='ocrx_word' id='word_1_251' title='bbox 889 4291 1052 4357; x_wconf 89' lang='lat' dir='ltr'>Ministris</span> <span class='ocrx_word' id='word_1_252' title='bbox 1083 4312 1202 4358; x_wconf 85' lang='lat' dir='ltr'>versus</span> <span class='ocrx_word' id='word_1_253' title='bbox 1235 4290 1392 4377; x_wconf 91' lang='lat' dir='ltr'>populum</span> <span class='ocrx_word' id='word_1_254' title='bbox 1409 4289 1660 4370; x_wconf 83' lang='lat' dir='ltr'>convertetur,</span> 
     </span>
     <span class='ocr_line' id='line_1_35' title="bbox 431 4397 1662 4487; baseline 0.002 -21"><span class='ocrx_word' id='word_1_255' title='bbox 431 4405 606 4487; x_wconf 87' lang='lat' dir='ltr'>statimque</span> <span class='ocrx_word' id='word_1_256' title='bbox 622 4406 778 4467; x_wconf 87' lang='lat' dir='ltr'>cantores</span> <span class='ocrx_word' id='word_1_257' title='bbox 794 4405 931 4464; x_wconf 88' lang='lat' dir='ltr'>cantare</span> <span class='ocrx_word' id='word_1_258' title='bbox 947 4400 1105 4486; x_wconf 90' lang='lat' dir='ltr'>incipient</span> <span class='ocrx_word' id='word_1_259' title='bbox 1120 4399 1282 4483; x_wconf 85' lang='lat' dir='ltr'>hymnum</span> <span class='ocrx_word' id='word_1_260' title='bbox 1305 4397 1443 4466; x_wconf 70' lang='lat' dir='ltr'>Vecillo</span> <span class='ocrx_word' id='word_1_261' title='bbox 1458 4397 1557 4483; x_wconf 69' lang='lat' dir='ltr'>repis</span> <span class='ocrx_word' id='word_1_262' title='bbox 1574 4417 1662 4482; x_wconf 82' lang='lat' dir='ltr'>pro·</span> 
     </span>
     <span class='ocr_line' id='line_1_36' title="bbox 431 4504 1658 4594; baseline 0 -22"><span class='ocrx_word' id='word_1_263' title='bbox 431 4509 540 4576; x_wconf 81' lang='lat' dir='ltr'>docnt</span> <span class='ocrx_word' id='word_1_264' title='bbox 562 4518 624 4576; x_wconf 90' lang='lat' dir='ltr'>etc.</span> <span class='ocrx_word' id='word_1_265' title='bbox 649 4529 747 4594; x_wconf 90' lang='lat' dir='ltr'>quem</span> <span class='ocrx_word' id='word_1_266' title='bbox 769 4508 988 4594; x_wconf 88' lang='lat' dir='ltr'>processionis</span> <span class='ocrx_word' id='word_1_267' title='bbox 1012 4513 1161 4593; x_wconf 88' lang='lat' dir='ltr'>tempore</span> <span class='ocrx_word' id='word_1_268' title='bbox 1185 4511 1442 4592; x_wconf 86' lang='lat' dir='ltr'>prosequentur.</span> <span class='ocrx_word' id='word_1_269' title='bbox 1468 4504 1658 4572; x_wconf 76' lang='lat' dir='ltr'>celebrans</span> 
     </span>
     <span class='ocr_line' id='line_1_37' title="bbox 432 4609 1662 4700; baseline 0.001 -23"><span class='ocrx_word' id='word_1_270' title='bbox 432 4615 557 4680; x_wconf 87' lang='lat' dir='ltr'>medius</span> <span class='ocrx_word' id='word_1_271' title='bbox 581 4619 669 4683; x_wconf 85' lang='lat' dir='ltr'>inter</span> <span class='ocrx_word' id='word_1_272' title='bbox 691 4617 873 4691; x_wconf 89' lang='lat' dir='ltr'>Ministros,</span> <span class='ocrx_word' id='word_1_273' title='bbox 891 4616 945 4700; x_wconf 90' lang='lat' dir='ltr'>qui</span> <span class='ocrx_word' id='word_1_274' title='bbox 961 4615 1083 4681; x_wconf 87' lang='lat' dir='ltr'>iunctis</span> <span class='ocrx_word' id='word_1_275' title='bbox 1103 4614 1254 4680; x_wconf 89' lang='lat' dir='ltr'>manibus</span> <span class='ocrx_word' id='word_1_276' title='bbox 1279 4612 1444 4687; x_wconf 90' lang='lat' dir='ltr'>incedent,</span> <span class='ocrx_word' id='word_1_277' title='bbox 1468 4609 1662 4698; x_wconf 78' lang='lat' dir='ltr'>proficisca-</span> 
     </span>
     <span class='ocr_line' id='line_1_38' title="bbox 431 4717 1452 4809; baseline 0 -23"><span class='ocrx_word' id='word_1_278' title='bbox 431 4727 489 4786; x_wconf 87' lang='lat' dir='ltr'>tur</span> <span class='ocrx_word' id='word_1_279' title='bbox 512 4723 545 4785; x_wconf 92' lang='lat' dir='ltr'>in</span> <span class='ocrx_word' id='word_1_280' title='bbox 568 4726 821 4806; x_wconf 88' lang='lat' dir='ltr'>processionem,</span> <span class='ocrx_word' id='word_1_281' title='bbox 846 4745 930 4809; x_wconf 89' lang='lat' dir='ltr'>quae</span> <span class='ocrx_word' id='word_1_282' title='bbox 953 4723 1104 4806; x_wconf 88' lang='lat' dir='ltr'>sequenti</span> <span class='ocrx_word' id='word_1_283' title='bbox 1127 4721 1224 4788; x_wconf 91' lang='lat' dir='ltr'>modo</span> <span class='ocrx_word' id='word_1_284' title='bbox 1247 4717 1452 4808; x_wconf 92' lang='lat' dir='ltr'>disponetur.</span> 
     </span>
    </p>
   </div>
   <div class='ocr_carea' id='block_1_7' title="bbox 0 0 2092 5717">
    <p class='ocr_par' dir='ltr' id='par_1_10' title="bbox 0 0 2092 5717">
     <span class='ocr_line' id='line_1_39' title="bbox 0 0 2092 5717; baseline 0 3"><span class='ocrx_word' id='word_1_285' title='bbox 0 0 2092 5717; x_wconf 95' lang='lat' dir='ltr'> </span> 
     </span>
    </p>
   </div>
  </div>
 </body>
</html>
