<?xml version="1.0" encoding="UTF-8"?>
<!DOCTYPE html PUBLIC "-//W3C//DTD XHTML 1.0 Transitional//EN"
    "http://www.w3.org/TR/xhtml1/DTD/xhtml1-transitional.dtd">
<html xmlns="http://www.w3.org/1999/xhtml" xml:lang="en" lang="en">
 <head>
  <title>
</title>
<meta http-equiv="Content-Type" content="text/html;charset=utf-8" />
  <meta name='ocr-system' content='tesseract 3.04.00' />
  <meta name='ocr-capabilities' content='ocr_page ocr_carea ocr_par ocr_line ocrx_word'/>
</head>
<body>
  <div class='ocr_page' id='page_1' title='image "./manualesacrarum00martgoog_0698.png"; bbox 0 0 4175 5717; ppageno 0'>
   <div class='ocr_carea' id='block_1_1' title="bbox 516 699 1099 765">
    <p class='ocr_par' dir='ltr' id='par_1_1' title="bbox 516 699 1099 765">
     <span class='ocr_line' id='line_1_1' title="bbox 516 699 1099 765; baseline 0.003 -4"><span class='ocrx_word' id='word_1_1' title='bbox 516 699 582 762; x_wconf 83' lang='grc'><strong>3116</strong></span> <span class='ocrx_word' id='word_1_2' title='bbox 974 719 1039 765; x_wconf 80' lang='lat' dir='ltr'>ors.</span> <span class='ocrx_word' id='word_1_3' title='bbox 1066 719 1099 764; x_wconf 88' lang='lat'>11.</span> 
     </span>
    </p>
   </div>
   <div class='ocr_carea' id='block_1_2' title="bbox 430 825 1657 1876">
    <p class='ocr_par' dir='ltr' id='par_1_2' title="bbox 430 825 1653 1448">
     <span class='ocr_line' id='line_1_2' title="bbox 430 825 1648 912; baseline 0.001 -21"><span class='ocrx_word' id='word_1_4' title='bbox 430 825 661 891; x_wconf 82' lang='lat' dir='ltr'>conventualis</span> <span class='ocrx_word' id='word_1_5' title='bbox 685 829 760 912; x_wconf 91' lang='lat' dir='ltr'>post</span> <span class='ocrx_word' id='word_1_6' title='bbox 782 826 898 890; x_wconf 92' lang='lat' dir='ltr'>horam</span> <span class='ocrx_word' id='word_1_7' title='bbox 922 827 1116 891; x_wconf 89' lang='lat' dir='ltr'>canonicam</span> <span class='ocrx_word' id='word_1_8' title='bbox 1140 831 1309 892; x_wconf 87' lang='lat' dir='ltr'>statutam.</span> <span class='ocrx_word' id='word_1_9' title='bbox 1335 825 1459 892; x_wconf 85' lang='lat' dir='ltr'>Deinde</span> <span class='ocrx_word' id='word_1_10' title='bbox 1476 827 1506 892; x_wconf 89' lang='lat' dir='ltr'>si</span> <span class='ocrx_word' id='word_1_11' title='bbox 1519 826 1648 906; x_wconf 87' lang='lat' dir='ltr'>licebit,</span> 
     </span>
     <span class='ocr_line' id='line_1_3' title="bbox 430 932 1653 1018; baseline 0.003 -22"><span class='ocrx_word' id='word_1_12' title='bbox 430 934 539 997; x_wconf 87' lang='lat' dir='ltr'>sensi</span> <span class='ocrx_word' id='word_1_13' title='bbox 570 953 764 998; x_wconf 88' lang='lat' dir='ltr'>concessum</span> <span class='ocrx_word' id='word_1_14' title='bbox 787 934 852 997; x_wconf 89' lang='lat' dir='ltr'>erit</span> <span class='ocrx_word' id='word_1_15' title='bbox 881 951 924 997; x_wconf 85' lang='lat' dir='ltr'>ex</span> <span class='ocrx_word' id='word_1_16' title='bbox 956 932 1143 1018; x_wconf 84' lang='lat' dir='ltr'>privilegio,</span> <span class='ocrx_word' id='word_1_17' title='bbox 1180 933 1371 998; x_wconf 85' lang='lat' dir='ltr'>cantabitur</span> <span class='ocrx_word' id='word_1_18' title='bbox 1399 933 1501 1000; x_wconf 88' lang='lat' dir='ltr'>Missa</span> <span class='ocrx_word' id='word_1_19' title='bbox 1534 935 1653 1000; x_wconf 84' lang='lat' dir='ltr'>votiva</span> 
     </span>
     <span class='ocr_line' id='line_1_4' title="bbox 430 1038 1652 1126; baseline 0.005 -24"><span class='ocrx_word' id='word_1_20' title='bbox 430 1041 586 1105; x_wconf 86' lang='lat' dir='ltr'>solemnis</span> <span class='ocrx_word' id='word_1_21' title='bbox 611 1039 652 1104; x_wconf 92' lang='lat' dir='ltr'>de</span> <span class='ocrx_word' id='word_1_22' title='bbox 676 1038 761 1105; x_wconf 83' lang='lat' dir='ltr'>festo</span> <span class='ocrx_word' id='word_1_23' title='bbox 785 1045 860 1126; x_wconf 88' lang='lat' dir='ltr'>post</span> <span class='ocrx_word' id='word_1_24' title='bbox 883 1039 1018 1112; x_wconf 81' lang='lat' dir='ltr'>Nonam,</span> <span class='ocrx_word' id='word_1_25' title='bbox 1043 1059 1082 1104; x_wconf 85' lang='lat' dir='ltr'>ac</span> <span class='ocrx_word' id='word_1_26' title='bbox 1107 1041 1133 1104; x_wconf 89' lang='lat' dir='ltr'>si</span> <span class='ocrx_word' id='word_1_27' title='bbox 1158 1040 1349 1105; x_wconf 87' lang='lat' dir='ltr'>cantabitur</span> <span class='ocrx_word' id='word_1_28' title='bbox 1372 1041 1455 1106; x_wconf 92' lang='lat' dir='ltr'>haec</span> <span class='ocrx_word' id='word_1_29' title='bbox 1480 1041 1585 1108; x_wconf 84' lang='lat' dir='ltr'>Missa</span> <span class='ocrx_word' id='word_1_30' title='bbox 1615 1043 1652 1108; x_wconf 91' lang='lat' dir='ltr'>in</span> 
     </span>
     <span class='ocr_line' id='line_1_5' title="bbox 431 1145 1651 1233; baseline 0.001 -20"><span class='ocrx_word' id='word_1_31' title='bbox 431 1146 624 1213; x_wconf 76' lang='lat' dir='ltr'>Cat-hedrali</span> <span class='ocrx_word' id='word_1_32' title='bbox 647 1147 687 1210; x_wconf 91' lang='lat' dir='ltr'>ab</span> <span class='ocrx_word' id='word_1_33' title='bbox 711 1147 873 1233; x_wconf 86' lang='lat' dir='ltr'><strong>Episcopo</strong></span> <span class='ocrx_word' id='word_1_34' title='bbox 889 1145 1068 1223; x_wconf 74' lang='lat' dir='ltr'>enimenin,</span> <span class='ocrx_word' id='word_1_35' title='bbox 1086 1153 1164 1212; x_wconf 91' lang='lat' dir='ltr'>ante</span> <span class='ocrx_word' id='word_1_36' title='bbox 1181 1147 1314 1212; x_wconf 85' lang='lat' dir='ltr'>Missam</span> <span class='ocrx_word' id='word_1_37' title='bbox 1332 1147 1525 1214; x_wconf 89' lang='lat' dir='ltr'>cantabitur</span> <span class='ocrx_word' id='word_1_38' title='bbox 1543 1148 1651 1224; x_wconf 84' lang='lat' dir='ltr'>Nona,</span> 
     </span>
     <span class='ocr_line' id='line_1_6' title="bbox 430 1253 1652 1342; baseline 0.002 -23"><span class='ocrx_word' id='word_1_39' title='bbox 430 1276 495 1340; x_wconf 87' lang='lat' dir='ltr'>qua</span> <span class='ocrx_word' id='word_1_40' title='bbox 517 1254 680 1330; x_wconf 88' lang='lat' dir='ltr'>absoluta,</span> <span class='ocrx_word' id='word_1_41' title='bbox 706 1253 827 1320; x_wconf 85' lang='lat' dir='ltr'>Clerus</span> <span class='ocrx_word' id='word_1_42' title='bbox 850 1261 885 1320; x_wconf 93' lang='lat' dir='ltr'>et</span> <span class='ocrx_word' id='word_1_43' title='bbox 908 1256 1091 1340; x_wconf 81' lang='lat' dir='ltr'>Episcopus</span> <span class='ocrx_word' id='word_1_44' title='bbox 1114 1256 1316 1340; x_wconf 80' lang='lat' dir='ltr'>paramentis</span> <span class='ocrx_word' id='word_1_45' title='bbox 1340 1255 1534 1332; x_wconf 82' lang='lat' dir='ltr'>induentur,</span> <span class='ocrx_word' id='word_1_46' title='bbox 1565 1277 1652 1342; x_wconf 89' lang='lat' dir='ltr'>que-</span> 
     </span>
     <span class='ocr_line' id='line_1_7' title="bbox 431 1361 1513 1448; baseline 0.003 -22"><span class='ocrx_word' id='word_1_47' title='bbox 431 1361 637 1426; x_wconf 90' lang='lat' dir='ltr'>madmodum</span> <span class='ocrx_word' id='word_1_48' title='bbox 661 1361 863 1447; x_wconf 77' lang='lat' dir='ltr'>peculiarius</span> <span class='ocrx_word' id='word_1_49' title='bbox 888 1361 1042 1428; x_wconf 85' lang='lat' dir='ltr'>tradetur</span> <span class='ocrx_word' id='word_1_50' title='bbox 1066 1382 1135 1448; x_wconf 89' lang='lat' dir='ltr'>cap.</span> <span class='ocrx_word' id='word_1_51' title='bbox 1162 1363 1219 1428; x_wconf 90' lang='lat' dir='ltr'>XI.</span> <span class='ocrx_word' id='word_1_52' title='bbox 1244 1369 1369 1448; x_wconf 88' lang='lat' dir='ltr'>etseq.</span> <span class='ocrx_word' id='word_1_53' title='bbox 1395 1362 1452 1429; x_wconf 93' lang='lat' dir='ltr'>lib.</span> <span class='ocrx_word' id='word_1_54' title='bbox 1472 1363 1513 1428; x_wconf 84' lang='lat' dir='ltr'>V.</span> 
     </span>
    </p>

    <p class='ocr_par' dir='ltr' id='par_1_3' title="bbox 431 1467 1657 1876">
     <span class='ocr_line' id='line_1_8' title="bbox 522 1467 1657 1556; baseline 0.004 -24"><span class='ocrx_word' id='word_1_55' title='bbox 522 1469 571 1534; x_wconf 72' lang='lat'>1⁶2.</span> <span class='ocrx_word' id='word_1_56' title='bbox 596 1469 687 1534; x_wconf 86' lang='lat' dir='ltr'>Haec</span> <span class='ocrx_word' id='word_1_57' title='bbox 708 1488 814 1554; x_wconf 88' lang='lat' dir='ltr'>pauca</span> <span class='ocrx_word' id='word_1_58' title='bbox 837 1471 961 1534; x_wconf 91' lang='lat' dir='ltr'>monita</span> <span class='ocrx_word' id='word_1_59' title='bbox 983 1467 1175 1534; x_wconf 87' lang='lat' dir='ltr'>confidimus</span> <span class='ocrx_word' id='word_1_60' title='bbox 1192 1469 1266 1534; x_wconf 87' lang='lat' dir='ltr'>sore</span> <span class='ocrx_word' id='word_1_61' title='bbox 1282 1473 1319 1534; x_wconf 89' lang='lat' dir='ltr'>ut</span> <span class='ocrx_word' id='word_1_62' title='bbox 1334 1471 1464 1556; x_wconf 89' lang='lat' dir='ltr'>possint</span> <span class='ocrx_word' id='word_1_63' title='bbox 1479 1477 1550 1536; x_wconf 92' lang='lat' dir='ltr'>tam</span> <span class='ocrx_word' id='word_1_64' title='bbox 1568 1471 1657 1536; x_wconf 91' lang='lat' dir='ltr'>mul·</span> 
     </span>
     <span class='ocr_line' id='line_1_9' title="bbox 431 1576 1654 1664; baseline 0.002 -22"><span class='ocrx_word' id='word_1_65' title='bbox 431 1585 483 1642; x_wconf 89' lang='lat' dir='ltr'>tas</span> <span class='ocrx_word' id='word_1_66' title='bbox 506 1577 682 1643; x_wconf 86' lang='lat' dir='ltr'>abusiones</span> <span class='ocrx_word' id='word_1_67' title='bbox 705 1576 746 1643; x_wconf 91' lang='lat' dir='ltr'>de</span> <span class='ocrx_word' id='word_1_68' title='bbox 770 1577 875 1643; x_wconf 93' lang='lat' dir='ltr'>medio</span> <span class='ocrx_word' id='word_1_69' title='bbox 890 1577 1023 1653; x_wconf 88' lang='lat' dir='ltr'>tollere,</span> <span class='ocrx_word' id='word_1_70' title='bbox 1041 1597 1125 1661; x_wconf 88' lang='lat' dir='ltr'>quae</span> <span class='ocrx_word' id='word_1_71' title='bbox 1141 1579 1261 1663; x_wconf 90' lang='lat' dir='ltr'>partim</span> <span class='ocrx_word' id='word_1_72' title='bbox 1278 1579 1417 1656; x_wconf 75' lang='lat' dir='ltr'>inscitia,</span> <span class='ocrx_word' id='word_1_73' title='bbox 1435 1578 1560 1664; x_wconf 88' lang='lat' dir='ltr'>partim</span> <span class='ocrx_word' id='word_1_74' title='bbox 1576 1585 1654 1646; x_wconf 86' lang='lat' dir='ltr'>stu-</span> 
     </span>
     <span class='ocr_line' id='line_1_10' title="bbox 433 1683 1656 1770; baseline 0.002 -21"><span class='ocrx_word' id='word_1_75' title='bbox 433 1685 485 1749; x_wconf 89' lang='lat' dir='ltr'>dio</span> <span class='ocrx_word' id='word_1_76' title='bbox 509 1685 725 1750; x_wconf 85' lang='lat' dir='ltr'>immoderato</span> <span class='ocrx_word' id='word_1_77' title='bbox 750 1683 926 1750; x_wconf 85' lang='lat' dir='ltr'>identidem</span> <span class='ocrx_word' id='word_1_78' title='bbox 950 1685 1165 1760; x_wconf 87' lang='lat' dir='ltr'>invehuntur,</span> <span class='ocrx_word' id='word_1_79' title='bbox 1190 1704 1340 1770; x_wconf 86' lang='lat' dir='ltr'>quaeque</span> <span class='ocrx_word' id='word_1_80' title='bbox 1363 1687 1497 1752; x_wconf 90' lang='lat' dir='ltr'>nomine</span> <span class='ocrx_word' id='word_1_81' title='bbox 1521 1707 1606 1752; x_wconf 86' lang='lat' dir='ltr'>usus</span> <span class='ocrx_word' id='word_1_82' title='bbox 1619 1691 1656 1752; x_wconf 92' lang='lat' dir='ltr'>et</span> 
     </span>
     <span class='ocr_line' id='line_1_11' title="bbox 433 1791 1250 1876; baseline -0.002 -19"><span class='ocrx_word' id='word_1_83' title='bbox 433 1791 682 1858; x_wconf 86' lang='lat' dir='ltr'>consuetudinis</span> <span class='ocrx_word' id='word_1_84' title='bbox 706 1792 836 1876; x_wconf 86' lang='lat' dir='ltr'>quidam</span> <span class='ocrx_word' id='word_1_85' title='bbox 860 1792 1080 1857; x_wconf 82' lang='lat' dir='ltr'>cohonestare</span> <span class='ocrx_word' id='word_1_86' title='bbox 1104 1791 1250 1857; x_wconf 90' lang='lat' dir='ltr'>student.</span> 
     </span>
    </p>
   </div>
   <div class='ocr_carea' id='block_1_3' title="bbox 980 1935 1109 1948">
    <p class='ocr_par' dir='ltr' id='par_1_4' title="bbox 980 1935 1109 1948">
     <span class='ocr_line' id='line_1_12' title="bbox 980 1935 1109 1948; baseline 0.016 -2"><span class='ocrx_word' id='word_1_87' title='bbox 980 1935 1109 1948; x_wconf 72' lang='lat'>——-</span> 
     </span>
    </p>
   </div>
   <div class='ocr_carea' id='block_1_4' title="bbox 775 2111 1303 2170">
    <p class='ocr_par' dir='ltr' id='par_1_5' title="bbox 775 2111 1303 2170">
     <span class='ocr_line' id='line_1_13' title="bbox 775 2111 1303 2170; baseline 0 0"><span class='ocrx_word' id='word_1_88' title='bbox 775 2113 826 2169; x_wconf 86' lang='lat' dir='ltr'>DE</span> <span class='ocrx_word' id='word_1_89' title='bbox 846 2111 1303 2170; x_wconf 81' lang='lat' dir='ltr'>CONFRATERNITATIBUS</span> 
     </span>
    </p>
   </div>
   <div class='ocr_carea' id='block_1_5' title="bbox 898 2419 1188 2486">
    <p class='ocr_par' dir='ltr' id='par_1_6' title="bbox 898 2419 1188 2486">
     <span class='ocr_line' id='line_1_14' title="bbox 898 2419 1188 2486; baseline -0.01 0"><span class='ocrx_word' id='word_1_90' title='bbox 898 2419 1124 2486; x_wconf 83' lang='lat' dir='ltr'>APPENDIX</span> <span class='ocrx_word' id='word_1_91' title='bbox 1149 2419 1188 2484; x_wconf 92' lang='grc' dir='ltr'>ΙΙ.</span> 
     </span>
    </p>
   </div>
   <div class='ocr_carea' id='block_1_6' title="bbox 437 2571 1663 2848">
    <p class='ocr_par' dir='ltr' id='par_1_7' title="bbox 437 2571 1663 2848">
     <span class='ocr_line' id='line_1_15' title="bbox 441 2571 1662 2740; baseline 0 -20"><span class='ocrx_word' id='word_1_92' title='bbox 441 2657 468 2720; x_wconf 95' lang='grc'>1.</span> <span class='ocrx_word' id='word_1_93' title='bbox 494 2571 736 2730; x_wconf 75' lang='lat' dir='ltr'>Ordinarius</span> <span class='ocrx_word' id='word_1_94' title='bbox 760 2654 826 2718; x_wconf 93' lang='lat' dir='ltr'>loci</span> <span class='ocrx_word' id='word_1_95' title='bbox 849 2659 979 2732; x_wconf 81' lang='lat' dir='ltr'>tantum</span> <span class='ocrx_word' id='word_1_96' title='bbox 1002 2658 1201 2740; x_wconf 87' lang='lat' dir='ltr'>potestatem</span> <span class='ocrx_word' id='word_1_97' title='bbox 1224 2652 1324 2719; x_wconf 89' lang='lat' dir='ltr'>habet</span> <span class='ocrx_word' id='word_1_98' title='bbox 1348 2652 1662 2720; x_wconf 81' lang='lat' dir='ltr'>confraternitates</span> 
     </span>
     <span class='ocr_line' id='line_1_16' title="bbox 437 2760 1663 2848; baseline 0.002 -22"><span class='ocrx_word' id='word_1_99' title='bbox 437 2761 585 2846; x_wconf 86' lang='lat' dir='ltr'>erigendi</span> <span class='ocrx_word' id='word_1_100' title='bbox 609 2782 648 2826; x_wconf 93' lang='lat' dir='ltr'>ac</span> <span class='ocrx_word' id='word_1_101' title='bbox 672 2763 698 2826; x_wconf 90' lang='lat' dir='ltr'>si</span> <span class='ocrx_word' id='word_1_102' title='bbox 723 2762 847 2827; x_wconf 90' lang='lat' dir='ltr'>erectio</span> <span class='ocrx_word' id='word_1_103' title='bbox 877 2766 1013 2848; x_wconf 90' lang='lat' dir='ltr'>peracta</span> <span class='ocrx_word' id='word_1_104' title='bbox 1042 2766 1130 2826; x_wconf 90' lang='lat' dir='ltr'>esset</span> <span class='ocrx_word' id='word_1_105' title='bbox 1152 2761 1219 2826; x_wconf 91' lang='lat' dir='ltr'>alio</span> <span class='ocrx_word' id='word_1_106' title='bbox 1250 2760 1346 2826; x_wconf 91' lang='lat' dir='ltr'>modo</span> <span class='ocrx_word' id='word_1_107' title='bbox 1381 2767 1497 2847; x_wconf 89' lang='lat' dir='ltr'>suapte</span> <span class='ocrx_word' id='word_1_108' title='bbox 1533 2767 1663 2828; x_wconf 87' lang='lat' dir='ltr'>natura</span> 
     </span>
    </p>
   </div>
   <div class='ocr_carea' id='block_1_7' title="bbox 437 2871 1667 4004">
    <p class='ocr_par' dir='ltr' id='par_1_8' title="bbox 438 2871 618 2936">
     <span class='ocr_line' id='line_1_17' title="bbox 438 2871 618 2936; baseline -0.017 0"><span class='ocrx_word' id='word_1_109' title='bbox 438 2878 487 2936; x_wconf 82' lang='lat' dir='ltr'>est</span> <span class='ocrx_word' id='word_1_110' title='bbox 512 2871 618 2936; x_wconf 85' lang='lat' dir='ltr'>nulla.</span> 
     </span>
    </p>

    <p class='ocr_par' dir='ltr' id='par_1_9' title="bbox 437 2977 1663 3599">
     <span class='ocr_line' id='line_1_18' title="bbox 524 2977 1662 3062; baseline 0.001 -19"><span class='ocrx_word' id='word_1_111' title='bbox 524 2977 555 3043; x_wconf 83' lang='lat'>2.</span> <span class='ocrx_word' id='word_1_112' title='bbox 581 2977 615 3042; x_wconf 89' lang='lat' dir='ltr'>Si</span> <span class='ocrx_word' id='word_1_113' title='bbox 640 2977 941 3044; x_wconf 81' lang='lat' dir='ltr'>Confraternitates</span> <span class='ocrx_word' id='word_1_114' title='bbox 966 2979 1029 3040; x_wconf 91' lang='lat' dir='ltr'>iam</span> <span class='ocrx_word' id='word_1_115' title='bbox 1052 2983 1184 3042; x_wconf 88' lang='lat' dir='ltr'>erectae</span> <span class='ocrx_word' id='word_1_116' title='bbox 1207 2978 1384 3062; x_wconf 81' lang='lat' dir='ltr'>aggregari</span> <span class='ocrx_word' id='word_1_117' title='bbox 1409 2977 1662 3044; x_wconf 82' lang='lat' dir='ltr'>relintArchi-</span> 
     </span>
     <span class='ocr_line' id='line_1_19' title="bbox 437 3083 1663 3158; baseline 0 -8"><span class='ocrx_word' id='word_1_118' title='bbox 437 3086 518 3150; x_wconf 85' lang='lat' dir='ltr'>cont</span> <span class='ocrx_word' id='word_1_119' title='bbox 527 3087 707 3150; x_wconf 83' lang='lat' dir='ltr'>aternitati</span> <span class='ocrx_word' id='word_1_120' title='bbox 731 3085 855 3150; x_wconf 83' lang='lat' dir='ltr'>Romae</span> <span class='ocrx_word' id='word_1_121' title='bbox 879 3084 932 3150; x_wconf 80' lang='lat' dir='ltr'>rel</span> <span class='ocrx_word' id='word_1_122' title='bbox 950 3083 1029 3149; x_wconf 87' lang='lat' dir='ltr'>alibi</span> <span class='ocrx_word' id='word_1_123' title='bbox 1047 3085 1214 3158; x_wconf 87' lang='lat' dir='ltr'>existenti,</span> <span class='ocrx_word' id='word_1_124' title='bbox 1233 3103 1389 3150; x_wconf 88' lang='lat' dir='ltr'>assensus</span> <span class='ocrx_word' id='word_1_125' title='bbox 1407 3083 1580 3152; x_wconf 91' lang='lat' dir='ltr'>Ordinarii</span> <span class='ocrx_word' id='word_1_126' title='bbox 1604 3103 1663 3150; x_wconf 87' lang='lat' dir='ltr'>ex·</span> 
     </span>
     <span class='ocr_line' id='line_1_20' title="bbox 438 3190 1663 3278; baseline 0.002 -23"><span class='ocrx_word' id='word_1_127' title='bbox 438 3193 570 3278; x_wconf 85' lang='lat' dir='ltr'>plicitus</span> <span class='ocrx_word' id='word_1_128' title='bbox 593 3193 786 3274; x_wconf 89' lang='lat' dir='ltr'>requiritur,</span> <span class='ocrx_word' id='word_1_129' title='bbox 810 3197 910 3275; x_wconf 92' lang='lat' dir='ltr'>atque</span> <span class='ocrx_word' id='word_1_130' title='bbox 934 3196 972 3256; x_wconf 94' lang='lat' dir='ltr'>ut</span> <span class='ocrx_word' id='word_1_131' title='bbox 994 3192 1188 3276; x_wconf 84' lang='lat' dir='ltr'>aggregatio</span> <span class='ocrx_word' id='word_1_132' title='bbox 1213 3192 1256 3254; x_wconf 90' lang='lat' dir='ltr'>sit</span> <span class='ocrx_word' id='word_1_133' title='bbox 1280 3190 1400 3268; x_wconf 81' lang='lat' dir='ltr'>valida,</span> <span class='ocrx_word' id='word_1_134' title='bbox 1432 3191 1565 3256; x_wconf 87' lang='lat' dir='ltr'>serrari</span> <span class='ocrx_word' id='word_1_135' title='bbox 1598 3191 1663 3258; x_wconf 90' lang='lat' dir='ltr'>de-</span> 
     </span>
     <span class='ocr_line' id='line_1_21' title="bbox 437 3296 1660 3383; baseline 0.002 -21"><span class='ocrx_word' id='word_1_136' title='bbox 437 3300 517 3363; x_wconf 89' lang='lat' dir='ltr'>bent.</span> <span class='ocrx_word' id='word_1_137' title='bbox 540 3299 678 3382; x_wconf 86' lang='lat' dir='ltr'>regulae</span> <span class='ocrx_word' id='word_1_138' title='bbox 701 3298 740 3362; x_wconf 90' lang='lat' dir='ltr'>ad</span> <span class='ocrx_word' id='word_1_139' title='bbox 764 3298 944 3376; x_wconf 82' lang='lat' dir='ltr'>hancrem</span> <span class='ocrx_word' id='word_1_140' title='bbox 968 3299 1187 3383; x_wconf 86' lang='lat' dir='ltr'>praestitutae</span> <span class='ocrx_word' id='word_1_141' title='bbox 1211 3297 1380 3364; x_wconf 92' lang='lat' dir='ltr'>aSummo</span> <span class='ocrx_word' id='word_1_142' title='bbox 1397 3296 1561 3364; x_wconf 83' lang='lat' dir='ltr'>Pontifice</span> <span class='ocrx_word' id='word_1_143' title='bbox 1580 3297 1660 3364; x_wconf 84' lang='lat' dir='ltr'>Gle-</span> 
     </span>
     <span class='ocr_line' id='line_1_22' title="bbox 440 3403 1660 3490; baseline 0.002 -20"><span class='ocrx_word' id='word_1_144' title='bbox 440 3412 550 3470; x_wconf 87' lang='lat' dir='ltr'>mente</span> <span class='ocrx_word' id='word_1_145' title='bbox 573 3405 662 3469; x_wconf 88' lang='lat' dir='ltr'><strong>Vlll.</strong></span> <span class='ocrx_word' id='word_1_146' title='bbox 687 3407 720 3469; x_wconf 88' lang='lat' dir='ltr'>in</span> <span class='ocrx_word' id='word_1_147' title='bbox 744 3405 989 3472; x_wconf 78' lang='lat' dir='ltr'>Constitutione</span> <span class='ocrx_word' id='word_1_148' title='bbox 1017 3404 1264 3490; x_wconf 79' lang='lat' dir='ltr'>Quaecumque</span> <span class='ocrx_word' id='word_1_149' title='bbox 1286 3424 1307 3470; x_wconf 86' lang='lat' dir='ltr'>a</span> <span class='ocrx_word' id='word_1_150' title='bbox 1337 3403 1424 3472; x_wconf 83' lang='lat' dir='ltr'>Sede</span> <span class='ocrx_word' id='word_1_151' title='bbox 1454 3404 1660 3488; x_wconf 73' lang='lat' dir='ltr'>apostoliea</span> 
     </span>
     <span class='ocr_line' id='line_1_23' title="bbox 440 3511 1139 3599; baseline -0.003 -21"><span class='ocrx_word' id='word_1_152' title='bbox 440 3519 502 3578; x_wconf 90' lang='lat' dir='ltr'>etc.</span> <span class='ocrx_word' id='word_1_153' title='bbox 528 3512 605 3577; x_wconf 84' lang='lat' dir='ltr'>data</span> <span class='ocrx_word' id='word_1_154' title='bbox 628 3512 679 3578; x_wconf 89' lang='lat' dir='ltr'>die</span> <span class='ocrx_word' id='word_1_155' title='bbox 704 3514 842 3599; x_wconf 88' lang='lat' dir='ltr'>septima</span> <span class='ocrx_word' id='word_1_156' title='bbox 865 3511 1016 3577; x_wconf 89' lang='lat' dir='ltr'>Decemb.</span> <span class='ocrx_word' id='word_1_157' title='bbox 1044 3511 1139 3576; x_wconf 83' lang='grc'><strong>1604.</strong></span> 
     </span>
    </p>

    <p class='ocr_par' dir='ltr' id='par_1_10' title="bbox 441 3617 1667 4004">
     <span class='ocr_line' id='line_1_24' title="bbox 528 3617 1658 3702; baseline 0.004 -20"><span class='ocrx_word' id='word_1_158' title='bbox 528 3619 558 3682; x_wconf 89' lang='grc'>3.</span> <span class='ocrx_word' id='word_1_159' title='bbox 583 3617 635 3682; x_wconf 86' lang='lat' dir='ltr'>Ad</span> <span class='ocrx_word' id='word_1_160' title='bbox 657 3617 809 3683; x_wconf 85' lang='lat' dir='ltr'>vitandas</span> <span class='ocrx_word' id='word_1_161' title='bbox 833 3619 1043 3702; x_wconf 89' lang='lat' dir='ltr'>quaestiones</span> <span class='ocrx_word' id='word_1_162' title='bbox 1067 3637 1151 3700; x_wconf 91' lang='lat' dir='ltr'>quae</span> <span class='ocrx_word' id='word_1_163' title='bbox 1176 3620 1264 3682; x_wconf 92' lang='lat' dir='ltr'>inter</span> <span class='ocrx_word' id='word_1_164' title='bbox 1296 3617 1467 3684; x_wconf 89' lang='lat' dir='ltr'>Parochos</span> <span class='ocrx_word' id='word_1_165' title='bbox 1499 3617 1658 3696; x_wconf 70' lang='grc' dir='ltr'><strong>610οη-</strong></span> 
     </span>
     <span class='ocr_line' id='line_1_25' title="bbox 441 3723 1667 3792; baseline 0.002 -2"><span class='ocrx_word' id='word_1_166' title='bbox 441 3725 669 3792; x_wconf 86' lang='lat' dir='ltr'>sraternitates</span> <span class='ocrx_word' id='word_1_167' title='bbox 694 3725 932 3789; x_wconf 82' lang='lat' dir='ltr'>exoriebantur</span> <span class='ocrx_word' id='word_1_168' title='bbox 955 3723 994 3789; x_wconf 89' lang='lat' dir='ltr'>de</span> <span class='ocrx_word' id='word_1_169' title='bbox 1020 3725 1088 3790; x_wconf 86' lang='lat' dir='ltr'>suis</span> <span class='ocrx_word' id='word_1_170' title='bbox 1112 3724 1238 3790; x_wconf 92' lang='lat' dir='ltr'>iuribus</span> <span class='ocrx_word' id='word_1_171' title='bbox 1257 3725 1290 3788; x_wconf 96' lang='lat' dir='ltr'>in</span> <span class='ocrx_word' id='word_1_172' title='bbox 1307 3723 1535 3791; x_wconf 82' lang='lat' dir='ltr'>functionibus</span> <span class='ocrx_word' id='word_1_173' title='bbox 1551 3723 1667 3792; x_wconf 85' lang='lat' dir='ltr'>Sacra.</span> 
     </span>
     <span class='ocr_line' id='line_1_26' title="bbox 441 3829 1658 3918; baseline 0 -20"><span class='ocrx_word' id='word_1_174' title='bbox 441 3832 661 3918; x_wconf 74' lang='lat' dir='ltr'>congregatio</span> <span class='ocrx_word' id='word_1_175' title='bbox 686 3831 823 3896; x_wconf 82' lang='lat' dir='ltr'>Rituum</span> <span class='ocrx_word' id='word_1_176' title='bbox 846 3832 1005 3915; x_wconf 86' lang='lat' dir='ltr'>generale</span> <span class='ocrx_word' id='word_1_177' title='bbox 1036 3830 1208 3896; x_wconf 88' lang='lat' dir='ltr'>decret-um</span> <span class='ocrx_word' id='word_1_178' title='bbox 1238 3829 1348 3906; x_wconf 86' lang='lat' dir='ltr'>edidit,</span> <span class='ocrx_word' id='word_1_179' title='bbox 1381 3831 1467 3915; x_wconf 90' lang='lat' dir='ltr'>quod</span> <span class='ocrx_word' id='word_1_180' title='bbox 1499 3831 1574 3898; x_wconf 90' lang='lat' dir='ltr'>heic</span> <span class='ocrx_word' id='word_1_181' title='bbox 1597 3853 1658 3898; x_wconf 89' lang='lat' dir='ltr'>su-</span> 
     </span>
     <span class='ocr_line' id='line_1_27' title="bbox 443 3941 601 4004; baseline -0.013 -2"><span class='ocrx_word' id='word_1_182' title='bbox 443 3941 601 4004; x_wconf 74' lang='lat' dir='ltr'>biicimus</span> 
     </span>
    </p>
   </div>
   <div class='ocr_carea' id='block_1_8' title="bbox 905 4151 1200 4220">
    <p class='ocr_par' dir='ltr' id='par_1_11' title="bbox 905 4151 1200 4220">
     <span class='ocr_line' id='line_1_28' title="bbox 905 4151 1200 4220; baseline -0.007 -2"><span class='ocrx_word' id='word_1_183' title='bbox 905 4152 1007 4220; x_wconf 82' lang='lat' dir='ltr'>Urbis</span> <span class='ocrx_word' id='word_1_184' title='bbox 1030 4161 1062 4220; x_wconf 86' lang='lat' dir='ltr'>et</span> <span class='ocrx_word' id='word_1_185' title='bbox 1090 4151 1200 4220; x_wconf 60' lang='lat' dir='ltr'>Orbas.</span> 
     </span>
    </p>
   </div>
   <div class='ocr_carea' id='block_1_9' title="bbox 443 4368 1659 4664">
    <p class='ocr_par' dir='ltr' id='par_1_12' title="bbox 443 4368 1659 4664">
     <span class='ocr_line' id='line_1_29' title="bbox 531 4368 1657 4436; baseline -0.001 -3"><span class='ocrx_word' id='word_1_186' title='bbox 531 4370 656 4435; x_wconf 87' lang='lat' dir='ltr'>lorium</span> <span class='ocrx_word' id='word_1_187' title='bbox 691 4368 948 4436; x_wconf 89' lang='lat' dir='ltr'>Parochialinm,</span> <span class='ocrx_word' id='word_1_188' title='bbox 988 4368 1207 4432; x_wconf 91' lang='lat' dir='ltr'>Functionum</span> <span class='ocrx_word' id='word_1_189' title='bbox 1245 4373 1278 4432; x_wconf 87' lang='lat' dir='ltr'>et</span> <span class='ocrx_word' id='word_1_190' title='bbox 1313 4368 1657 4434; x_wconf 87' lang='lat' dir='ltr'>Praeemiuentiarum</span> 
     </span>
     <span class='ocr_line' id='line_1_30' title="bbox 443 4473 1659 4562; baseline 0.002 -24"><span class='ocrx_word' id='word_1_191' title='bbox 443 4477 530 4540; x_wconf 86' lang='lat' dir='ltr'>inter</span> <span class='ocrx_word' id='word_1_192' title='bbox 555 4476 724 4540; x_wconf 88' lang='lat' dir='ltr'>Parochos</span> <span class='ocrx_word' id='word_1_193' title='bbox 757 4483 791 4540; x_wconf 90' lang='lat' dir='ltr'>et</span> <span class='ocrx_word' id='word_1_194' title='bbox 819 4473 1121 4540; x_wconf 75' lang='lat' dir='ltr'>confraternitates</span> <span class='ocrx_word' id='word_1_195' title='bbox 1154 4474 1327 4544; x_wconf 88' lang='lat' dir='ltr'>Laicorum</span> <span class='ocrx_word' id='word_1_196' title='bbox 1360 4493 1538 4562; x_wconf 86' lang='lat' dir='ltr'>earumque</span> <span class='ocrx_word' id='word_1_197' title='bbox 1570 4473 1659 4562; x_wconf 85' lang='lat' dir='ltr'>Gap-</span> 
     </span>
     <span class='ocr_line' id='line_1_31' title="bbox 445 4581 855 4664; baseline 0 -19"><span class='ocrx_word' id='word_1_198' title='bbox 445 4582 595 4664; x_wconf 87' lang='lat' dir='ltr'>pcllanos</span> <span class='ocrx_word' id='word_1_199' title='bbox 619 4589 652 4647; x_wconf 89' lang='lat' dir='ltr'>ct</span> <span class='ocrx_word' id='word_1_200' title='bbox 678 4581 855 4650; x_wconf 86' lang='lat' dir='ltr'>Officiales.</span> 
     </span>
    </p>
   </div>
   <div class='ocr_carea' id='block_1_10' title="bbox 0 0 2113 5717">
    <p class='ocr_par' dir='ltr' id='par_1_13' title="bbox 0 0 2113 5717">
     <span class='ocr_line' id='line_1_32' title="bbox 0 0 2113 5717; baseline 0 0"><span class='ocrx_word' id='word_1_201' title='bbox 0 0 2113 5717; x_wconf 95' lang='lat' dir='ltr'> </span> 
     </span>
    </p>
   </div>
  </div>
 </body>
</html>
