4175 5717
515 724 580 788 206
964 742 1028 790 nia.
1056 744 1099 790 iv.

431 855 490 915 aut
506 849 605 914 etiam
619 850 729 913 multa
742 865 822 914 cera
836 847 1036 925 adhaeserit,
1057 850 1091 913 in
1114 850 1240 926 lixivia,
1257 851 1311 916 cui
1327 851 1377 916 sal
1395 853 1440 916 sit
1453 851 1647 926 admixtum,

432 955 614 1021 ebulliente
637 941 877 1041 detergeu‘dum
899 956 975 1031 erit,
998 954 1145 1021 adhibito
1168 956 1325 1044 penicillo
1348 975 1400 1023 ex
1430 959 1511 1024 setis
1540 959 1650 1024 suillis

430 1062 594 1139 coniecto,
619 1067 780 1128 caveatur
803 1067 916 1127 tamen
939 1080 991 1138 ne,
1014 1063 1043 1127 si
1066 1082 1151 1146 quae
1174 1083 1252 1149 pars
1277 1065 1431 1130 inaurata
1453 1066 1507 1141 sit,
1530 1084 1649 1130 aurum
1686 1051 1688 1056 ⁸

431 1172 463 1234 vi
487 1169 566 1235 salis
590 1168 773 1245 deteratur;
797 1173 832 1234 et
855 1169 1078 1234 consulantur
1100 1170 1208 1257 periti.
1236 1169 1368 1238 Calices
1390 1171 1468 1248 bini,
1492 1177 1527 1237 et
1550 1172 1650 1239 Pate-
1723 1201 1725 1204 ·

431 1296 498 1343 nae
513 1276 619 1352 binae,
636 1275 756 1341 saltem
772 1275 828 1340 ubi
843 1274 1014 1341 duodecim
1035 1274 1232 1342 Sacerdotes
1247 1277 1380 1342 Missam
1396 1277 1535 1354 iaciunt,
1549 1278 1648 1361 quin·

432 1383 594 1450 tedecimo
617 1402 747 1467 quoque
777 1382 829 1448 die
857 1382 927 1449 levi
959 1402 1060 1449 mauu
1094 1403 1181 1468 aqua
1213 1385 1324 1472 tepida
1353 1386 1522 1462 laventur,
1553 1391 1649 1452 sexto

431 1509 561 1574 quoque
596 1508 718 1566 meuse,
749 1509 872 1575 sapone
898 1489 1054 1567 molliori,
1085 1497 1232 1577 tuncque
1262 1499 1337 1579 post
1365 1499 1518 1578 quartam
1547 1493 1651 1560 borae

280 1581 284 1588 ¹
318 1672 324 1687 ,
433 1602 571 1684 partem,
593 1616 660 1681 qua
690 1602 846 1664 maneam
879 1598 914 1663 in
943 1597 1026 1674 sole,
1054 1597 1163 1665 calida
1196 1600 1315 1668 lixivia
1340 1601 1424 1668 bene
1457 1600 1650 1677 abluentem

433 1708 618 1775 adhibendo
641 1710 836 1795 penicillum
861 1709 1007 1794 aliquem
1041 1708 1084 1776 ed
1117 1722 1277 1794 saponem·
1307 1709 1391 1776 bene
1409 1708 1650 1786 amovendum,

433 1817 629 1903 praesertim
653 1817 708 1882 ubi
738 1817 842 1883 fuerit
876 1817 1060 1894 caelatura,
1084 1818 1208 1903 poterit
1230 1818 1329 1883 etiam
1356 1816 1389 1882 id
1417 1816 1491 1884 fleri
1516 1817 1651 1884 turture

433 1928 539 2000 coeto,
563 1928 598 1990 et
621 1928 702 1989 tunc
724 1924 836 1990 statim
859 1943 945 2009 aqua
967 1923 1151 2001 mundabis,
1175 1928 1235 1990 aut
1256 1930 1310 1990 tar
1339 1924 1498 1991 abluendi
1528 1931 1650 2001 essent,

434 2036 624 2117 praestetur
647 2050 728 2097 vero
750 2030 792 2098 ab
815 2051 865 2109 eo,
888 2032 1002 2118 quiin
1026 2033 1131 2098 sacris
1154 2032 1207 2106 sit,
1231 2032 1322 2098 etin
1345 2051 1435 2109 vase,
1459 2033 1489 2097 ei
1513 2032 1588 2098 usui
1617 2038 1652 2098 et

434 2138 585 2205 lavandis
610 2138 856 2225 corporalibus,
880 2139 921 2206 de
944 2159 1009 2223 quo
1031 2158 1143 2225 supra,
1167 2144 1298 2205 tantum
1313 2139 1489 2216 destinato,
1506 2140 1594 2224 quod
1609 2159 1652 2207 et

434 2246 605 2312 ablutione
636 2246 841 2332 superfuerit
870 2248 903 2314 in
933 2248 1117 2314 sacrarium
1148 2246 1318 2312 fundatur.
1344 2247 1404 2314 Ubi
1434 2268 1515 2314 vero
1545 2249 1652 2313 minor

434 2355 477 2419 sit
500 2373 660 2420 numerus
683 2352 911 2433 Sacerdotum,
930 2356 1044 2422 rarius
1067 2354 1101 2419 id
1123 2352 1196 2420 fieri
1218 2352 1343 2442 poterit
1365 2371 1409 2422 ex
1439 2356 1652 2441 proportione

435 2464 566 2527 numeri
589 2460 815 2537 Sacerdotum,
839 2465 874 2526 et
895 2459 1034 2526 dierum.

525 2567 694 2651 supellec
714 2569 896 2643 incurata,
919 2573 979 2634 aut
1000 2570 1222 2654 inargentata,
1247 2568 1361 2635 eadem
1392 2571 1546 2636 cautione
1568 2576 1656 2636 trao-

435 2682 537 2751 tetur‚
561 2694 627 2758 qua
648 2680 818 2760 argentea,
842 2676 869 2741 si
892 2695 1023 2761 semper
1046 2683 1098 2742 est
1121 2678 1282 2762 exposita,
1307 2683 1425 2744 octavo
1448 2695 1578 2761 quoque
1601 2676 1655 2743 dia

436 2803 544 2869 pauno
566 2783 657 2848 lineo
679 2788 835 2868 tergatur
858 2782 1014 2849 molliter:
1039 2785 1068 2849 si
1091 2784 1303 2850 recondenda
1321 2785 1375 2861 sit,
1392 2791 1557 2870 tergatur,
1573 2790 1654 2851 tunc

437 2895 595 2975 poterunt
617 2891 717 2955 etiam
740 2891 894 2956 inaurata
916 2910 1050 2976 sapone,
1073 2898 1134 2957 aut
1155 2891 1289 2958 furfure
1313 2894 1460 2979 purgari,
1478 2898 1516 2958 ut
1529 2892 1655 2958 dictum

427 2999 491 3061 'est
512 2995 554 3061 de
576 2995 752 3063 calicibus.
1385 2980 1387 2983 ’
1416 3057 1420 3070 ,

529 3104 752 3172 Candelabru
774 3112 809 3171 at
831 3110 966 3172 caetera
987 3125 1035 3173 ec
1057 3107 1261 3174 aurichalco
1284 3112 1484 3182 tractentur,
1508 3104 1655 3172 adhibito

438 3233 557 3301 paone,
581 3212 637 3279 vel
658 3213 773 3278 farrea
795 3214 985 3279 summitate
1017 3214 1204 3298 capiantur;
1227 3215 1255 3279 si
1279 3219 1439 3300 perpetuo
1468 3212 1655 3280 usuadhi-

439 3321 592 3396 beantur,
616 3327 714 3386 terno
733 3340 864 3405 quoque
886 3320 938 3386 die
961 3341 981 3386 a
1004 3321 1145 3407 pulvere
1160 3326 1196 3386 et
1211 3339 1290 3386 cera
1312 3321 1339 3386 si
1362 3320 1451 3386 torte
1465 3307 1656 3395 defluxerit,

441 3428 653 3505 mundentur;
682 3430 712 3494 si
739 3428 929 3513 reponenda
963 3430 1039 3504 sint,
1075 3435 1157 3494 tunc
1190 3428 1290 3494 enam
1321 3426 1361 3492 id·
1377 3426 1446 3503 flat,
1476 3428 1658 3496 Praeterea

441 3542 560 3621 quarto
583 3556 714 3621 quoque
735 3556 858 3613 mense,
875 3537 939 3602 nisi
954 3555 1123 3620 nunquam
1139 3535 1267 3601 fuerint
1282 3536 1443 3621 expositu,
1466 3534 1659 3621 abstergan-

441 3651 498 3710 tur
527 3643 707 3729 diligenter
740 3644 880 3729 pulvare
910 3646 1069 3731 pumioe0,
1098 3650 1158 3709 aut
1191 3663 1241 3718 eo,
1265 3659 1362 3728 quem
1396 3642 1512 3710 dicunt
1544 3642 1659 3727 tripoli

442 3748 551 3837 (quem
574 3752 722 3817 aestivae
743 3770 878 3817 muscae
900 3750 1048 3836 fugiunt)
1070 3750 1218 3817 adhibito
1241 3754 1331 3817 eorio
1359 3750 1526 3826 bubalino;
1550 3755 1609 3814 aut
1631 3750 1658 3815 si

443 3865 621 3942 utrumque
643 3857 738 3935 desit,
762 3858 870 3924 latere
886 3860 920 3924 in
935 3860 1166 3942 tenuissimum
1181 3858 1355 3945 pulverem
1371 3856 1515 3933 redacto,
1533 3864 1569 3922 et
1583 3858 1659 3923 loco

442 3967 533 4042 corii,
557 3984 666 4051 pauno
688 3966 868 4051 asperiore,
892 3985 988 4049 quem
1012 3966 1128 4031 dicunt
1150 3967 1228 4041 saia,
1252 3964 1349 4030 nullo
1373 3983 1453 4030 vero
1472 3962 1578 4040 modo,
1595 3964 1659 4030 hac

443 4074 572 4140 ratione
593 4072 779 4139 adhibenda
800 4075 866 4139 erit
886 4093 982 4156 aqua,
1007 4074 1162 4139 nitidiora
1184 4071 1269 4138 fiunt
1291 4071 1362 4156 (sed
1385 4092 1452 4136 non
1474 4070 1530 4141 diu
1561 4071 1661 4138 durat

443 4179 546 4263 nitor)
569 4181 597 4245 si
620 4180 786 4246 fricentur
808 4181 896 4246 malo
920 4180 1045 4246 medico
1069 4201 1128 4246 seu
1152 4179 1326 4256 massilien,
1347 4176 1463 4265 (vulgo
1479 4180 1660 4254 mancino

445 4287 579 4374 limone)
604 4295 638 4353 et
661 4290 931 4363 marmoratum,
950 4308 1009 4353 seu
1026 4288 1277 4353 vicemalorum
1302 4288 1374 4352 uvis
1397 4285 1584 4370 agrestibus
1605 4286 1658 4351 vel

446 4397 551 4464 herba
573 4396 677 4473 acida,
694 4397 813 4463 deiude
834 4417 920 4480 aqua
943 4397 1026 4462 bene
1049 4397 1240 4470 abluantur,
1258 4403 1327 4461 tum
1351 4397 1531 4470 docentur,
1547 4394 1660 4462 etsoli

447 4510 669 4591 exponantur,
689 4510 794 4579 arete,
823 4523 1000 4587 numquam
1025 4503 1272 4588 abstergantur,
1300 4502 1472 4570 recondita
1498 4521 1579 4567 vero
1601 4501 1662 4566 hu·

448 4612 595 4687 iusrnodi‚
620 4613 746 4680 tubulis
770 4613 942 4680 crassioris
967 4613 1113 4688 chartae,
1127 4618 1185 4677 aut
1208 4612 1312 4676 saccis
1336 4611 1433 4676 lineis
1455 4610 1576 4678 amicta
1599 4609 1660 4680 ha·
