4175 5717
517 693 578 758 128
965 711 1030 758 urs.
1056 709 1102 758 iv.

512 819 567 884 24.
592 819 626 884 Si
649 837 785 884 necesse
810 815 922 892 fuerit,
947 815 1120 881 Parochus
1143 815 1312 900 absterget
1334 813 1452 902 digitos
1481 815 1631 904 purifica-

427 929 523 1004 torio,
548 925 667 990 deinde
690 925 869 1009 subiunget
892 925 1076 989 orationem
1103 921 1251 990 &emus
1273 923 1369 990 Deua
1397 929 1543 1006 paenam
1569 945 1634 994 no-

427 1043 586 1102 strorum
608 1041 671 1098 etc.

516 1142 570 1206 25.
595 1142 717 1208 Postea
747 1143 896 1206 Parocus
926 1139 1015 1205 dicet
1046 1138 1290 1204 Catechumeuo
1316 1135 1397 1216 Oeae,
1414 1141 1528 1216 electe,
1541 1141 1639 1226 flecte

428 1268 548 1334 penno
571 1257 603 1316 et
625 1251 682 1314 dic
706 1249 815 1316 Pctcr
836 1255 966 1314 noster.

518 1355 571 1421 26.
598 1355 867 1422 Gatecbumenus
890 1373 999 1438 genua
1023 1353 1195 1418 submittet
1219 1361 1253 1418 et
1275 1352 1363 1418 dicet
1384 1353 1497 1422 Pater
1524 1361 1644 1422 notar

431 1483 535 1547 usque
559 1462 600 1527 ad
624 1463 729 1527 verba
751 1461 820 1530 Sed
844 1461 953 1528 tibere
976 1480 1041 1528 nos
1064 1479 1086 1526 a
1109 1463 1201 1528 malo
1223 1460 1397 1526 inclusive.

519 1570 574 1635 27.
598 1570 771 1636 Paroobus
795 1566 846 1638 illi
869 1568 958 1634 dicet
979 1567 1085 1650 Leuc,
1108 1569 1241 1651 compte
1269 1569 1463 1636 orationem
1495 1577 1594 1638 taam
1616 1575 1646 1638 et

431 1678 489 1744 dic
510 1679 631 1744 Amen.

519 1784 573 1850 28.
599 1783 864 1850 Oatechumenus
887 1789 1042 1870 assurget
1064 1802 1104 1848 ac
1126 1783 1214 1849 dicet
1235 1783 1357 1852 Acen.

519 1890 573 1955 29.
597 1891 769 1956 Parocbus
793 1891 882 1956 dicet
906 1891 1073 1976 Gompatri
1096 1891 1200 1975 signa
1222 1910 1311 1956 eum.
1613 1971 1616 1976 Ι

520 1997 573 2061 30.
600 1997 776 2084 Crimpater
791 1997 914 2084 pollice
931 1997 1072 2063 dextero
1086 1998 1202 2064 Crucis
1214 1999 1345 2084 signum
1356 1997 1480 2066 efficiet
1489 2001 1522 2064 in
1538 2001 1649 2066 fronte

435 2104 681 2182 Gatechumeni,
715 2103 828 2172 dicens
859 2106 904 2172 Ia
934 2106 1074 2174 nomine
1106 2105 1235 2182 Patris,
1259 2113 1291 2174 et
1313 2105 1404 2182 Filii,
1429 2113 1463 2174 et
1493 2105 1649 2191 Spiritm

434 2211 563 2279 Sancti.

524 2320 577 2384 31.
602 2303 774 2387 Perochus
798 2321 886 2387 dicet
910 2321 1156 2388 catechumeno
1173 2321 1308 2388 Accede
1322 2323 1418 2406 eique
1432 2321 1561 2408 pollice
1575 2321 1653 2388 dex-

438 2433 511 2491 tero
525 2428 656 2512 signum
674 2427 791 2494 Crucis
807 2429 909 2504 faciet
924 2430 958 2493 in
975 2429 1097 2504 fronte,
1110 2428 1222 2494 dicens
1238 2429 1283 2494 Ia
1297 2429 1438 2498 nomine
1449 2429 1574 2496 Patris
1589 2435 1652 2496 eta

520 2535 573 2599 32.
601 2535 644 2600 Et
670 2537 717 2600 sic
740 2543 963 2620 prosequetur
987 2535 1134 2620 reliquos
1158 2537 1370 2612 exorcismos,
1396 2541 1434 2601 ut
1453 2537 1488 2602 in
1512 2537 1652 2616 Rituali,

435 2643 468 2706 in
492 2642 611 2725 quibus
634 2642 731 2708 nulla
755 2645 904 2709 occurrit
925 2643 1106 2730 peculiaris
1130 2643 1310 2710 adnotatio.

522 2749 575 2814 33.
600 2749 806 2814 Exercismis
828 2750 1002 2828 absolutis,
1027 2751 1198 2816 Perochus
1223 2751 1396 2818 dexteram
1420 2751 1573 2840 imponet
1595 2771 1653 2820 oa-

435 2857 494 2943 piti
519 2856 756 2922 Catachumeni
779 2863 814 2922 et
837 2858 991 2923 recitabit
1015 2861 1198 2924 orationem
1225 2857 1382 2928 Oranus.
1401 2860 1597 2928 Aetmram
1612 2879 1655 2928 ac

435 2964 663 3030 iustissinmm
685 2971 748 3029 etc.

523 3073 577 3138 34.
602 3074 683 3138 Post
713 3074 899 3138 orationem
930 3073 1102 3139 Perochus
1133 3077 1282 3161 porriget
1312 3075 1565 3172 Gateohumenq
1591 3095 1655 3144 ex·

436 3182 644 3247 tremitatem·
662 3181 832 3245 sinistram
856 3179 964 3245 stolae
988 3180 1101 3246 dicens
1126 3184 1156 3248 ei
1180 3183 1217 3248 N.
1236 3183 1422 3268 ingredere
1436 3184 1477 3250 ia
1491 3195 1657 3254 sancum

436 3290 631 3355 Ecclesiam
654 3293 717 3352 eto.
742 3293 776 3352 et
800 3286 990 3352 introducet
1013 3289 1119 3373 ipsum
1143 3291 1176 3353 in
1201 3289 1359 3375 templum
1383 3290 1453 3356 Dei.

524 3397 577 3462 35.
603 3395 868 3461 Catachumenus
892 3395 1064 3479 ingressus
1088 3398 1122 3460 in
1145 3396 1331 3475 ecclesiam,
1355 3397 1500 3464 dimittet
1532 3399 1658 3468 stolam

440 3525 537 3590 quam
561 3523 660 3570 manu
691 3505 835 3582 tenebat,
867 3523 977 3590 genua
1007 3503 1181 3570 submittet
1202 3525 1242 3570 ac
1264 3507 1490 3592 pavimentum
1519 3507 1662 3578 oscula-

442 3615 540 3680 bitur.

529 3723 583 3788 36.
607 3722 731 3788 Deinde
754 3729 920 3807 assurget,
950 3723 1090 3808 recipiet
1119 3723 1239 3788 stolam
1270 3743 1369 3789 manu
1394 3730 1428 3790 et
1451 3725 1617 3796 incedens
1640 3749 1661 3796 a

438 3831 581 3896 sinistris
606 3831 752 3896 Paroohi
774 3830 931 3916 procedet
955 3851 1030 3897 oum
1054 3832 1124 3916 ipso
1147 3850 1265 3896 versus
1291 3831 1525 3918 baptisterium
1552 3833 1602 3924 (a)
1626 3843 1662 3904 et

439 3939 626 4004 recitabunt
653 3940 781 4003 interea
807 3937 920 4005 Credo
942 3959 980 4004 m
1003 3939 1117 4006 Deam
1139 3944 1171 4004 et
1197 3937 1305 4006 Pater
1328 3945 1457 4006 noster.
1479 3939 1660 4012 Paroobus

442 4047 595 4112 recitabit
622 4045 733 4113 Credo
757 4053 790 4111 et
814 4047 923 4114 Pater
938 4067 1089 4112 sermone
1106 4047 1221 4122 latino,
1239 4046 1508 4114 Catachumenus
1534 4053 1661 4136 poterit

439 4156 583 4219 recitare
606 4155 750 4238 vulgari,
774 4156 802 4220 si
826 4156 930 4219 latine
954 4154 1063 4220 dicere
1088 4153 1220 4220 difficile
1244 4155 1306 4238 ipsi
1330 4161 1427 4220 esset.

508 4333 550 4400 (a)
569 4333 636 4387 Non
657 4340 701 4388 est
720 4333 888 4406 probandus
907 4351 977 4389 usus
996 4334 1023 4388 in
1043 4333 1214 4408 quibusdam
1235 4332 1368 4389 ecclesiis
1382 4343 1534 4404 receptus
1549 4336 1578 4393 in
1599 4337 1660 4414 qui·

438 4419 491 4473 bus
510 4437 597 4490 quum
617 4422 691 4477 adsit
704 4423 768 4478 sons
784 4423 970 4496 liaptismalis,
985 4424 1022 4478 ed
1036 4424 1214 4481 functionem
1228 4423 1411 4480 efficiendam
1432 4425 1659 4494 solemniorem,

440 4507 562 4578 origitur
585 4511 614 4565 in
639 4511 715 4568 lianc
739 4531 803 4569 rem
828 4531 935 4570 novum
958 4514 1062 4570 Altero
1086 4514 1114 4569 in
1143 4513 1238 4570 media
1268 4513 1403 4580 eeclesia,
1428 4515 1476 4571 vel
1502 4518 1661 4578 censemur

441 4596 585 4668 baptisma
604 4601 681 4673 apud
700 4603 801 4659 Altero
821 4605 1002 4676 primarium.
