4175 5717
536 703 579 768 40
989 726 1057 775 urs.
1081 722 1116 768 11.

442 835 597 912 lebranti,
622 835 677 920 qui
699 829 904 900 thurificabit
926 833 1056 911 Altare,
1080 853 1217 901 servans
1241 835 1342 900 ritum
1366 834 1568 921 descriptum
1599 831 1677 900 lib..

445 941 468 1006 l.
494 962 563 1027 cap.
588 940 631 1008 V.
1445 997 1450 1008 ,

531 1051 584 1114 47.
609 1049 773 1115 Diaconus
796 1053 831 1114 et
853 1045 1091 1127 subdiaconus,
1116 1069 1216 1133 quum
1241 1047 1432 1126 Celebrans,
1456 1045 1664 1114 factaincli-

444 1158 577 1223 natione
600 1155 879 1222 thurificationem
903 1154 1081 1233 inchoabit,
1112 1155 1280 1243 planetam
1304 1157 1375 1222 eius
1399 1175 1442 1221 ex
1475 1161 1570 1243 parte
1593 1173 1662 1242 po-

442 1265 576 1330 steriori
598 1263 750 1350 paullum
773 1261 941 1340 attollant,
965 1268 1124 1329 caventes
1147 1282 1189 1329 ne
1212 1282 1317 1348 usque
1348 1281 1387 1329 eo
1410 1261 1594 1328 sustollant
1622 1265 1662 1328 ut

441 1377 602 1459 appareat
624 1371 805 1456 cingulum.

531 1479 583 1543 48.
608 1478 691 1545 Dum
707 1477 933 1556 incensabitur
948 1477 1079 1553 Altare,
1096 1476 1255 1563 Magister
1283 1476 1584 1553 caeremoniarum,
1602 1473 1662 1542 vel

441 1585 688 1663 thuriferarius,
724 1586 780 1669 qui
801 1585 866 1654 hoc
889 1605 973 1658 casu
994 1583 1163 1668 relinquet
1198 1583 1387 1650 naviculam
1410 1603 1510 1670 super
1543 1581 1661 1663 abaco,

440 1692 605 1759 amovebit
628 1692 668 1757 ab
692 1691 804 1757 Alteri
827 1692 939 1778 legila,
964 1712 1024 1757 seu
1048 1692 1217 1756 cussinum
1241 1711 1316 1757 cum
1340 1690 1475 1770 Missali,
1500 1690 1588 1776 quod
1611 1695 1664 1758 ta-

439 1820 515 1866 men
538 1800 664 1866 referet
686 1798 785 1865 simul
809 1819 850 1864 ac
872 1818 986 1864 mensa
1009 1798 1112 1865 fuerit
1135 1796 1336 1872 thurificate.

527 1907 579 1973 49.
604 1906 671 1973 Sub
694 1905 793 1973 finem
816 1904 1072 1972 thurificationis
1097 1906 1234 1983 Altaris,
1259 1905 1425 1972 Diaconus
1449 1911 1484 1972 et
1512 1904 1660 1972 Subdia-

436 2032 539 2080 conus
563 2013 738 2080 demittent
762 2011 969 2079 celebrantis
992 2014 1170 2100 planetam,
1196 2034 1292 2098 quam
1316 2013 1534 2080 sustinebant.

446 2125 450 2132 '
526 2121 578 2187 50.
603 2123 766 2189 Diaconus
790 2120 968 2187 descendet
990 2119 1031 2185 ad
1055 2122 1196 2206 primum
1219 2121 1280 2186 sub
1304 2120 1550 2207 suppedaneum
1582 2141 1662 2208 gra-

438 2229 515 2296 dum
538 2232 575 2296 in
595 2250 701 2298 cornu
725 2229 907 2316 Epistulae,
931 2234 965 2294 et
988 2248 1170 2294 conversus
1194 2227 1235 2295 ad
1260 2228 1492 2295 Celebrantem
1516 2231 1660 2319 recipiet

438 2337 478 2402 ab
502 2358 541 2403 eo
564 2337 787 2404 thuribulum.

525 2444 578 2509 5l.
604 2443 702 2523 Idem,
726 2448 863 2529 recepto
886 2441 1070 2520 thuribulo,
1096 2462 1259 2509 unacum
1283 2444 1500 2524 subdiacono,
1518 2445 1661 2530 quierit

436 2571 537 2639 prope
561 2553 677 2637 ipsum,
701 2549 880 2619 descendet
902 2550 1026 2635 gradus
1050 2549 1188 2615 Altaris.

524 2658 577 2725 52.
603 2658 782 2728 celebrans
806 2657 907 2724 stabit
930 2678 973 2724 ex
996 2657 1104 2723 latere
1130 2657 1300 2746 Epistulae
1317 2662 1351 2724 in
1367 2669 1519 2730 extremo
1531 2686 1660 2756 suppe-

435 2764 550 2843 danao,
575 2785 595 2830 a
618 2767 761 2832 sinistris
785 2764 825 2831 ad
849 2764 968 2830 Altare
991 2764 1178 2850 applicitus.

525 2873 581 2938 53.
605 2873 770 2939 Diaconus
794 2878 829 2939 et
858 2871 1095 2949 Subdiaconus‚
1127 2894 1226 2957 quum
1260 2873 1495 2944 descenderint
1525 2879 1661 2950 Altaria

436 2978 571 3063 gradus,
596 3000 632 3045 se
656 2984 854 3046 convertent
877 3000 977 3065 super
1000 2980 1169 3045 sinistram
1192 3001 1286 3047 suam
1309 2981 1349 3047 ad
1374 2983 1660 3058 Celebrantemet

434 3086 650 3153 inclinatione
674 3085 840 3173 profunda
862 3086 958 3152 illum
983 3086 1187 3165 salutabunt,
1213 3091 1269 3173 qui
1292 3091 1433 3177 simplici
1456 3095 1573 3181 capitis
1592 3095 1658 3162 de-

434 3193 587 3269 missione
612 3194 833 3281 respondebit.

520 3299 574 3366 54.
600 3300 849 3367 Thuriferarius
872 3301 1031 3367 subsistet
1054 3301 1140 3388 apud
1163 3302 1336 3370 dexteram
1360 3307 1507 3374 Diaconi.

522 3406 575 3473 55.
599 3408 766 3474 Diaconus
790 3409 915 3495 triplici
947 3407 1050 3476 ductu
1081 3410 1227 3476 adolebit
1260 3410 1502 3493 celebrantem,
1531 3416 1656 3487 deinde

434 3533 509 3580 cum
534 3513 740 3581 Subdiacono
763 3515 962 3603 profundam
985 3516 1119 3583 iterabit
1143 3521 1376 3598 reverentiam,
1402 3528 1436 3588 et
1468 3523 1655 3596 Celebrans

431 3622 571 3707 simplici
595 3622 820 3702 inclinatione,
844 3629 882 3690 ut
905 3645 1016 3711 supra,
1038 3625 1261 3711 respondebit.

519 3728 572 3794 56.
599 3729 777 3796 celebrans
802 3751 837 3796 se
861 3738 1036 3798 convertet
1059 3732 1100 3798 ad
1130 3733 1260 3812 Altare,
1291 3755 1359 3801 non
1390 3743 1501 3804 tamen
1531 3739 1654 3808 absce-

433 3833 514 3901 dens
537 3834 577 3901 de
600 3836 675 3902 loco
699 3858 763 3922 quo
787 3844 848 3904 est.

518 3943 570 4007 57.
596 3944 770 4023 Diaconus,
803 3946 1002 4013 Celebrante
1033 3946 1234 4026 thurificato,
1267 3950 1477 4017 thuribulum
1508 3952 1653 4022 dextera

432 4053 588 4118 restituet
610 4053 836 4129 thuriferario,
862 4055 918 4139 qui
941 4055 1031 4120 facta
1054 4052 1287 4141 genuflexione
1311 4057 1352 4123 ad
1377 4057 1517 4125 Crucem
1548 4061 1653 4128 Alta-

433 4160 489 4235 ris,
514 4166 630 4246 perget
663 4159 704 4226 ad
729 4160 935 4226 thuribulum
967 4161 1205 4248 deponendum,
1241 4166 1396 4233 detrahet
1418 4167 1494 4235 inde
1524 4170 1648 4255 ignem,

430 4266 488 4332 sed
511 4268 696 4353 providebit
721 4277 758 4335 ut
780 4272 862 4335 satis
885 4270 972 4337 adsit
993 4274 1079 4357 ignis
1104 4275 1137 4338 in
1161 4275 1285 4353 foculo,
1310 4275 1397 4343 unde
1420 4279 1524 4364 possit
1551 4278 1651 4346 deiu-

430 4394 506 4460 ceps
530 4377 563 4439 in
586 4377 796 4443 thuribulum
821 4397 994 4463 reponere.

517 4482 569 4547 58.
594 4484 768 4562 Diaconus,
801 4486 973 4553 thuribulo
998 4487 1126 4554 reddito
1157 4490 1385 4567 thuriferario,
1416 4492 1575 4561 ascendet
1605 4497 1652 4564 ad

430 4585 558 4667 Altam,
584 4598 618 4658 et
640 4593 725 4679 apud
749 4615 824 4660 eum
848 4594 1085 4663 Subdiaoonus.
1111 4596 1278 4665 Consistet
1301 4599 1465 4668 Diaconus
1489 4622 1509 4667 a
1532 4602 1652 4672 dexte-
