4175 5717
519 669 563 730 oo
982 677 1048 732 ure.
1075 685 1095 732 r.

517 791 593 858 575.
609 791 763 857 Recitata
777 792 818 856 ab
835 792 996 879 Episcopo
1019 798 1095 877 post
1115 792 1266 859 Tantum
1289 811 1373 878 cryc
1395 791 1555 870 oratione,
1572 807 1651 858 con·

351 917 373 949 ··
427 907 544 984 surget
567 907 602 965 et
624 899 748 986 duplici
771 907 849 965 aute
873 899 992 965 Altare
1015 899 1106 964 iacta
1120 896 1365 984 genuflexione,
1383 900 1495 966 locum
1511 900 1650 985 quisque

428 1028 523 1073 suum
549 1009 582 1071 in
606 1008 819 1094 processione
842 1008 991 1092 recipiet.
1491 1082 1494 1086 ,

516 1114 591 1179 576.
616 1115 653 1178 ln
676 1113 786 1180 reditu
810 1113 851 1179 ad
875 1112 1071 1191 Ecclesiam,
1095 1114 1192 1179 nulla
1215 1115 1305 1180 facta
1327 1114 1368 1180 ad
1399 1113 1519 1180 Alture
1546 1123 1653 1200 genu·

427 1219 766 1308 flexione,·siquidem
798 1223 1000 1290 comitantur
1031 1222 1088 1289 SS.
1118 1215 1379 1304 Sacramentum,
1412 1223 1524 1289 locum
1551 1242 1651 1290 suum

428 1331 636 1413 unuquisque
660 1330 833 1415 occupabit
855 1341 891 1394 et
913 1329 1109 1416 procumbet
1136 1333 1169 1395 in
1197 1345 1307 1415 genua
1330 1331 1363 1395 in
1389 1332 1496 1397 ¹stallo
1530 1339 1651 1396 tenens

427 1437 535 1502 adhuc
559 1436 732 1502 candelam
755 1443 814 1501 aut
829 1438 1033 1503 intorticium
1050 1425 1225 1504 accensum
1243 1438 1348 1504 donec
1368 1438 1552 1505 benedictio
1568 1433 1650 1504 data

428 1546 493 1609 erit
516 1565 591 1609 cum
615 1543 671 1610 SS.
697 1544 924 1610 Sacramento.
1604 1563 1606 1568 ·

515 1653 591 1716 577.
616 1650 851 1718 Benedictione
875 1660 1020 1737 peracta,
1045 1655 1288 1739 extinguentur
1310 1652 1473 1720 candelae
1489 1660 1523 1719 et
1544 1654 1651 1718 intor-

427 1762 513 1837 ticia,
540 1758 716 1825 tradentur
738 1760 872 1836 clerico,
897 1764 953 1844 qui
977 1762 1126 1845 recipiet,
1152 1762 1207 1826 rel
1232 1761 1469 1845 relinquentur
1485 1762 1518 1825 in
1534 1758 1650 1837 stallo,

425 1875 524 1951 atque
549 1866 663 1932 ordine
689 1866 798 1932 debito
814 1866 962 1933 discedet
987 1870 1195 1953 unuquisque
1219 1867 1262 1934 de
1286 1868 1390 1934 choro
1418 1886 1589 1952 exequens
1612 1867 1649 1934 in

425 1974 531 2040 medio
555 1975 763 2061 presbyterio
786 1974 827 2040 ad
853 1975 909 2040 SS.
923 1975 1175 2041 Sacramentum
1199 1972 1476 2061 genuflexionem.
1501 1973 1596 2049 Quod
1620 1975 1652 2039 si

427 2081 484 2148 SS.
509 2084 760 2149 Sacramentum
784 2084 849 2149 erit
871 2082 981 2149 adhuc
1005 2084 1038 2148 in
1061 2085 1172 2149 ¹llltori
1196 2085 1393 2170 expositum,
1417 2081 1474 2148 flet
1499 2077 1653 2167 genufle-

429 2194 483 2255 xio
506 2191 642 2277 duplex.

513 2299 589 2364 578.
614 2299 816 2385 Disponetur
840 2299 960 2366 Glerus
985 2299 1166 2366 secundum
1184 2298 1435 2388 Sacrarium,et
1449 2303 1652 2364 transeunte
1739 2317 1743 2327 ·

426 2407 588 2493 Episcopo
612 2405 668 2473 fiet
691 2427 766 2479 eum
790 2427 910 2474 sersus
933 2406 1135 2494 genuflexio
1160 2407 1281 2473 deinde
1304 2427 1396 2471 more
1420 2405 1518 2472 solito
1537 2423 1653 2490 prose·

427 2521 571 2597 quentur
595 2514 735 2581 eundem
758 2514 800 2581 ad
823 2516 922 2582 aedes
946 2517 1027 2583 eius.
1527 2512 1529 2516 ’

757 2734 789 2814 ἓ.
814 2734 866 2796 44.
892 2732 936 2798 In
959 2751 1067 2797 sacro
1102 2731 1313 2799 Visitatione.

515 2947 745 3036 eleuteros,
775 2953 956 3033 praeeunte
992 2946 1099 3011 Gruce
1130 2968 1204 3010 rum
1235 2944 1402 3030 acolythis
1432 2943 1576 3029 prodibit
1607 2941 1650 3008 de

376 3071 380 3080 ·
426 3055 579 3120 Ecclesia
602 3055 905 3140 processionaliter,
931 3067 963 3120 et
987 3054 1028 3118 ad
1054 3053 1265 3118 residentiam
1295 3052 1448 3138 Episcopi
1478 3049 1647 3137 procedet.

513 3162 588 3226 580.
614 3161 780 3228 Subsistet
803 3162 846 3227 ibi
870 3161 945 3226 loco
971 3162 1102 3237 usiteto;
1119 3160 1197 3225 hinc
1212 3159 1354 3245 praeibit
1370 3159 1577 3244 Episcopum,
1590 3143 1648 3241 qui

426 3277 500 3355 post
525 3269 659 3334 Olenum
682 3276 852 3353 sequetur,
876 3275 977 3352 atque
1001 3270 1034 3332 iu
1059 3269 1178 3333 itinere
1195 3274 1336 3332 cauetur
1356 3268 1521 3331 canticum
1538 3265 1650 3332 Bene-

425 3378 540 3444 dictus
564 3377 737 3444 Dominus
760 3378 856 3443 Deus
879 3376 995 3442 Israel
1016 3384 1079 3441 etc.
1104 3375 1228 3459 aliique
1251 3375 1379 3459 psalmi.

368 3561 371 3566 Α
513 3485 588 3549 581.
614 3485 664 3550 Ad
700 3485 871 3550 Ecclesiae
903 3485 1088 3568 ingressum
1121 3482 1250 3559 Clerus,
1282 3493 1439 3546 monente
1474 3481 1648 3546 Caeremo·

426 3594 542 3666 niario,
568 3592 734 3667 subsistet;
759 3611 796 3656 se
811 3597 988 3657 convertet
1003 3596 1133 3676 peltam
1149 3607 1267 3654 versus
1285 3587 1467 3665 Ecclesiae,
1484 3588 1524 3653 ad
1541 3608 1647 3673 aquae

425 3698 618 3763 benedictae
652 3701 876 3783 aspersionem
900 3715 1010 3783 genua
1041 3694 1155 3762 flectet
1181 3709 1219 3761 et
1249 3707 1423 3782 postquam
1453 3698 1646 3762 incensatus

426 3807 529 3872 fuerit
553 3806 744 3892 Episcopus,
769 3806 928 3893 procedet
949 3806 990 3872 ad
1015 3806 1134 3871 Altero
1159 3798 1215 3871 SS.
1240 3804 1457 3870 sacramenti.

513 3914 588 3979 582.
614 3913 814 3999 Disponetur
836 3917 962 3980 circum
986 3913 1115 3990 Altare,
1141 3914 1231 3978 lacta
1255 3913 1347 3998 prius
1364 3913 1396 3975 in
1418 3912 1524 3978 medio
1544 3932 1662 3998 genu--

318 4013 324 4025 ’
426 4019 578 4098 flexione,
604 4022 776 4088 submittet
798 4043 908 4107 genua
931 4024 1006 4088 loco
1029 4023 1091 4087 sibi
1114 4024 1293 4107 assignato,
1318 4029 1352 4085 et
1375 4020 1416 4085 ad
1433 4033 1549 4086 nutum
1568 4021 1649 4086 Gae-

426 4129 616 4194 remoniarii
639 4137 831 4216 consurget,
855 4128 1123 4216 genuflexionem
1148 4128 1280 4194 itera-bit
1306 4128 1348 4194 ad
1380 4129 1646 4206 Sacramentum,

425 4235 584 4319 procedet
607 4235 648 4300 ad
672 4236 790 4301 Altare
813 4239 1002 4312 maximum,
1028 4249 1062 4301 et
1085 4233 1318 4322 genuflexione
1336 4235 1376 4300 ad
1399 4237 1538 4301 Crucem
1553 4254 1650 4321 pera·

426 4348 489 4418 cta,
515 4353 631 4428 perget
653 4344 693 4408 ad
718 4344 855 4409 stallum
878 4347 1015 4428 quisque
1039 4366 1145 4411 suum.
1262 4405 1266 4411 .

513 4450 588 4515 583.
613 4452 781 4517 Veniente
804 4451 845 4516 ad
874 4452 994 4517 Altare
1025 4451 1197 4538 Episcopo.
1227 4451 1283 4517 fiet
1314 4453 1418 4538 ipsum
1450 4467 1568 4516 versus
1591 4471 1649 4536 ge-

427 4552 573 4620 nuflexio
597 4552 762 4626 nroinento
786 4562 943 4645 temporis
967 4580 1031 4642 quo
1057 4560 1156 4623 Clero
1180 4559 1442 4625 benedictionem
1466 4551 1611 4625 donabit.
