4175 5717
969 972 1036 1019 nm.
1059 973 1095 1019 11.

700 1179 761 1243 DE'
773 1186 922 1244 VIGILIA
943 1185 1201 1244 NATlVITA'l'lS
1219 1185 1373 1243 DOMINI.

989 1314 1077 1328 ...ῃ

906 1495 1049 1561 CAPUT
1074 1494 1163 1560 XIII.

430 1734 456 1797 l.
490 1656 651 1804 Altero
675 1729 894 1795 exornabitur
918 1731 1013 1795 utin
1039 1725 1220 1796 Dominicis
1244 1729 1534 1816 praecedentibus.

511 1839 543 1904 2.
568 1838 836 1923 Martirologium
860 1836 1050 1903 cantabitur
1077 1837 1282 1913 solemniter,
1314 1835 1453 1921 ideoque
1487 1837 1564 1904 dum
1596 1857 1641 1904 re·

427 1948 552 2012 citatur
575 1945 778 2010 Matutinum
801 1951 861 2010 aut
884 1945 1024 2019 Laudes,
1050 1965 1163 2009 omnes
1187 1964 1366 2030 campanae
1388 1946 1531 2011 actionis
1555 1963 1643 2031 prae·

426 2055 535 2120 dictae
558 2075 658 2119 causa
682 2053 905 2139 pulsabuntur
928 2054 962 2117 in
985 2053 1137 2118 laetitiae
1160 2059 1405 2138 argumentum.

511 2163 542 2227 3.
567 2162 603 2225 ln
628 2162 777 2225 sacrario
800 2159 1056 2246 praeparabitur
1081 2160 1234 2245 pluviale
1258 2161 1454 2238 violaceum,
1488 2159 1644 2227 candela·

427 2269 487 2333 bra
512 2289 586 2332 cum
611 2266 759 2332 candelis
782 2286 843 2353 pro
867 2266 1046 2352 acolythis,
1072 2267 1283 2332 thuribulum
1315 2287 1389 2332 cum
1426 2269 1586 2334 navicula
1614 2275 1645 2334 et

431 2353 675 2462 superpellicea
698 2395 759 2460 pro
783 2374 925 2439 clericis.

516 2485 546 2548 4.
572 2483 609 2546 ln
632 2481 738 2547 medio
761 2479 974 2568 presbyterio
998 2489 1142 2568 ponetur
1164 2482 1268 2568 legile
1292 2489 1446 2549 ornatum
1467 2503 1580 2570 panno
1596 2505 1645 2550 se-

429 2591 499 2655 rico
523 2589 683 2665 violaceo,
707 2609 873 2674 superque
896 2590 1004 2675 ipsum
1027 2589 1298 2674 hlartirologium
1322 2596 1487 2676 apertum.

516 2696 547 2760 5.
572 2697 669 2761 Initio
694 2697 805 2762 Horae
829 2698 952 2781 primae
976 2695 1204 2761 accendentur
1221 2717 1280 2761 sex
1297 2695 1458 2763 candelae
1474 2699 1508 2763 in
1526 2699 1643 2772 Alteri,

431 2805 491 2869 nisi
517 2806 579 2868 iam
608 2808 721 2869 essent
751 2824 921 2879 accensae,
955 2802 1116 2868 candelae
1147 2805 1246 2869 etiam
1278 2804 1560 2872 candelabrorum
1591 2826 1644 2893 pm

432 2911 608 2997 Acolythis
632 2913 665 2975 in
691 2913 848 2988 sacrario,
863 2918 897 2975 et
921 2913 1006 2996 ignis
1024 2913 1058 2975 in
1075 2912 1247 2976 thuribulo
1263 2912 1529 2997 praeparabitur.
1549 2914 1646 2980 Ebdo·

432 3019 607 3094 rnadarius‚
633 3020 703 3083 sire
727 3019 814 3084 alius
838 3019 879 3083 ad
904 3040 999 3102 quern
1025 3020 1187 3105 spectabit
1210 3040 1331 3084 canere
1355 3020 1641 3108 Martyrologium.

436 3127 549 3190 veniet
572 3127 605 3190 in
630 3128 823 3202 sacrarium,
848 3126 957 3210 iquue
981 3147 1084 3214 supra
1115 3127 1358 3212 superpelliceo
1391 3127 1554 3194 induetur
1580 3128 1642 3215 plu-

431 3234 510 3297 viali
534 3235 685 3299 violaceo
710 3239 743 3298 et
766 3241 867 3319 caput
884 3235 1012 3319 operiet
1035 3235 1154 3298 bireto.
1180 3233 1322 3299 Induent
1357 3235 1418 3299 sibi
1454 3235 1639 3322 superpelli-

431 3362 525 3406 ceum
550 3342 708 3427 Aeolythi
733 3361 773 3406 ac
797 3341 1045 3412 thurIferarius.
1072 3343 1360 3409 Caeremoniarius
1384 3350 1417 3408 et
1443 3345 1559 3410 clerici
1574 3344 1635 3414 duo.

431 3452 485 3533 qui
511 3449 752 3514 Ebdomadario
778 3450 966 3536 supradicio
991 3452 1161 3514 assistent..

518 3558 549 3622 6.
575 3558 739 3622 innuente
758 3557 1035 3635 caeremoniario,
1053 3558 1292 3623 thuriferarius
1309 3569 1418 3624 sumet
1437 3559 1629 3625 thuribulum

433 3686 509 3729 cum
533 3665 689 3730 navicula
713 3673 746 3730 et
770 3665 929 3751 Acolythi
960 3665 1163 3730 candelabra
1198 3687 1271 3731 cum
1307 3665 1458 3731 candelis
1490 3667 1629 3733 accensis.
1669 3693 1671 3706 ·

433 3774 512 3837 Sese
536 3771 658 3837 addent
683 3773 883 3848 celebranti,
909 3793 1049 3857 quocum
1069 3773 1194 3839 facient
1211 3776 1434 3839 reverentiam
1451 3775 1493 3839 ad
1511 3776 1629 3842 Crucem

433 3881 502 3944 sive
525 3878 566 3942 ad
591 3880 765 3964 imaginem
789 3882 927 3945 sacrarii
952 3883 1171 3966 praecipuam.
1199 3881 1381 3946 celebrans
1405 3889 1480 3968 post
1497 3898 1628 3947 reueren-

434 3988 513 4051 tiam
537 3987 644 4071 capite
668 3986 792 4051 nudato
816 3988 949 4056 factam.
975 3988 1082 4053 bireto
1102 3991 1229 4073 operiet
1245 3997 1353 4075 caput.
1372 3991 1457 4055 Tum
1472 3991 1515 4056 ad
1532 3990 1629 4055 Altam

435 4092 614 4179 procedent
638 4092 752 4157 ordine
771 4097 929 4178 sequenti.
948 4095 1097 4160 Praeibit
1114 4097 1353 4161 thuriferarius
1374 4118 1450 4162 curn
1467 4094 1627 4162 thuribulo:

435 4205 618 4284 sequentur
640 4199 705 4263 duo
723 4200 881 4285 Acolythi
899 4221 974 4266 cum
992 4202 1199 4268 candelabris
1217 4204 1334 4268 deinde
1352 4204 1627 4270 Caeremoniarina

386 4297 393 4312 “
435 4313 599 4391 postremo
623 4312 740 4370 cantor
764 4308 833 4371 sive
857 4308 1109 4374 ebdomadarius
1135 4318 1280 4395 paratus,
1307 4317 1424 4396 operto
1448 4313 1562 4398 capite,
1580 4325 1629 4372 me

435 4414 507 4478 dius
531 4415 619 4477 inter
643 4411 725 4478 duos
749 4413 890 4479 clericos
915 4417 968 4498 qui
993 4415 1139 4481 fimbrias
1164 4417 1319 4501 pluvialis
1340 4420 1411 4482 eius
1429 4419 1627 4485 sustinebunt.

522 4523 552 4585 7.
577 4520 709 4585 Dabunt
733 4539 865 4605 operam
891 4527 927 4586 ut
951 4521 991 4585 ad
1009 4523 1128 4588 Altare
1146 4526 1342 4609 perveniant
1359 4525 1436 4590 dum
1455 4525 1628 4592 recitabitur

438 4630 542 4694 oratio
567 4628 712 4696 Domine
736 4627 832 4694 Deua
856 4630 1083 4712 omnipotens,
1109 4634 1173 4716 qui
1195 4633 1242 4696 acl
1261 4633 1484 4716 pri-recipiam
1507 4641 1565 4699 etc..

525 4738 554 4801 8.
580 4736 617 4800 ln
640 4736 779 4800 chorum
804 4735 858 4800 ubi
883 4727 1048 4813 venerin't,
1073 4738 1312 4804 thuriferarius
1333 4742 1495 4807 consistet
1510 4742 1542 4805 in
1556 4737 1628 4804 aditu

438 4842 661 4916 dextrorsum,
694 4840 852 4927 Acolythi
884 4842 1082 4910 dirimentur
1105 4857 1134 4910 et
1163 4848 1194 4911 in
1220 4845 1325 4911 medio
1357 4848 1459 4912 choro
1492 4869 1527 4914 se
1554 4847 1626 4910 sistet
