4175 5717
1002 727 1067 778 n113.
1093 729 1128 778 ll.

674 1025 677 1030 Ι
719 977 723 986 ,
806 945 1325 1004 DEFESTOSS.TR1N1TATIS

901 1329 1043 1396 oAPur
1068 1329 1228 1397 XXXIII.

453 1613 482 1676 l.
507 1529 569 1682 In
591 1608 772 1678 Dominica.
797 1623 881 1689 quae
905 1599 1090 1670 immediate
1114 1603 1266 1686 sequitur
1291 1602 1416 1669 festum
1447 1603 1684 1684 Pentecostes,

449 1719 641 1784 celebratur
656 1714 814 1780 memoria
829 1711 986 1778 solemnis
1002 1709 1043 1775 de
1059 1710 1221 1795 mysterio
1240 1708 1476 1778 Sanctissimae
1493 1711 1684 1780 Trinitatis.

446 1828 537 1892 Haec
561 1825 730 1890 Dominica
753 1826 805 1886 est
828 1821 954 1906 primae
977 1817 1105 1894 classis,
1140 1837 1223 1902 quae
1260 1816 1412 1884 excludit
1446 1819 1685 1908 quodcumque

447 1933 589 2000 officium
601 1932 750 2016 quamvis
767 1929 908 1993 maxime
925 1926 1085 2001 solemma
1107 1925 1230 1990 festum
1247 1932 1359 1992 autem
1372 1927 1539 1995 secundae
1551 1929 1685 1998 classis.

534 2035 900 2106 tractassemus
926 2033 1157 2119 Vesperarum
1181 2039 1215 2098 et
1246 2033 1367 2099 Missae
1402 2033 1486 2100 nihil
1518 2039 1685 2118 occurrit,

446 2149 486 2215 de
509 2169 574 2234 quo
597 2145 751 2234 specialis
774 2140 833 2208 dat
857 2143 990 2208 mentio.
1017 2141 1054 2204 ln
1079 2141 1170 2206 Hora
1193 2141 1299 2226 prima
1321 2139 1520 2208 recitabitur
1548 2145 1687 2232 symbo-

446 2257 500 2320 lus
527 2255 752 2338 Quicumque,
778 2257 816 2316 ut
838 2251 872 2316 in
896 2248 1120 2335 peculiaribus
1144 2249 1244 2314 huius
1271 2247 1336 2314 diei
1360 2247 1502 2316 rubricis
1528 2257 1685 2322 notatur.

640 2611 691 2670 DE
711 2609 995 2671 SOLEMNITATE
1015 2609 1068 2667 SS.
1089 2607 1286 2668 CORPORIS
1306 2611 1463 2670 CHRISTI

1018 2747 1104 2769 h

888 2972 1031 3042 CAPUT
1057 2972 1218 3038 XXXIV.

449 3229 476 3298 l.
502 3149 677 3300 Festum
711 3231 763 3292 est
800 3244 959 3310 perquam
995 3226 1145 3292 solemne
1180 3225 1314 3310 rituque
1348 3222 1473 3311 gaudet
1501 3209 1685 3312 ¹peculiari

441 3335 662 3419 processionis
686 3339 720 3397 et
754 3334 970 3418 expositionis
1002 3339 1072 3398 turn
1107 3332 1160 3397 die
1195 3333 1387 3408 testatum
1421 3333 1564 3418 reliquis
1602 3343 1684 3402 octo

441 3441 567 3507 diebus.
1083 3503 1093 3520 „

529 3549 561 3613 2.
586 3548 634 3614 De
657 3537 870 3634 processione
893 3555 1015 3632 agetur
1037 3547 1215 3632 separatim
1241 3567 1311 3634 cap.
1336 3548 1497 3632 sequenti.
1517 3547 1621 3624 Quod
1636 3549 1681 3618 ad

442 3657 542 3720 ritum
568 3655 689 3720 Missae
711 3653 869 3720 solemnis
892 3663 971 3720 ante
987 3652 1044 3720 SS.
1063 3653 1317 3720 Sacramentum
1334 3657 1534 3741 expositum,
1553 3659 1680 3724 remit-

435 3765 534 3828 timus
559 3764 710 3848 legeutes
733 3762 774 3827 ad
798 3762 1000 3848 praecedens
1024 3782 1095 3848 cap.
1120 3763 1194 3828 Vll.

446 3867 455 3884 '
523 3871 554 3936 3.
579 3871 699 3936 Relate
722 3869 764 3934 ad
786 3868 939 3949 officium,
970 3871 1160 3936 meminerit
1185 3871 1305 3938 Glerus
1335 3889 1514 3956 numquam
1546 3891 1677 3962 coope-

432 3977 585 4044 riendum
608 3997 681 4043 esse
705 3985 814 4064 caput;
839 3977 1025 4044 faciendam
1050 3975 1319 4064 genuflexionem
1344 3977 1514 4065 duplicem
1538 3980 1576 4045 in
1613 3999 1676 4048 ac-

432 4105 529 4151 cessu
552 4084 594 4149 ad
618 4085 757 4149 chorum
782 4093 817 4150 et
840 4087 874 4149 in
898 4106 1044 4162 recessu,
1069 4087 1097 4150 si
1122 4085 1179 4152 SS.
1217 4085 1470 4152 Sacramentum
1506 4087 1575 4153 erit
1609 4107 1677 4155 ex-

431 4196 585 4278 positum,
607 4199 642 4258 et
664 4191 881 4257 omittendam
905 4213 977 4258 esse
1002 4213 1131 4259 omnem
1157 4192 1408 4260 inclinationem
1432 4214 1492 4260 seu
1510 4214 1675 4262 reveren-

429 4302 518 4365 tiam.
544 4301 642 4366 Fient
666 4307 779 4365 tamen
804 4301 883 4365 illae
907 4303 1122 4366 reverentiae
1146 4303 1216 4366 sive
1241 4301 1486 4379 inclinationes,
1512 4322 1597 4387 quas
1624 4302 1674 4370 li·-

431 4415 505 4472 ceat
527 4409 697 4494 appellare
723 4409 930 4494 improprias,
948 4408 1212 4493 quandoquidem
1230 4409 1313 4474 nihil
1338 4408 1429 4475 aliud
1454 4415 1547 4486 sunt,
1567 4429 1671 4495 quam

430 4517 581 4583 invitatio
605 4518 645 4583 ad
669 4521 832 4585 actionem
859 4539 943 4603 quae
967 4522 1127 4604 sequitur.
1153 4520 1307 4605 Exempli
1332 4520 1456 4605 gratia,
1481 4517 1549 4584 duo
1582 4539 1671 4587 can-

429 4629 519 4690 tores
542 4627 598 4710 qui
620 4629 764 4712 psalmos
789 4630 823 4692 in
846 4627 952 4693 medio
976 4628 1080 4694 choro
1103 4629 1269 4706 intonant,
1295 4647 1331 4693 se
1355 4633 1567 4694 convertunt
1588 4647 1669 4732 qum
