4175 5717
520 667 543 732 '2
984 686 1051 734 nm.
1072 687 1094 734 1.

433 794 527 879 signo
551 793 647 879 digiti
667 812 783 858 manus
807 792 966 859 dexterae
988 792 1089 857 simul
1105 794 1209 858 iuncti
1225 813 1298 859 esse
1313 793 1443 870 debent,
1460 799 1495 859 et
1514 799 1643 860 tantum

430 901 588 966 extremis
610 898 717 965 tribus
740 897 850 983 digitis
880 899 1032 985 superius
1063 901 1237 966 nominatis
1267 902 1360 986 tangi
1390 900 1494 978 frons,
1526 907 1642 988 pectus

433 1013 532 1092 atque
556 1007 686 1072 humeri
709 1005 839 1071 debent.
976 997 979 1001 ⁴
1498 1093 1502 1100 Ι

521 1116 551 1181 3.
577 1114 659 1180 (lum
682 1133 799 1179 manus
822 1113 922 1179 simul
944 1115 1142 1183 coniunctae
1165 1114 1301 1190 fuerint,
1326 1113 1419 1199 digiti
1435 1135 1565 1199 quoquo
1580 1134 1646 1180 om·

435 1242 493 1287 nes
523 1221 648 1307 singuli
678 1220 819 1307 singulis
849 1222 989 1307 appositi
1019 1225 1054 1286 ot
1084 1221 1187 1288 iuncti
1217 1241 1289 1287 esse
1316 1221 1451 1299 debent,
1483 1242 1545 1288 neo
1580 1241 1646 1287 non

435 1329 544 1415 palma
566 1329 726 1395 dexterae
749 1348 824 1393 cnm
847 1328 958 1415 palma
980 1329 1144 1394 sinistrae.
1169 1329 1366 1416 Excipiatur
1385 1335 1515 1396 tantum
1531 1328 1647 1416 pollex

435 1436 565 1512 dexter,
590 1437 645 1520 qui
669 1434 986 1521 superimponendus
1017 1442 1068 1501 est
1095 1436 1209 1521 pollici
1239 1437 1383 1501 sinistro.
1416 1438 1506 1501 Haec
1535 1442 1646 1501 autem

435 1545 555 1629 regula
578 1563 643 1608 non
668 1545 803 1629 respicit
826 1542 1031 1608 sacerdotem
1055 1544 1290 1619 celebrantem,
1314 1546 1370 1627 qui
1386 1549 1462 1631 post
1477 1563 1648 1609 consecra·

436 1653 556 1716 tionem
581 1671 685 1735 usque
701 1648 742 1715 ad
758 1650 972 1726 ablutionem,
989 1650 1129 1736 pollices
1145 1656 1179 1717 et
1195 1650 1318 1716 indicos
1335 1653 1509 1735 utriusque
1531 1670 1647 1715 manus

433 1758 531 1823 simul
556 1759 694 1823 iunctos
710 1757 852 1832 habebit,
879 1762 916 1820 ut
939 1778 998 1821 suo
1023 1756 1099 1822 loco
1116 1759 1284 1823 innuatur.
1302 1757 1552 1824 Advertendum
1570 1777 1650 1842 quo-¹

435 1887 498 1951 que
522 1873 582 1942 est,
606 1864 693 1950 quod
716 1887 790 1931 cum
814 1886 930 1931 manus
954 1865 1140 1952 iungendae
1156 1867 1222 1932 sint
1236 1868 1283 1931 ita
1297 1873 1506 1952 apponantur
1521 1866 1648 1952 pectori

436 1982 473 2039 ut
496 1993 602 2057 neque
626 1971 730 2038 eidem
754 1974 850 2038 nimis
873 1974 1089 2049 adhaereant,
1106 1994 1169 2039 nec
1191 1974 1232 2039 ab
1256 1994 1295 2039 co
1319 1960 1414 2038 nimis
1438 1972 1569 2049 distent,
1587 1992 1649 2038 nec

435 2082 571 2146 nimium
594 2079 635 2145 ad
659 2080 800 2156 vultum,
817 2101 923 2165 neque
946 2081 987 2147 ad
1012 2088 1139 2146 terram
1162 2101 1354 2157 conversae,
1371 2081 1429 2146 sed
1448 2080 1649 2147 naturaliter

437 2190 530 2273 quasi
553 2208 612 2273 per
634 2193 866 2252 transversum
889 2189 930 2252 ad
953 2189 1083 2253 caelum
1108 2194 1250 2253 erectae.

524 2297 554 2358 4.
568 2296 759 2361 Generatim
775 2295 951 2379 loquendo,
965 2294 1132 2387 cum‘quid
1149 2315 1215 2360 una
1230 2300 1360 2360 tantum
1376 2316 1475 2362 manu
1491 2315 1651 2382 peragen-

436 2402 513 2468 dum
537 2403 588 2478 sit,
613 2421 742 2487 semper
757 2399 815 2466 fiat
831 2422 930 2467 manu
947 2402 1096 2478 dextera,
1114 2401 1200 2486 quod
1216 2402 1292 2468 dum
1312 2402 1496 2478 coniicitur,
1514 2404 1650 2468 sinistra

438 2530 502 2574 non
520 2510 563 2574 sit
579 2528 747 2594 suspensa,
761 2508 818 2573 sed
835 2509 1021 2595 applicetur
1037 2511 1174 2595 pectori,
1184 2530 1346 2575 conversa
1361 2509 1401 2575 ad
1413 2513 1518 2598 ipsum
1530 2510 1649 2596 palma.

523 2617 552 2681 5.
577 2618 779 2683 Reverentia
803 2614 906 2703 (quae
928 2625 962 2681 et
986 2618 1144 2682 salutatio
1167 2623 1202 2681 et
1218 2618 1388 2681 inclinatio
1410 2638 1539 2702 quoque
1556 2637 1653 2683 voca·

437 2725 513 2815 tur)
537 2726 680 2811 triplicis
703 2726 834 2809 generis
859 2731 919 2801 est,
945 2725 1101 2789 videlicet
1124 2726 1298 2811 protunda,
1323 2725 1429 2790 media
1445 2732 1479 2790 et
1497 2726 1651 2811 simplex.

436 2833 639 2900 Reverentia
661 2832 826 2917 profunda
842 2831 878 2897 fit
893 2832 1065 2898 curvando
1082 2839 1188 2897 totum
1204 2853 1334 2918 corpus.
1352 2832 1417 2898 Sed
1433 2840 1471 2899 ut
1493 2838 1650 2899 accurate

437 2942 494 3007 fiat
517 2962 579 3006 nec
602 2941 697 3005 nimis
715 2939 870 3016 studiose,
889 2940 1039 3024 regulam
1057 2943 1236 3026 scriptores
1253 2941 1402 3025 liturgici
1418 2943 1589 3026 assignant
1603 2960 1653 3005 se·

437 3054 608 3134 quentem:
633 3050 666 3112 in
690 3049 880 3111 reverentia
902 3047 1069 3133 profunda
1092 3049 1244 3113 curvatio
1267 3050 1416 3133 corporis
1440 3050 1506 3112 erit
1521 3048 1654 3132 regula·

438 3157 493 3232 ris,
521 3176 595 3221 cum
618 3156 767 3220 extensis
789 3154 944 3230 brachiis,
967 3157 1094 3241 possint
1117 3154 1294 3239 digitorum
1317 3158 1529 3221 extremitate
1561 3156 1653 3239 tangi

438 3284 556 3349 genua.
580 3264 783 3328 Reverentia
806 3261 921 3338 media,
946 3264 1016 3327 sire
1040 3262 1214 3328 mediocris
1230 3264 1434 3347 regulariter
1450 3262 1507 3329 fiet
1522 3261 1652 3347 quando

439 3373 587 3437 curvatis
619 3371 765 3435 humoris
797 3370 942 3454 conspici
973 3371 1099 3454 possint
1128 3369 1246 3455 pedum
1277 3372 1516 3452 extremitates.
1549 3371 1655 3436 Reve-

439 3480 548 3543 rentia
571 3478 712 3563 simplex
736 3497 756 3541 a
780 3476 965 3541 rubricistis
989 3479 1023 3540 in
1047 3483 1116 3540 tres
1141 3477 1362 3542 subdividitur
1378 3480 1513 3564 species,
1535 3498 1652 3564 nempe

435 3588 473 3660 ⁴in
496 3586 726 3651 minimarum
740 3585 945 3659 marcianam,
961 3585 1190 3650 minimarum
1205 3586 1355 3651 mediam
1379 3593 1410 3653 et
1424 3588 1654 3653 minimorum

440 3696 631 3769 mimeram,
656 3693 812 3758 videlicet
834 3696 867 3756 in
891 3695 1006 3778 eapitis
1031 3693 1277 3767 inclinationem
1302 3696 1487 3770 maximam,
1515 3694 1652 3759 mediam

441 3808 475 3867 et
499 3800 651 3865 intimam.
676 3801 774 3864 Prior
798 3802 941 3885 ipsarum
965 3800 1152 3865 absolvitur
1172 3806 1242 3865 tota
1257 3803 1371 3887 capitis
1388 3801 1603 3867 inclinatione
1620 3808 1654 3867 et

440 3907 650 3994 aliquantula
674 3908 771 3972 etiam
795 3908 1019 3983 humerorum3
1044 3908 1153 3972 altera
1176 3907 1367 3972 inclinando
1391 3929 1434 3973 ex
1458 3914 1528 3975 toto
1555 3915 1655 3996 caput

441 4014 676 4089 tantummodo;
701 4016 803 4079 tertia
825 4035 897 4078 com
921 4021 1021 4099 caput
1043 4015 1249 4098 aliquantum
1273 4016 1466 4080 inclinatur.
1494 4017 1592 4080 Prior
1617 4015 1655 4082 fit

442 4144 516 4187 oum
542 4142 659 4187 nomen
682 4122 787 4187 lesos
811 4123 1011 4196 nominatur,
1035 4141 1109 4185 cum
1140 4121 1301 4186 Sacerdos
1333 4122 1411 4186 dicit
1438 4122 1596 4198 Oramus,
1620 4126 1653 4188 in

442 4231 567 4314 hymno
586 4230 707 4296 Gloria
723 4230 760 4294 im
776 4229 924 4294 edocebis
940 4228 980 4292 ad
998 4249 1116 4292 nomen
1133 4230 1213 4303 Deo,
1226 4230 1268 4293 ad
1280 4228 1381 4293 verba
1394 4230 1595 4297 Adoromus
1612 4238 1655 4307 te,

445 4337 588 4404 Gratias
611 4338 762 4423 opimae,
787 4342 820 4400 et
843 4337 982 4418 suscipe
1005 4337 1286 4419 deprecationem
1307 4343 1467 4403 nostram
1492 4340 1523 4401 in
1540 4339 1653 4404 eodem

442 4445 577 4529 hymno.
602 4435 815 4511 Secunda'fit
837 4443 878 4507 ad
902 4444 1143 4509 sanctissimum
1167 4445 1308 4510 Mariae
1340 4464 1469 4519 nomem
1488 4448 1587 4510 tertia
1612 4447 1654 4511 ad

443 4570 562 4619 nomen
587 4552 709 4628 Sancti,
734 4552 787 4617 vel
813 4551 1021 4627 Sanctorum,
1054 4572 1193 4636 quorum
1224 4551 1415 4617 celebratur
1450 4551 1589 4618 officium
1621 4562 1655 4621 ot
