4175 5717
521 747 582 820 los
961 765 1027 822 nm.
1053 767 1101 821 111.

516 881 569 944 77.
594 881 725 945 Interea
747 878 947 946 claudentur
969 880 1131 946 eeclesiae
1153 883 1278 966 portae,
1303 877 1359 945 vel
1382 873 1502 946 saltam
1529 873 1633 964 provi·

430 987 559 1054 debitur
581 1007 624 1053 ue
647 989 719 1072 quis
742 1009 760 1054 e
784 987 1014 1054 confirmandis
1038 989 1142 1064 exire,
1166 1005 1251 1054 nove
1273 987 1331 1053 alii
1347 986 1485 1073 adiungi
1500 989 1633 1074 pomini.

516 1097 569 1160 78.
593 1095 676 1160 Tum
699 1095 870 1162 Paroohus
893 1096 1055 1182 Episoopo
1079 1098 1224 1181 imponet
1246 1093 1368 1160 stolam
1382 1113 1485 1182 super
1500 1093 1634 1162 mutuo

429 1207 463 1266 et
486 1220 598 1267 omues
622 1199 835 1268 confirmandi
869 1202 965 1268 simul
994 1223 1069 1268 oum
1103 1205 1171 1270 suis
1206 1201 1429 1290 compatribus
1461 1203 1496 1267 in
1529 1221 1636 1288 genua

428 1308 656 1393 procumbant.

515 1415 568 1480 79.
594 1416 774 1502 Episcopus
797 1423 952 1502 assurget
974 1436 1013 1482 ao
1035 1417 1127 1482 elata
1150 1435 1232 1484 vooe
1255 1422 1289 1481 et
1318 1416 1443 1482 iunctis
1478 1413 1636 1494 manibus,

428 1542 610 1590 conversus
632 1522 673 1590 ad
696 1521 938 1590 confirmandos
961 1521 1058 1590 dioet.

517 1735 658 1824 Spiritus
681 1739 823 1806 Sanetus
846 1740 1061 1826 superveniat
1083 1741 1117 1804 iu
1141 1759 1210 1816 vos,
1227 1744 1261 1804 et
1277 1739 1386 1804 virtus
1403 1737 1568 1804 ditissimi
1582 1757 1636 1806 eu-

430 1861 551 1928 stddiat
573 1882 633 1928 vos
656 1883 676 1928 a
697 1855 853 1950 peoott's.
878 1875 916 1945 re.
932 1863 1049 1932 Amen.

518 2075 643 2144 Deinde
665 2099 702 2144 se
724 2080 859 2164 signans
883 2079 982 2147 dicet:

519 2297 548 2364 i·
596 2293 804 2360 Adiutdrium
826 2301 978 2362 nostrum
1001 2297 1035 2361 iu
1059 2295 1190 2361 ndmine
1213 2292 1351 2358 deini.

519 2427 554 2498 rt.
600 2419 664 2494 Qui
687 2420 767 2486 fecit
789 2421 910 2487 coslum
932 2427 967 2487 et
989 2427 1126 2487 terram.

520 2549 553 2617 ἵ.
598 2545 744 2622 deiue‚
769 2547 890 2615 exdudi
913 2549 1097 2614 oratidnem
1120 2567 1235 2614 meam.

518 2685 554 2756 ro.
600 2675 645 2740 Et
666 2675 792 2740 clamor
816 2693 907 2741 meus
928 2675 970 2740 ad
994 2681 1028 2740 te
1052 2675 1175 2740 vdniat.

517 2805 548 2873 t.
594 2799 752 2864 Dominus
775 2798 955 2866 vobiscum.

519 2935 553 3005 n.
600 2925 741 2991 Etcum
765 2923 885 3011 spiritu
909 2932 978 2992 tuo.

518 3140 676 3206 Entensis
699 3139 815 3206 deinde
838 3141 988 3206 manibus
1011 3161 1129 3208 versus
1153 3138 1406 3220 confirmandos,
1430 3137 1529 3206 dieat.

941 3391 1121 3459 OREMUS

434 3543 694 3710 Omnipotens
716 3623 915 3711 sempiterne
938 3624 1034 3698 Deus,
1052 3625 1107 3707 qui
1130 3623 1330 3708 regenerdrs
1353 3621 1509 3708 digndtus
1528 3643 1563 3690 es
1578 3621 1636 3690 hoe

428 3751 570 3816 simules
593 3757 668 3816 tuos
692 3769 734 3815 ex
757 3769 842 3834 aqua
863 3755 898 3814 et
921 3747 1047 3834 Spiritu
1072 3747 1205 3824 Sancto,
1229 3749 1350 3832 quique
1371 3746 1491 3814 dedisti
1515 3751 1564 3814 eir
1587 3767 1637 3814 re·

430 3876 617 3941 missidnem
638 3875 782 3940 dmnium
798 3874 1019 3960 peooatdrum:
1037 3871 1152 3940 emitte
1180 3874 1213 3938 in
1240 3893 1297 3939 eos
1321 3873 1546 3960 septiidrmem
1571 3869 1637 3960 spi-

429 4001 530 4065 ritum
554 4007 648 4066 tuum
671 3981 1058 4067 Sanctum'Pardolitum
1082 3999 1122 4065 de
1146 3997 1246 4064 rroeiis.
1272 4007 1307 4078 rt.
1331 3997 1449 4063 Amen.

516 4125 675 4211 Spiritum
698 4127 866 4214 sapientiae
890 4135 924 4194 et
947 4127 1151 4193 intelldotus.
1175 4135 1212 4205 re.
1236 4123 1352 4227 dmeu.

516 4250 675 4337 Spiritum
697 4253 829 4321 consilii
853 4261 887 4320 et
909 4252 1124 4319 fortitudinis.
1149 4261 1185 4328 ru.
1209 4250 1325 4316 Amen.

516 4377 675 4463 Spiritum
699 4381 844 4447 soientiae
868 4387 902 4445 et
924 4379 1065 4464 pietdtis.
1090 4385 1126 4456 rt.
1152 4377 1267 4442 Amen.

516 4501 668 4589 Adimple
692 4525 748 4571 eos
772 4503 897 4592 Spiritu
921 4503 1049 4569 timoris
1072 4502 1123 4565 tui
1146 4506 1180 4566 et
1196 4497 1356 4587 consigna
1372 4521 1428 4568 eos
1443 4501 1540 4588 signo
1562 4501 1639 4570 Gru·

431 4627 477 4691 ois
500 4627 542 4712 »Β
566 4628 690 4694 christi
713 4630 746 4693 in
770 4629 871 4702 vitam
893 4628 1092 4712 propitidtus
1116 4626 1286 4693 aetdrnam.
1312 4629 1379 4694 Per
1401 4627 1552 4696 edmdsm
1575 4627 1640 4694 ῦὸ-
