4175 5717
518 734 584 800 292
984 758 1049 804 nui.
1076 759 1096 804 1.
1572 795 1579 838 3

430 861 655 928 functionibus
678 863 867 948 peragenda
890 873 978 938 sunt,
1003 864 1138 950 expedit
1167 863 1296 948 quidem
1328 869 1366 928 ut
1388 869 1487 930 antea
1519 863 1659 950 penitus

430 968 624 1053 praevideat
646 989 686 1035 ac
709 991 821 1036 secum
845 973 954 1036 animo
978 971 1171 1058 perpendat.
1197 973 1246 1036 Ac
1268 972 1295 1036 si
1318 971 1382 1038 hoc
1405 971 1438 1037 in
1462 970 1540 1038 loeo
1555 989 1660 1058 pecu-

431 1075 532 1142 liares
556 1078 627 1142 eius
658 1081 806 1144 actiones
837 1084 955 1144 notare
983 1081 1134 1157 velimus,
1167 1099 1323 1144 ueremur
1346 1099 1388 1146 ne
1419 1065 1678 1166 impedimento

326 1205 329 1211 ·
430 1187 490 1270 ipsi
514 1189 558 1250 sit
579 1185 621 1251 ad
645 1193 736 1252 recte
766 1195 866 1272 atque
890 1189 924 1253 in
955 1196 1062 1255 totum
1093 1187 1338 1275 adimplendum
1369 1186 1513 1253 officium
1543 1207 1657 1262 suum,

430 1295 570 1370 scilicet,
596 1314 637 1359 ne
660 1295 892 1363 animadversa
914 1303 949 1362 et
971 1298 1124 1382 praevisa
1147 1303 1243 1383 parte
1258 1293 1486 1361 tantummodo
1503 1313 1577 1372 sua,
1595 1313 1659 1382 pa·

434 1423 507 1466 runi
531 1423 633 1467 curae
663 1410 796 1486 gereret
827 1403 868 1469 de
898 1405 1084 1470 act-ionibus
1108 1411 1142 1470 et
1177 1403 1301 1480 officiis,
1337 1423 1421 1488 quae
1445 1401 1484 1468 ad
1520 1409 1658 1468 ceteros

432 1511 602 1594 pertinent.
624 1512 802 1575 ministros.
827 1511 926 1576 Hisce
950 1511 990 1578 de
1014 1513 1123 1577 causis
1140 1511 1316 1597 generales
1332 1512 1396 1577 hec
1411 1529 1512 1598 super
1532 1528 1573 1576 re
1589 1515 1659 1576 tra·

435 1617 549 1682 demus
565 1617 668 1702 leges.
686 1617 945 1684 Caeremonialis
962 1619 1199 1706 Episcoporum
1216 1620 1450 1685 auctoritatem
1463 1622 1658 1712 sequentes.

520 1726 550 1788 7.
576 1725 703 1790 Tunica
727 1725 994 1791 Gaeremoniario
1018 1727 1073 1792 vel
1099 1727 1371 1826 caeremoniariis
1395 1723 1436 1790 ad
1465 1721 1658 1792 eamedm-

435 1834 485 1898 les
509 1832 647 1898 addictis
676 1835 819 1919 propria,
851 1841 903 1900 est
933 1835 1055 1901 coloris
1087 1834 1228 1901 violacei
1260 1854 1300 1901 ac
1330 1853 1429 1920 super
1458 1835 1565 1920 ipsam
1596 1853 1659 1900 su-

433 1940 777 2026 pe1·pelliceun1.Hac
807 1948 901 2008 ueste
931 1943 1082 2007 violacea
1113 1945 1161 2008 uti
1193 1940 1399 2009 solummodo
1428 1945 1592 2026 poterunt
1623 1941 1658 2006 in

434 2048 697 2118 Gatliedralibus.
722 2051 837 2115 autin
863 2051 1033 2127 Ecclesiis‚
1059 2052 1093 2116 in
1116 2051 1234 2134 quibus
1257 2050 1344 2116 adsit
1368 2047 1559 2134 Capitulum
1586 2049 1660 2114 uni·

433 2175 568 2220 versum
600 2158 702 2242 ipsius
733 2157 954 2224 cathedralis.
989 2159 1027 2222 In
1061 2158 1134 2223 aliis
1166 2157 1328 2224 Ecclesiis
1364 2147 1661 2224 caeremoniari·qu

434 2269 559 2329 vestem
584 2265 725 2330 talarem
750 2267 877 2350 nigram
903 2287 978 2331 curn
1002 2266 1246 2352 superpelliceo
1271 2259 1385 2332 induet
1409 2263 1478 2331 sibi.

520 2375 550 2435 tl.
576 2372 656 2437 Eius
680 2371 823 2437 officium
854 2375 887 2436 in
919 2374 1037 2451 Missis,
1069 2375 1227 2460 vesperis,
1259 2373 1398 2458 aliisque
1426 2371 1661 2440 functionibus

433 2479 629 2564 plerumque
652 2485 810 2545 versatur
833 2481 866 2544 in
882 2480 1066 2546 assistendo
1083 2480 1284 2558 Celebranti,
1301 2478 1474 2545 etidcirco
1491 2499 1661 2566 nusquam

382 2645 390 2662 ,
432 2585 592 2653 recedens
615 2607 717 2673 prope
739 2589 845 2673 ipsum
869 2588 1022 2654 adstabit.

520 2697 551 2762 9.
576 2697 696 2762 Relate
719 2697 760 2762 ad
785 2697 955 2762 Ministros
977 2717 1092 2762 sacros
1117 2696 1215 2763 etad
1239 2704 1390 2764 caeteros
1421 2696 1520 2762 etiam
1554 2695 1662 2762 Mini-

432 2813 520 2870 stros
544 2806 713 2870 inferioris
736 2804 870 2890 gradus,
895 2791 1168 2888 quemadmodum
1192 2805 1386 2890 respectivis
1415 2802 1573 2890 capitulis
1606 2803 1664 2870 de·

432 2913 626 2988 clarabitur,
651 2914 706 2996 qui
731 2918 765 2978 et
788 2914 847 2998 ipsi
871 2912 1046 2978 assistendi
1078 2919 1166 2988 sunt,
1191 2915 1217 2978 si
1248 2913 1363 2999 plures
1398 2919 1499 2978 erunt
1529 2911 1663 2980 Caere-

433 3022 594 3096 moniarii,
619 3021 783 3086 secundus
807 3041 922 3084 eorum
946 3040 1060 3085 curant
1086 3027 1182 3104 geret
1205 3020 1245 3085 de
1269 3021 1557 3096 Minist1·is,secus
1579 3021 1664 3088 huic

432 3127 537 3192 officio
562 3129 728 3214 supplebit
751 3127 998 3202 thuriferarius,
1023 3147 1123 3212 quum
1149 3129 1209 3214 ipsi
1226 3128 1365 3204 vacabit,
1391 3127 1446 3193 vel
1463 3127 1598 3212 quidam
1616 3149 1663 3196 ex

431 3235 609 3321 acolythis

431 3393 449 3426 ,
524 3344 573 3407 10.
599 3344 880 3410 praecedentibus
905 3344 1060 3430 capitulis
1084 3345 1297 3428 exposuimus
1321 3341 1528 3429 disciplinam
1546 3363 1567 3408 a
1586 3343 1665 3412 Gle-

434 3469 471 3514 ro
500 3453 533 3514 in
559 3451 1005 3536 ch01·oservandam,quod
1038 3454 1143 3538 ipsum
1167 3453 1200 3516 in
1232 3451 1375 3516 decursu
1409 3451 1509 3516 huius
1544 3455 1662 3538 operis

435 3579 573 3624 monere
597 3579 662 3624 non
686 3560 884 3626 desinemus.
908 3561 1023 3644 ltaque
1048 3559 1335 3626 Geeremoniarius
1360 3558 1463 3636 chori,
1485 3559 1583 3624 cuius
1608 3567 1664 3628 est

435 3667 468 3729 in
493 3667 643 3732 omnibus
668 3668 856 3752 invigilare,
882 3669 915 3732 in
932 3671 1083 3731 extremo
1108 3667 1317 3753 presbyterio
1334 3667 1486 3742 scalslet,
1504 3667 1595 3734 unde
1618 3669 1662 3735 ab

433 3773 583 3837 omnibus
610 3773 710 3838 facile
734 3776 879 3861 conspici
904 3776 1017 3860 possit,
1041 3780 1076 3838 et
1099 3779 1183 3838 nutu
1200 3773 1311 3857 aliquo
1328 3775 1476 3838 actiones
1494 3774 1660 3860 singulas,

433 3901 452 3944 a
477 3879 580 3944 Olero
606 3883 638 3945 in
663 3882 765 3947 choro
789 3883 957 3968 praesenti
979 3881 1197 3967 peragendas,
1222 3879 1429 3966 significabit
1454 3880 1516 3946 Ubi
1532 3883 1661 3948 chorus

433 3990 612 4055 Praefecto
641 3997 767 4065 careat,
792 3990 833 4054 ad
858 3990 1162 4055 caeremoniarium
1186 3988 1365 4075 pertinebit¹
1386 3987 1575 4073 advigilare
1608 3989 1661 4056 di·

431 4097 595 4181 sciplinae
626 4097 822 4174 servandae,
854 4118 938 4182 quae
969 4098 1010 4162 ab
1043 4096 1157 4161 eodem
1189 4095 1431 4163 caeremoniali
1463 4095 1516 4162 his
1547 4099 1662 4164 verbis

431 4201 623 4287 exponitur:
650 4205 707 4270 Ad
730 4225 854 4272 eorum
879 4207 1031 4290 officium
1048 4203 1228 4287 spectabit,
1245 4210 1285 4270 ut
1301 4205 1398 4270 intra
1414 4203 1561 4270 chorum
1581 4209 1663 4274 aut-

432 4312 466 4373 to
488 4315 577 4396 fiunt
600 4312 785 4396 colloquio,
810 4333 875 4378 oco
900 4314 980 4386 siut,
1008 4313 1072 4396 qui
1094 4312 1172 4376 risu
1196 4312 1307 4377 alioue
1338 4311 1575 4394 incorreposito,
1608 4317 1665 4380 eet

434 4417 551 4484 rainae
576 4421 728 4488 modesto
752 4427 833 4487 octa
857 4441 932 4487 rem
956 4420 1114 4487 diuinam
1139 4418 1288 4494 turbent,
1314 4439 1385 4484 uon
1408 4417 1579 4502 quicum
1611 4441 1664 4488 ce·

435 4529 593 4592 trecorum
615 4531 783 4595 scandolo
807 4530 998 4604 dorostena·
1023 4528 1144 4594 liter-os
1167 4533 1230 4593 out
1253 4527 1343 4592 otior
1367 4527 1571 4608 scripturas
1606 4532 1657 4596 le-

432 4637 535 4712 poat;
559 4635 621 4698 sed
643 4657 708 4704 aec
732 4637 838 4704 libros
862 4642 924 4704 out
947 4637 1064 4728 ipsum
1088 4635 1314 4704 Breoim’ium
1337 4641 1400 4702 out
1422 4632 1662 4732 Dimum-in

1489 4741 1503 4778 Δ
