4175 5717
968 745 1033 790 ΗΒ.
1061 743 1106 790 lV.

808 963 858 1026 De
882 961 989 1024 radas
1008 959 1277 1042 praeparandis

516 1181 547 1240 2.
575 1178 784 1240 llxnabetm·
808 1195 826 1238 e.
851 1175 944 1238 fonte
968 1192 1055 1256 aqua
1078 1167 1249 1256 corrupta,
1274 1172 1301 1236 si
1325 1171 1389 1236 bac
1405 1171 1447 1236 de
1470 1191 1591 1236 caussa
1607 1191 1659 1236 re-

430 1283 582 1347 novanda
606 1285 666 1348 erit
695 1281 890 1350 benedictio.
916 1281 991 1344 lons
1016 1282 1086 1364 ipse
1110 1279 1291 1364 diligenter
1314 1277 1517 1364 purgabitur
1532 1285 1567 1344 et
1589 1277 1657 1344 alia

427 1413 513 1476 aqtta
539 1393 666 1456 recenti
690 1397 724 1456 et.
748 1389 883 1476 limpida
907 1388 1102 1473 replebitur.

516 1501 548 1563 3.
576 1499 685 1582 Propo
718 1499 843 1560 iontem
876 1493 1131 1581 praeparabitur
1162 1493 1285 1559 abacus
1315 1493 1392 1558 alba
1420 1492 1559 1558 tobalea
1581 1513 1659 1560 cou-

432 1613 552 1676 tectus,
578 1611 610 1668 ln
635 1625 700 1687 quo
724 1604 920 1688 disponetur
944 1601 1090 1676 Ilituala,
1108 1621 1230 1666 urceus
1247 1607 1280 1666 et
1296 1601 1404 1687 pelvis
1425 1621 1504 1666 cum
1527 1601 1659 1668 mantili

433 1734 493 1777 seu
518 1712 727 1795 manutergio
752 1731 813 1796 pro
836 1709 1008 1774 ablutione
1031 1729 1187 1773 manuum
1206 1707 1427 1786 Celebrantis,
1443 1707 1661 1792 aliquantula

430 1818 578 1883 medulla
602 1819 695 1902 panis
720 1823 752 1881 et
777 1817 856 1880 mali
881 1815 998 1881 medici
1023 1817 1055 1880 in
1081 1815 1261 1902 pelvicula,
1281 1815 1376 1880 binae
1395 1815 1583 1902 ampullae,
1607 1815 1661 1880 al-

431 1935 504 1988 tora
530 1925 604 1987 tllei
629 1924 737 1988 sancti
763 1923 1098 1999 (lataclmmenorum,
1116 1924 1226 1987 altera
1243 1921 1275 1987 S.
1294 1921 1491 1988 Gbrismatis
1511 1923 1544 1986 in
1563 1923 1661 1988 lance

431 2041 591 2114 arpenteo
617 2032 669 2095 vol
695 2038 856 2106 stannea;
884 2029 1092 2112 tlmribulum
1110 2051 1184 2095 cum
1202 2028 1379 2106 navicula;
1401 2029 1554 2094 alterum
1572 2049 1662 2096 man-

434 2143 490 2204 tile
515 2162 533 2204 e
558 2142 626 2206 tela
651 2140 723 2204 rudi
749 2140 802 2204 vel
828 2141 967 2223 spongia
990 2139 1030 2202 ad
1048 2138 1307 2224 abstergendum
1324 2139 1448 2203 iontem
1467 2145 1505 2204 et
1520 2137 1661 2206 blissale

428 2255 581 2333 apertum
608 2248 660 2312 vel
686 2247 859 2332 signaculo
882 2249 990 2331 posito
1014 2245 1054 2310 ad
1081 2245 1228 2311 Litanias
1260 2245 1393 2311 Sabbati
1427 2243 1560 2321 Sancti,
1591 2247 1660 2312 aiva

429 2358 529 2420 etiam
555 2355 765 2444 Breviarium
789 2355 957 2437 signatum
980 2353 1021 2417 ad
1048 2353 1194 2418 Litanias
1218 2361 1293 2439 post
1316 2353 1463 2437 psalmos
1488 2353 1662 2439 poeniten·

433 2463 539 2527 tiales.

519 2574 548 2634 4.
575 2569 663 2632 Ante
690 2569 814 2632 iontem
838 2573 1011 2633 sternetur
1035 2574 1183 2654 tapetum
1208 2570 1376 2654 exiguum.

519 2680 552 2742 5.
579 2677 674 2753 Quod
698 2679 725 2740 si
750 2679 782 2740 in
807 2677 1003 2762 baptisterio
1019 2675 1152 2742 adesset
1170 2676 1300 2754 Altare,
1317 2675 1442 2763 gradus
1460 2683 1663 2746 sternantur

433 2796 553 2874 tapeto,
579 2795 614 2851 et
636 2784 857 2850 exornabitur
882 2785 988 2868 ipsum
1012 2782 1222 2848 candelabris
1246 2802 1320 2849 cum
1345 2783 1453 2850 cereis
1478 2790 1514 2850 et
1542 2785 1661 2852 Gruce.

516 2899 547 2958 a.
573 2896 609 2958 ln
634 2893 787 2957 sacristia
809 2889 1065 2976 praeparabitur
1095 2889 1243 2974 pluviale
1276 2911 1351 2955 cum
1382 2889 1473 2956 stola
1504 2891 1661 2958 violacea

429 3009 458 3064 et
496 2999 776 3086 superpelliceum
808 3017 868 3082 pro
899 2995 1110 3071 celebrante,
1143 2995 1387 3082 superpellicea
1421 3016 1485 3083 pro
1522 2997 1660 3064 clericis

430 3107 697 3174 inservientilms,
730 3105 822 3171 (trux
853 3104 985 3169 hastilis
1017 3113 1048 3169 et
1081 3104 1146 3169 duo
1173 3103 1375 3169 candelabra
1398 3122 1475 3170 cum
1508 3107 1661 3174 candelis

432 3237 491 3302 pro
517 3214 704 3299 Acolytbis'.

522 3323 553 3384 7.
578 3322 614 3384 ln
639 3335 792 3406 promptu
817 3320 883 3383 erit
906 3319 1006 3383 etiam
1031 3319 1116 3402 ignis
1139 3317 1346 3384 adhibendus
1368 3317 1400 3380 in
1425 3317 1622 3386 thuribulo.

915 3529 963 3600 Ia
984 3531 1170 3616 fanaticae

520 3752 550 3814 8.
576 3751 668 3814 Hora
698 3749 898 3834 praestituta
929 3745 1158 3812 accendentur
1192 3747 1352 3812 candelae
1382 3747 1414 3812 in
1445 3747 1664 3818 candelabris

432 3857 677 3940 Acolythorum
702 3860 737 3919 et
763 3856 852 3919 cerei
875 3856 910 3918 in
934 3853 1046 3918 Altari
1071 3853 1266 3939 baptisterii,
1291 3855 1318 3919 si
1341 3853 1462 3920 aderit.

519 3963 550 4026 o.
577 3961 700 4027 Clerici
723 3967 758 4028 et
781 3961 885 4026 ceteri
908 3961 1105 4025 assistentes
1129 3961 1408 4046 superpelliceum
1434 3959 1501 4028 sibi
1523 3963 1664 4032 induent

431 4087 532 4154 super
555 4075 682 4132 vestem
706 4067 859 4132 talarem.

524 4176 573 4239 lt).
599 4174 785 4239 Celebrans
809 4192 911 4257 supra
934 4172 1216 4259 superpelliceum
1241 4174 1397 4240 induetur
1413 4175 1510 4242 stola
1527 4185 1563 4245 et
1589 4179 1665 4266 plu·

430 4282 510 4345 viali
535 4281 698 4347 violaceo.

526 4390 574 4452 ll.
600 4387 811 4452 Procedetur
835 4385 875 4449 ad
900 4385 1026 4450 fontem
1052 4386 1168 4450 ordine
1192 4389 1354 4470 sequenti.

522 4494 571 4557 12.
598 4493 744 4557 Praeibit
770 4492 915 4556 clericus
939 4492 1094 4557 deterens
1113 4493 1253 4558 Crucem
1271 4493 1437 4568 basulam,
1455 4515 1477 4558 a
1495 4495 1664 4566 lateribus

433 4599 502 4662 cius
527 4599 592 4663 duo
617 4601 776 4686 Acolytbi
801 4599 1003 4664 candelabra
1026 4609 1198 4685 gestantes
1222 4621 1297 4667 curn
1322 4601 1429 4668 cereis
1450 4603 1665 4676 ardentibus.
