4175 5717
532 729 594 793 148
996 751 1062 796 me.
1088 750 1122 796 11.

500 853 505 864 '
526 857 579 920 40.
606 856 674 921 Nisi
702 856 834 922 adesset
869 855 1045 934 Sacerdos,
1071 857 1125 940 qui
1154 856 1327 923 candelam
1351 863 1543 945 praesentet
1567 861 1673 928 Gele-

440 963 559 1039 branti,
585 963 750 1030 Diaconus
774 983 846 1030 eam
871 965 1016 1050 imponet
1039 963 1144 1029 medio
1168 964 1291 1030 Altari:
1316 965 1496 1034 Celebrans
1528 967 1570 1033 ad
1603 967 1674 1034 Al·

439 1077 512 1136 tare
536 1092 572 1136 se
596 1077 781 1150 convertet,
805 1069 1018 1158 genuflectet,
1044 1072 1217 1137 candelam
1249 1080 1368 1150 sumet,
1393 1075 1603 1142 osculabitur
1637 1081 1675 1144 et

439 1177 530 1244 dabit
554 1179 773 1258 Subdiacono,
797 1182 853 1264 qui
876 1200 948 1246 eam
972 1199 1091 1245 rursus
1115 1179 1258 1266 deponet
1281 1183 1315 1246 in
1339 1181 1462 1248 Alteri.
1479 1183 1562 1249 Post
1584 1183 1675 1250 haec

439 1307 475 1352 se
492 1294 668 1354 convertet
680 1308 720 1354 ac
735 1287 1000 1353 distributionem
1017 1293 1222 1371 exsequetur
1236 1289 1332 1354 modo
1345 1291 1498 1375 superius
1511 1287 1673 1356 indicato.

527 1397 579 1460 41.
605 1396 638 1462 Si
663 1397 827 1461 Diaconus
850 1402 910 1460 aut
933 1395 1161 1461 Subdiaconus
1178 1402 1290 1462 essent
1305 1397 1512 1484 Presbyteri,
1534 1415 1603 1464 non
1624 1397 1674 1464 li·

438 1503 527 1569 cebit
550 1505 598 1569 eis
622 1504 795 1570 candelam
819 1503 953 1569 tradere
978 1503 1179 1578 Oelebranti,
1205 1504 1365 1588 siquidem
1388 1504 1422 1570 in
1446 1504 1562 1572 ordine
1585 1505 1676 1572 infe·

439 1613 519 1677 riori
543 1614 742 1683 ministrant.

528 1721 580 1786 42.
605 1721 759 1786 Aderunt
781 1720 847 1786 duo
870 1720 925 1785 vel
950 1720 1064 1806 plures
1096 1720 1224 1786 clerici'
1242 1721 1391 1786 candelis
1424 1721 1513 1787 Cleri
1544 1739 1676 1788 accen·

438 1828 552 1893 dendis
576 1827 730 1912 delegati,
756 1829 812 1912 qui
835 1833 947 1892 tamen
973 1833 1105 1892 mature
1139 1827 1321 1894 accendere
1351 1829 1518 1914 incipient,
1544 1847 1592 1900 ne¹
1613 1849 1675 1896 re-

439 1936 592 2001 tardetur
615 1936 791 2022 processio.
817 1935 898 1999 item
921 1935 1170 2011 thuriferarius,
1196 1935 1251 2000 ubi
1282 1935 1457 2001 candelam
1488 1937 1675 2022 acceperit,

437 2043 592 2107 advertet
624 2044 771 2107 animum
793 2041 835 2106 ad
859 2041 1122 2127 praeparandum
1148 2042 1356 2108 thuribulum
1388 2031 1435 2107 in'
1456 2044 1676 2128 processione

436 2149 666 2214 adhibendum.

525 2257 577 2320 43.
603 2255 890 2321 caeremoniarius
913 2256 968 2320 vel
993 2255 1184 2341 Acolythus
1211 2257 1331 2342 aliquis
1363 2255 1537 2322 candelam
1566 2257 1674 2324 Gele-

438 2365 564 2430 brantis
597 2364 638 2430 ab
674 2363 784 2428 Alteri
815 2363 990 2440 amovebit,
1017 2371 1055 2428 ut
1091 2363 1275 2430 accendere
1298 2370 1333 2430 et
1356 2364 1490 2430 tradere
1521 2365 1676 2434 Diacono

435 2473 548 2558 possit,
573 2477 611 2536 ut
634 2471 800 2557 deinceps,
824 2472 970 2556 itemque
1005 2472 1040 2535 in
1071 2476 1224 2557 promptu
1260 2471 1395 2538 habebit
1427 2471 1571 2538 alteram
1608 2493 1674 2561 pro

436 2582 581 2647 Diacono
604 2583 684 2668 ipso.
1356 2641 1362 2654 .

523 2689 575 2754 44.
602 2688 669 2755 Sub
687 2686 785 2754 linem
801 2687 1044 2754 distributionis
1062 2686 1222 2773 Acolythi
1239 2687 1435 2774 provideant
1452 2687 1538 2754 utin
1558 2709 1676 2774 prom-

434 2803 493 2884 ptu
517 2798 560 2862 sit
583 2797 690 2882 pelvis
713 2815 788 2862 cum
813 2816 915 2862 urceo
939 2801 974 2861 et
999 2795 1138 2860 mantile
1161 2814 1236 2860 cum
1260 2794 1410 2861 medulla
1425 2797 1520 2882 panis
1536 2796 1565 2861 si
1584 2815 1674 2883 opus

435 2906 547 2982 suerit,
565 2912 603 2970 ut
618 2905 821 2970 ablutionem
839 2903 1040 2979 Celebranti,
1054 2908 1189 2988 peracta
1200 2902 1444 2981 distributione,
1458 2904 1670 2972 ministrent.

525 3013 577 3078 45.
603 3013 711 3088 Quum
736 3011 926 3077 distributio
949 3011 1104 3076 absoluta
1127 3012 1201 3087 orit,
1227 3011 1254 3075 si
1279 3009 1461 3076 celebrans
1484 3009 1527 3075 ad
1543 3011 1673 3078 balau-

435 3123 553 3186 strium
578 3122 647 3185 sive
678 3119 849 3185 cancellos
884 3118 1103 3194 descenderit,
1140 3117 1359 3184 distribuendi
1387 3137 1505 3184 caussa
1538 3121 1672 3206 populo

435 3227 602 3304 candelas,
639 3227 759 3293 redibit
793 3232 872 3292 ante
901 3225 1021 3292 Altare
1056 3245 1130 3291 cum
1166 3226 1337 3302 Ministris,
1364 3227 1591 3291 reverentiam
1623 3217 1674 3294 ibi

434 3337 544 3412 faciet,
569 3341 603 3402 et
625 3336 780 3402 transibit
805 3336 838 3400 in
862 3334 952 3398 latus
976 3333 1147 3420 Epistolae
1171 3332 1257 3419 apud
1280 3333 1427 3408 abacum,
1453 3331 1508 3397 ubi
1543 3353 1671 3402 manus

435 3444 561 3509 lavabit
585 3465 707 3528 easque
742 3442 890 3508 medulla
914 3444 1017 3528 panis,
1042 3443 1069 3506 si
1096 3462 1178 3526 opus
1205 3440 1317 3515 fuerit,
1343 3441 1441 3504 otiam
1476 3439 1670 3510 mundabit.

434 3551 492 3616 Sin
516 3571 560 3616 ex
583 3551 693 3616 Alteri
718 3570 784 3615 non
808 3548 1027 3625 descenderit,
1053 3547 1213 3633 Acolythi
1236 3547 1277 3612 ad
1301 3547 1421 3612 Altare
1444 3547 1635 3616 ascendent
1650 3571 1672 3616 a

434 3659 543 3723 latere
560 3678 634 3723 cum
658 3658 759 3744 pelvi,
785 3677 885 3722 urceo
909 3665 944 3722 et
967 3655 1107 3732 mantili,
1132 3675 1171 3720 ac
1195 3654 1375 3720 celebrans
1393 3660 1485 3721 stans
1502 3657 1537 3720 in
1554 3658 1671 3726 latere

434 3764 606 3850 Epistolae
640 3765 754 3830 eodem
790 3763 885 3829 modo
909 3784 973 3848 quo
997 3763 1090 3828 lavat
1123 3781 1239 3827 manus
1263 3764 1297 3826 in
1320 3751 1433 3840 Missa,¹
1460 3763 1591 3830 lavabit
1628 3785 1673 3834 ac

434 3871 605 3937 mundabit
630 3891 747 3935 manus
775 3876 810 3936 ot
836 3871 965 3936 mantili
1001 3875 1166 3955 exterget.
1192 3871 1229 3934 ln
1252 3869 1316 3935 hac
1349 3871 1481 3936 actione
1517 3871 1671 3946 Ministri

431 3978 581 4065 pluviale
605 3978 698 4044 illius
722 3977 846 4043 elatum
871 3978 1093 4043 sustinebunt.

520 4086 573 4150 46.
599 4086 751 4151 Manibus
775 4085 864 4162 lotis,
890 4087 917 4151 si
942 4085 1125 4152 Celebrans
1148 4083 1294 4150 adstabit
1323 4083 1435 4162 abaco,
1459 4086 1625 4154 ascendet
1648 4110 1670 4155 a

431 4194 539 4259 latere
563 4192 603 4257 ad
628 4192 747 4257 Altero
763 4194 797 4256 in
814 4212 919 4257 cornu
943 4193 1115 4277 Epistolae
1140 4199 1174 4257 et
1196 4192 1238 4257 ad
1262 4192 1398 4257 Missale
1414 4195 1585 4259 consistet.
1605 4195 1666 4262 Sin

431 4307 542 4367 autem
566 4301 693 4365 lavabit
716 4320 832 4365 manus
856 4302 890 4364 in
915 4301 1022 4365 latere
1047 4301 1229 4386 Epistolae,
1254 4300 1404 4365 manibus
1428 4301 1564 4378 ablutis,
1586 4323 1667 4370 con-

430 4415 584 4474 vertetur
617 4409 658 4473 ad
695 4408 838 4474 Missale.
876 4409 1020 4473 Ministri
1044 4408 1223 4474 adstabunt
1258 4408 1421 4474 lateribus
1446 4410 1528 4486 eius,
1553 4417 1593 4475 ut
1629 4413 1661 4476 in

432 4516 612 4581 functionis
637 4518 739 4581 initio.

520 4623 571 4686 47.
600 4625 731 4690 [nterea
755 4626 788 4690 in
812 4625 917 4692 choro
941 4623 1167 4692 accendentur
1191 4643 1211 4686 a
1235 4621 1336 4688 Clero
1360 4624 1529 4702 candelae,
1554 4633 1594 4692 ut
1608 4647 1662 4692 su·
