4175 5717
533 721 599 786 '2⁰6
998 739 1065 786 nra
1092 739 1111 784 ι.

451 847 506 913 ubi
532 847 701 933 manipulo
724 847 785 913 sibi
809 845 935 922 indut',o
959 865 1034 911 cum
1059 845 1163 960 suetis¹
1186 842 1384 909 reverentiis
1406 839 1448 907 ad
1476 838 1599 908 Alture
1623 857 1678 906 re

447 953 528 1020 dibit
515 956 801 1020 tministraturus
824 955 876 1018 tu'
882 949 1038 1019 Missa-.·'·
1280 959 1283 968 ·

530 1195 533 1202 ·
620 1137 623 1141 ’
731 1171 772 1252 ·5.
799 1169 849 1234 10.
874 1167 919 1235 rs
943 1165 1128 1236 nemeaea
1151 1164 1371 1234 Parmam.
1540 1161 1575 1208 ··=

532 1386 608 1450 203.
634 1385 799 1449 Diaconus
822 1384 858 1448 in
881 1389 1019 1449 accessu
1054 1382 1095 1448 ad
1119 1382 1240 1449 Altare
1270 1381 1418 1448 servabit
1447 1401 1496 1460 ea,
1519 1401 1607 1468 quae
1637 1383 1674 1448 in

446 1494 620 1559 iunctione
643 1489 884 1558 benedictionis
908 1491 1127 1556 candelarum
1150 1490 1214 1556 hoo
1236 1491 1345 1578 capite
1367 1489 1533 1578 descripta
1555 1493 1647 1556 sunt

534 1597 722 1664 ‘tce-Post
752 1598 978 1683 aspersionem
1010 1617 1116 1682 aquae
1146 1596 1344 1663 benedictae
1376 1591 1580 1683 manipulum
1609 1597 1674 1664 sibi

442 1706 566 1780 induet,
544 1704 837 1791 tsuppedaneum
861 1725 937 1770 cum
962 1704 1163 1772 cclebrante
1187 1704 1397 1781 conscendet,
1425 1723 1490 1768 non
1514 1699 1672 1790 genufle-

357 1889 365 1903 .
445 1819 514 1879 etet
536 1825 643 1898 quum·
661 1803 722 1877 ille
737 1811 902 1878 osculabit
887 1817 944 1882 tur
960 1811 1091 1889 Altare,
1116 1819 1234 1899 perget
1258 1829 1333 1879 cum
1351 1831 1390 1878 oo
1409 1813 1442 1876 in
1460 1829 1565 1878 cornu
1590 1811 1669 1898 Epi-

443 1921 561 1996 stolae,
585 1919 695 2005 ibique
717 1919 868 1985 adstabit·
884 1921 914 1984 ei
937 1918 1162 1986 dextrorsum.
1566 1965 1568 1970 -

493 2027 607 2094 ·.205
631 2025 828 2094 Lectiones
852 2025 1062 2094 subdiacono
1086 2035 1166 2092 tono
1198 2026 1368 2114 Epistolae
1401 2029 1568 2103 cantata·
1565 2043 1673 2094 0000-

444 2137 501 2202 det
486 2135 675 2222 tpaullum
700 2133 741 2199 ad
764 2132 940 2200 dextoram
965 2134 1175 2200 celebrantis
1198 2141 1236 2200 ut
1252 2133 1436 2220 pluviale'
1428 2133 1489 2219 rpsi
1511 2131 1675 2200 sustollet

446 2265 546 2329 ‹puum
559 2263 691 2308 manum
704 2242 919 2309 osculandam
935 2263 976 2308 ac
987 2242 1250 2310 benedictionem
1264 2241 1433 2331 praebebit
1449 2235 1672 2310 subdiacono.

530 2351 607 2416 200.
632 2349 717 2415 'l'um
741 2349 921 2417 descendet
944 2350 986 2417 de
1008 2351 1130 2428 Alteri,
1154 2351 1255 2417 vadet
1277 2351 1318 2416 ad
1353 2351 1502 2430 abacum,
1525 2347 1673 2437 deponet

443 2458 610 2544 planetam
634 2458 790 2544 plicatam
814 2465 849 2524 et
879 2459 940 2524 sibi
969 2457 1084 2526 induet
1117 2459 1237 2524 stolam
1269 2459 1423 2526 latiorem
1451 2455 1492 2544 (si
1515 2457 1672 2524 Ecclesia

445 2585 524 2630 una
530 2583 574 2631 ex
598 2566 774 2652 primariis
786 2565 902 2651 fuerit)
927 2565 1202 2652 Euangeliarlurn
1225 2572 1343 2642 sumet,
1361 2585 1443 2632 cum
1476 2565 1580 2632 suetis
1609 2557 1672 2632 'rc-

443 2678 565 2738 verent
566 2674 606 2739 iis
551 2671 761 2738 tdeleret·
769 2672 817 2738 ·ad
837 2672 971 2751 ·,Altare
999 2679 1036 2739 ot
1061 2675 1141 2760 quin
1175 2672 1357 2740 descendat
1385 2673 1427 2739 de
1457 2671 1671 2782 suppedaneo

444 2781 486 2845 ad
510 2781 720 2847 celebrantis
745 2779 920 2845 dexteram
945 2781 1074 2846 redibit
1183 2799 1186 2806 ·
1370 2809 1373 2820 ¹

498 2887 626 2954 ·.·207
634 2888 681 2954 lbi
705 2885 868 2954 fimbriam
891 2885 979 2954 dext
958 2893 1065 2954 teram
1089 2887 1247 2976 pluuialis
1272 2887 1479 2954 Subdiaoono
1497 2885 1675 2966 00010000

444 3017 519 3063 cum
544 2979 669 3060 osculis
691 2997 827 3079 rituque
851 2994 982 3061 solito
976 3013 1150 3062 incensum
1172 2996 1373 3062 celebranti
1386 2996 1606 3063 ministrabit.

455 3147 463 3172 .
534 3104 611 3168 208.
636 3104 719 3168 Post
740 3103 824 3168 baec
847 3102 999 3168 redibit
992 3123 1025 3168 1n
1050 3103 1190 3169 medium
1208 3103 1327 3169 Altare
1343 3104 1538 3190 etgenibus
1554 3101 1670 3170 :flexis

446 3213 479 3277 in
496 3210 602 3276 media
619 3212 835 3276 extremitate
852 3210 1054 3297 suppedanei
1071 3212 1225 3278 recitabit
1240 3212 1381 3280 Munda
1393 3231 1455 3280 cor
1469 3231 1588 3280 metam
1602 3219 1670 3290 etp.

439 3324 609 3402 assurget,
627 3317 900 3404 Evangeliarium
916 3325 1038 3394 sumet,
1053 3321 1281 3386 sinistrorsum
1295 3339 1333 3386 se
1349 3325 1526 3386 convertet
1542 3321 1578 3384 in
1594 3341 1674 3408 sup-

437 3426 610 3513 ··,pedanco
623 3432 702 3491 ante
718 3426 953 3493 celebrantem
965 3428 1180 3513 geniculabit,
1187 3427 1454 3495 benedictionem
1465 3427 1506 3494 ab
1519 3447 1559 3494 eo
1568 3433 1675 3515 pemt,

436 3538 483 3598 *et
506 3545 639 3597 manum
662 3534 828 3600 osculabit
814 3540 880 3599 tur.
939 3545 955 3584 ·'
999 3559 1002 3564 ·

535 3641 610 3707 200.
635 3641 811 3727 Assurget,
787 3642 869 3707 tde
900 3642 1011 3708 Alteri
1035 3642 1224 3720 descendet,
1202 3651 1292 3710 tse
1316 3583 1474 3730 adiunget
1493 3643 1675 3712 800011000-

436 3767 500 3826 -00,
525 3755 626 3834 atque
650 3749 871 3835 Evangelium
899 3753 967 3817 ritu
998 3772 1059 3839 pro
1091 3753 1198 3878 Missis
1230 3752 1433 3856 solemnibus
1462 3745 1673 3843 praescripto

435 3858 1005 3934 cantabit·
1392 3881 1394 3886 ·
1564 3873 1628 3914 ·11

533 3965 609 4032 210.
636 3966 718 4030 Post
742 3965 963 4052 Euangelium
991 3974 1162 4033 cantatum
1196 3893 1402 4034 thurificabit
1425 3968 1673 4049 celebrantem,

387 4117 391 4132 .
446 4074 507 4140 ibit
529 4073 570 4138 ad
594 4073 745 4150 abacum,
769 4062 974 4160 manipulum
997 4081 1034 4142 et
1056 4076 1176 4142 stolam
1201 4067 1365 4154 latiorem,
1390 4078 1417 4143 si
1435 4075 1578 4146 indutus
1602 4079 1676 4146 100-

435 4184 500 4258 ·rit,
518 4182 635 4247 domiti
620 4185 679 4257 tet,
698 4179 846 4246 resumet
861 4179 1030 4267 planetam
1054 4183 1222 4268 plicatam,
1247 4185 1459 4271 siprincipio
1489 4205 1571 4252 usus
1589 4167 1675 4254 ·fuc-

447 4291 500 4364 rit,
526 4297 560 4354 et
582 4288 624 4354 ad
640 4280 813 4354 dexteram
839 4287 1050 4355 celebrantis
1074 4290 1214 4376 gradum
1237 4292 1378 4358 referet·
1423 4327 1425 4334 ·
1490 4311 1493 4316 ·
1579 4313 1595 4344 ³·
1621 4303 1648 4332 ''

532 4397 610 4462 211.·
635 4397 799 4463 Advertet
815 4403 853 4462 ut
868 4385 1030 4463 fimbriam
1047 4398 1220 4464 dexteram
1236 4399 1393 4485 pluvialis
1412 4399 1488 4466 eius
1503 4397 1675 4470 0110001101

447 4523 547 4587 quum
577 4507 707 4592 signum
739 4507 855 4573 Crucis
888 4506 1016 4593 palmas
1040 4527 1159 4574 versus
1190 4527 1290 4574 manu
1321 4507 1462 4575 dextera
1481 4499 1605 4588 'faciet
1637 4518 1675 4580 et

432 4607 591 4676 ·Missalis
614 4615 696 4679 solia
726 4615 872 4692 e'volvat,
891 4633 998 4699 -quum
1020 4635 1104 4701 opus
1137 4616 1248 4682 luerit.
1275 4617 1441 4684 Recitabit
1464 4619 1562 4686 etiam
1594 4641 1672 4690 cum

448 4739 488 4784 eo
512 4719 674 4787 submissa
698 4742 780 4789 voce
804 4723 966 4802 Sanctus,
991 4711 1085 4791 utin
1110 4725 1217 4790 Missis
1242 4725 1454 4792 solemnibus.
