4175 5717
523 673 586 748 150
983 697 1050 746 nm.
1074 701 1095 748 1.

430 809 507 876 dum
530 815 605 896 post
627 809 817 886 Diaconum,
847 810 951 893 iisque
985 810 1129 874 cantatis
1162 807 1283 884 verbis,
1308 808 1380 874 sine
1414 799 1649 893 genuflexione

432 919 614 984 Diaconum
648 924 805 1002 sequetur
839 917 993 983 incedens
1029 919 1062 980 in
1095 915 1209 983 eodem
1239 916 1350 1002 plano.
1382 913 1434 980 Ad
1464 915 1650 979 orationem

430 1027 485 1092 vel
510 1028 686 1103 orationes,
711 1028 738 1091 si
762 1027 876 1112 plures
900 1026 1036 1094 fuerint.
1061 1030 1223 1100 cantatas,
1247 1022 1393 1088 manebit
1422 1026 1497 1108 post
1527 1021 1649 1086 Diaco-

430 1156 509 1202 num
533 1141 625 1200 stans
650 1136 682 1198 in
706 1135 806 1220 plano
828 1141 907 1199 ante
931 1132 1076 1197 infimum
1100 1131 1249 1217 gradum
1273 1130 1314 1195 ad
1337 1129 1476 1196 verbum
1500 1127 1648 1196 &emus

432 1244 680 1310 inclinationem
702 1243 803 1307 faciet
827 1241 967 1308 Crucem
991 1261 1120 1316 versus,
1145 1241 1289 1323 itemque
1313 1240 1340 1303 si
1363 1239 1398 1302 in
1420 1237 1571 1302 oratione
1592 1252 1651 1300 no-

431 1352 611 1418 minabitur
634 1353 876 1416 sanctissimum
894 1351 973 1415 Jesu
997 1368 1126 1424 nomem
1152 1346 1237 1431 quod
1261 1348 1289 1411 si
1313 1345 1417 1410 Beata
1450 1345 1567 1428 Virgo,
1591 1339 1649 1407 vel

432 1461 574 1527 Sanctus
597 1459 638 1525 de
662 1480 725 1543 quo
750 1458 942 1524 celebratur
976 1455 1118 1522 officium
1142 1461 1201 1521 aut
1231 1453 1508 1528 commemoratio,
1539 1450 1649 1515 nomi-

430 1568 574 1644 nabitur,
598 1568 722 1633 librum
745 1587 862 1633 versus
885 1565 1058 1632 inclinabit
1082 1571 1190 1651 caput.

520 1676 573 1742 32.
599 1676 690 1741 Inter
713 1681 847 1741 cantum
870 1675 1039 1750 orationis
1065 1675 1134 1739 sive
1158 1673 1296 1738 ultimae
1319 1672 1346 1736 si
1361 1671 1477 1756 plures
1492 1669 1582 1734 erint
1596 1685 1650 1733 ca-

431 1784 568 1861 nendae,
593 1785 730 1870 recipiet
755 1803 775 1848 a
799 1783 1076 1859 Caeremoniario,
1093 1782 1148 1846 rel
1165 1781 1205 1847 ab
1221 1780 1381 1865 acolytho
1397 1777 1647 1865 Epistolarium,

432 1892 517 1977 quod
541 1896 650 1957 sumet
672 1897 814 1975 utraque
845 1911 943 1955 manu
968 1897 1002 1955 et
1031 1896 1110 1956 ante
1140 1895 1256 1976 pectus
1288 1886 1474 1962 sustinebit,
1498 1883 1648 1950 manibus

430 2006 541 2065 autem
563 1999 606 2064 ad
630 2000 858 2065 extremitates
875 1999 952 2065 libri
970 1998 1131 2063 laterales
1147 2003 1181 2063 et
1196 1997 1373 2062 inferiores
1389 1995 1563 2082 applicitis,
1581 1990 1649 2059 effi·

432 2109 521 2173 ciens
545 2113 584 2172 ut
605 2114 764 2193 apertura
788 2106 933 2173 eiusdem
956 2106 1034 2172 libri
1066 2105 1107 2170 ad
1137 2126 1230 2171 suam
1265 2105 1432 2170 sinistram
1467 2121 1566 2168 versa
1594 2102 1647 2166 sit.
1750 2089 1752 2093 ¹

431 2214 481 2279 Ad
506 2216 752 2280 conclusionem
776 2216 923 2292 ultimae,
949 2216 1118 2291 orationis,
1144 2213 1221 2278 dum
1244 2212 1460 2299 proferentur
1483 2209 1586 2276 verba
1609 2209 1648 2276 in

430 2323 565 2390 unitate
599 2329 662 2388 etc.
687 2323 845 2408 procedet
874 2326 908 2388 in
939 2322 1081 2388 medium
1111 2327 1189 2387 ante
1221 2321 1349 2396 Altare,
1381 2315 1647 2405 genuflexionem

431 2427 551 2495 efficiet
574 2436 608 2495 et
631 2429 672 2494 ad
696 2432 834 2496 chorum
858 2433 1082 2496 reverentiam
1107 2450 1225 2495 versus
1242 2437 1420 2514 utrumque
1437 2429 1526 2494 latus
1539 2428 1649 2492 Evan-

430 2538 509 2621 gelii
534 2542 568 2603 et
591 2538 771 2624 Epistolae,
796 2538 916 2604 redibit
938 2539 994 2605 ubi
1017 2545 1116 2603 antea
1140 2543 1224 2614 erat,
1248 2543 1379 2623 etpost
1402 2536 1515 2603 Amen
1546 2554 1646 2620 quum

430 2645 553 2710 chorus
577 2646 774 2724 consederit,
798 2649 966 2712 sustinens
990 2647 1051 2712 sibi
1075 2646 1197 2713 librum
1228 2649 1365 2732 aperiet,
1397 2651 1432 2711 et
1465 2644 1648 2732 Epistolam

430 2758 529 2818 canet
552 2758 631 2819 tono
655 2757 778 2820 constit
804 2762 837 2821 to
862 2752 925 2842 (a).

518 2861 570 2926 33.
596 2862 736 2928 Gantata
760 2863 924 2952 Epistola,
948 2863 1084 2929 claudet
1106 2864 1229 2929 librum
1252 2863 1334 2928 dans
1358 2883 1493 2949 operam
1509 2869 1548 2929 ut
1563 2864 1650 2929 eius-

430 2966 502 3032 dem
526 2969 605 3034 libri
628 2976 787 3056 apertura
811 2992 890 3036 suae
914 2973 1079 3048 sinistrae,
1104 2977 1142 3036 ut
1166 2973 1266 3058 prius,
1291 2972 1501 3058 respondeat,
1529 2971 1651 3038 redibit

431 3077 463 3139 in
488 3076 629 3141 medium
660 3087 738 3143 ante
770 3079 898 3155 Ali-arc,
930 3078 1194 3164 genuflexionem
1230 3079 1329 3145 Cruci
1359 3085 1393 3145 et
1427 3081 1650 3145 reverentiam

431 3183 533 3249 choro
557 3185 700 3262 iterabit,
726 3193 760 3251 et
782 3187 962 3252 incendens
986 3189 1022 3251 in
1046 3188 1145 3273 plano
1179 3187 1380 3274 presbyterii
1404 3188 1464 3253 ibit
1479 3186 1527 3271 ¹ad
1558 3186 1649 3252 latus

431 3290 610 3377 Epistolae‚
636 3294 793 3359 ascendet
815 3295 948 3379 gradus
973 3296 1178 3380 geniculabit
1202 3304 1280 3362 ante
1298 3296 1531 3362 Celebrantam
1543 3298 1575 3361 in
1593 3318 1651 3363 ex·

431 3399 599 3465 tremitate
612 3402 821 3486 suppedanei,
840 3403 1088 3469 deosculabitur
1100 3403 1273 3468 ‹lenteram
1288 3405 1380 3468 illius
1394 3424 1536 3483 manum,
1550 3424 1649 3489 quam

431 3504 491 3570 ille
514 3508 660 3593 imponet
684 3510 820 3580 Missali.
845 3511 886 3576 ad
910 3532 1013 3595 eoque
1037 3511 1300 3577 benedictionem
1323 3513 1472 3597 accipiet.

517 3616 570 3679 34.
596 3616 630 3682 Si
655 3618 841 3684 Canonicus
866 3628 952 3684 esset
977 3627 1076 3703 atque
1100 3622 1132 3683 in
1158 3621 1311 3685 Ecclesia
1341 3640 1401 3685 sua
1431 3622 1648 3699 ministraret,

434 3720 640 3790 celebrantis
673 3727 812 3810 genibus
846 3748 912 3792 non
947 3727 1159 3804 advolvetur,
1183 3727 1241 3792 sed
1271 3726 1435 3813 profunde
1466 3728 1647 3794 inclinatus

431 3847 562 3896 manum
586 3832 656 3896 eius
681 3833 930 3900 deosculabitur
953 3842 987 3900 et
1010 3833 1272 3900 benedictionem
1296 3836 1445 3921 accipiet.

519 3939 571 4003 35.
597 3939 630 4004 Si
656 3939 838 4007 Celebrans
862 3948 1006 4008 tractum
1041 3949 1100 4008 aut
1134 3944 1339 4026 sequentiam
1373 3944 1506 4029 legerit,
1530 3944 1577 4010 ita
1611 3951 1651 4011 ut

431 4054 505 4131 post
527 4053 694 4112 cantatam
719 4049 902 4133 Epistulam
925 4051 1040 4135 legere
1064 4071 1129 4115 non
1154 4050 1299 4127 desierit,
1325 4050 1552 4117 subdiaconus
1575 4071 1651 4138 per·

431 4156 574 4220 manebit
598 4157 630 4219 in
654 4156 753 4241 plano
777 4164 855 4222 ante
880 4158 968 4222 latus
993 4157 1087 4234 idem,
1113 4164 1147 4223 et
1170 4158 1337 4235 ascendet,
1361 4165 1525 4246 utsupra,
1547 4179 1649 4244 quum

432 4262 611 4328 Celebrans
636 4265 800 4330 lecturam
824 4267 1028 4351 praedictam
1051 4269 1243 4334 absolverit.

503 4426 546 4492 (a)
567 4425 596 4482 Si
616 4442 679 4482 mos
700 4427 786 4483 luerit
806 4427 905 4486 locare
926 4430 1012 4501 legite
1033 4439 1195 4503 procantu
1223 4431 1382 4504 Epistolae,
1402 4432 1648 4505 quemadmodum

431 4511 506 4568 solet
524 4514 553 4569 in
572 4517 744 4588 quibusdam
765 4517 991 4580 cathedralibus,
1006 4520 1209 4578 subdiaconus
1223 4532 1312 4594 ponet
1325 4522 1430 4578 librum
1444 4541 1535 4595 super
1549 4523 1648 4593 legile,

430 4620 533 4661 manus
553 4616 652 4665 autem
671 4618 809 4667 extensas
829 4611 858 4666 in
878 4612 1064 4670 extremitato
1084 4614 1214 4671 inferiori
1235 4615 1301 4670 libri
1323 4615 1463 4672 ciusdem.
