4175 5717
522 701 585 764 274
986 717 1050 762 raa.
1078 719 1097 762 1.

390 839 393 846 ·
432 826 463 890 S.
489 825 647 901 Hostiam,
673 829 709 888 ut
733 825 766 887 iu
790 824 900 898 Missa,
919 845 1042 908 [tenens
1060 825 1130 890 eius
1147 827 1346 910 particulam
1364 828 1398 892 in
1415 826 1560 894 Calicem
1577 828 1654 896 sine

433 933 506 998 ullo
529 934 623 1018 signo
648 931 764 999 Crucis
788 939 820 996 et
846 931 929 996 nihil
953 931 1092 998 discens.
1118 931 1164 1016 (a)

519 1041 594 1106 364.
619 1038 743 1104 Deinde
766 1039 921 1124 pollicem
945 1045 978 1104 et
1002 1038 1142 1105 indicem
1166 1042 1339 1125 utriusque
1363 1060 1479 1106 manus
1503 1061 1570 1108 non
1586 1042 1657 1108 die·

430 1153 581 1235 iungere,
605 1150 790 1232 iunctisque
816 1147 975 1224 manibus,
999 1152 1132 1212 secreto
1153 1146 1245 1218 dicet
1267 1148 1450 1214 orationem
1469 1149 1654 1232 Perceptt'o

438 1258 605 1340 Corporis
630 1256 682 1322 tui
709 1261 772 1320 eto.
804 1255 886 1320 Post
915 1274 1013 1338 quam
1043 1251 1261 1338 genuflectet,
1295 1255 1327 1321 S.
1358 1257 1516 1334 Hostiam,
1550 1263 1588 1324 ut
1620 1257 1655 1322 in

434 1367 543 1440 Missa,
568 1384 644 1429 cum
667 1368 788 1448 patena
811 1363 958 1447 accipiet,
984 1361 1071 1427 dicet
1096 1363 1230 1430 Panem
1252 1366 1433 1432 coelestem
1456 1371 1518 1430 etc.
1543 1384 1584 1430 ac
1601 1385 1658 1451 pe-

435 1478 509 1537 ctus
538 1472 738 1557 percutiens,
770 1475 822 1535 ter
853 1469 940 1535 dicet
972 1469 1126 1547 Domine,
1158 1490 1230 1538 noa
1255 1492 1335 1538 sum
1366 1473 1497 1558 dignus
1527 1478 1592 1538 etc.
1619 1491 1656 1538 se

442 1579 584 1664 signabit
608 1578 822 1650 Saorernento
846 1577 959 1642 dicens
984 1578 1123 1660 Corpus
1145 1579 1287 1646 Domita
1303 1581 1419 1648 nostri
1432 1585 1495 1646 etc.
1511 1599 1658 1646 commu-

436 1687 567 1762 nicabit,
592 1691 744 1772 patenam
770 1684 937 1769 relinquet
959 1705 1060 1771 super
1083 1686 1259 1771 corporali,
1284 1692 1416 1773 etpost
1440 1686 1656 1754 Communic-

437 1816 509 1862 nem
535 1795 685 1880 paullum
709 1813 820 1859 morae
843 1777 1043 1879 interponet.
1070 1793 1116 1881 (b)

523 1903 598 1968 365.
625 1904 754 1968 ltursus
778 1898 989 1987 genuflectet,
1014 1901 1202 1987 fragmenta
1226 1903 1373 1987 colliget,
1391 1901 1579 1989 purificabit
1595 1923 1658 1990 pa-

436 2021 548 2076 tenam
572 2031 672 2097 super
695 2010 850 2085 Calicem,
874 2015 909 2074 et
931 2009 1030 2075 etiarn
1051 2010 1228 2076 cochleare
1251 2011 1278 2076 si
1302 2010 1484 2077 adhibitum
1500 2011 1606 2077 luerit
1622 2017 1659 2078 et

440 2120 584 2185 Calicem
607 2124 772 2203 sumptum
796 2136 870 2182 oum
894 2116 927 2182 S.
952 2117 1125 2182 Particula
1141 2118 1382 2184 consummabit
1397 2119 1468 2184 sine
1486 2117 1556 2184 ullo
1574 2117 1659 2186 Cru-

440 2230 487 2294 cis
512 2229 606 2312 signo
630 2231 664 2292 et
686 2226 770 2290 nihil
794 2224 916 2290 diceus.

527 2334 602 2400 366.
627 2333 753 2418 Digitos
783 2331 860 2397 dein
890 2332 967 2397 vino
991 2337 1026 2396 et
1048 2319 1133 2416 aqua
1156 2352 1256 2418 super
1283 2332 1429 2399 Calicem
1456 2332 1656 2420 purillcabit,

440 2443 643 2507 ablutionem
666 2445 784 2517 sumet,
809 2439 896 2505 labia
915 2437 1140 2525 purificatorio
1157 2439 1337 2525 absterget,
1355 2441 1563 2526 Calicemque
1579 2461 1657 2506 cum

440 2548 665 2638 purificatorio
689 2547 800 2613 tradet
823 2546 1039 2624 Subdiacono,
1066 2553 1103 2612 ut
1125 2567 1200 2611 eum
1223 2546 1394 2633 abstergat
1410 2554 1444 2613 et
1459 2547 1500 2613 ad
1516 2547 1656 2614 abacum

437 2679 473 2725 re
497 2664 595 2723 ortet.

475 2681 495 2745 p
525 2767 600 2831 367.
630 2764 786 2829 lterersis
808 2762 850 2828 ad
874 2763 945 2828 eius
968 2763 1078 2828 latera
1101 2762 1271 2841 Ministris,
1296 2769 1388 2828 stans
1412 2764 1533 2830 iunctis
1556 2763 1660 2828 mani·

437 2893 497 2958 bus
517 2901 550 2957 et
567 2891 779 2974 aliquantum
796 2889 978 2954 inclinatus
995 2888 1085 2954 elata
1109 2909 1189 2954 voce
1205 2889 1294 2955 dicet
1312 2888 1411 2961 Quod
1425 2909 1487 2958 ore
1500 2889 1660 2973 sumpsi·

440 3019 519 3065 mus
543 3005 606 3063 etc.

524 3107 599 3172 368.
625 3107 708 3170 Turn
731 3103 909 3170 descendet
931 3102 971 3167 de
996 3103 1116 3180 Alteri,
1141 3102 1345 3189 genuflectet
1361 3103 1401 3168 ad
1426 3103 1577 3180 Crucem,
1604 3125 1660 3171 ec-

436 3216 536 3299 cipiet
558 3235 578 3277 a
602 3214 745 3278 Diacono
776 3212 927 3286 biretum,
953 3231 1018 3295 quo
1047 3218 1147 3297 caput
1176 3213 1306 3297 operiet
1336 3232 1434 3296 quum
1466 3213 1599 3278 venerit
1621 3215 1660 3279 in
1708 3241 1714 3248 ·

437 3322 560 3386 aditum
586 3321 784 3406 presbyterii
807 3327 906 3386 extra
927 3318 1076 3394 chorum,
1093 3319 1281 3403 iunctisque
1306 3319 1456 3386 manibus
1474 3320 1662 3386 Diaconum

438 3427 643 3511 subsequens
668 3428 708 3492 ed
732 3428 917 3493 sacrarium
941 3425 1070 3491 redibit.

529 3537 604 3601 369.
629 3536 675 3600 Ibi
699 3536 920 3601 reverentiam
944 3533 984 3598 ad
1009 3533 1148 3599 Crucem
1174 3533 1228 3599 vel
1252 3533 1293 3599 ad
1320 3535 1494 3620 imaginem
1526 3537 1662 3621 praeci-

439 3663 535 3728 puam
560 3642 688 3719 efficiet,
712 3649 747 3708 et
771 3663 867 3708 sacra
892 3641 1086 3707 indumenta
1109 3640 1270 3707 demittet.

509 3971 550 4038 (c)
572 3971 643 4025 Post
660 3966 858 4023 ostensionem
879 3969 910 4024 S.
930 3967 1060 4032 Hostiae,
1081 3984 1137 4022 non
1158 3983 1223 4023 earn
1244 3983 1391 4039 reponere
1403 3984 1494 4040 super
1506 3969 1663 4041 corporali

439 4067 468 4114 et
487 4056 725 4129 genuflexionem
745 4056 863 4122 iterare,
882 4056 935 4112 sed
955 4057 1089 4114 eamdem
1108 4056 1263 4112 demittere
1282 4074 1373 4130 super
1391 4055 1521 4116 Calicem
1534 4074 1571 4114 ac
1587 4058 1663 4115 divi·

440 4149 511 4202 dero
531 4148 627 4202 debet.

511 4239 550 4306 (b)
570 4236 672 4292 Solent
690 4234 806 4307 quidem
827 4236 904 4292 elata
923 4254 997 4293 voco
1016 4237 1145 4294 recitare
1164 4236 1327 4292 orationem
1344 4237 1497 4311 Peroeptio
1516 4241 1571 4294 etc.
1592 4239 1663 4296 Non

440 4325 479 4380 ite
499 4324 639 4398 praitoipit
660 4325 884 4382 Caeroruorrialo
911 4327 1124 4398 Episcoporurn
1147 4325 1192 4380 lib.
1212 4331 1236 4380 2.
1256 4343 1320 4398 cap.
1340 4330 1382 4382 26.
1403 4339 1480 4382 num.
1499 4329 1542 4383 26.
1561 4347 1576 4382 ‹
1592 4335 1666 4387 tunc

440 4423 566 4479 secrete,
586 4422 617 4471 ut
634 4415 715 4480 alias,
735 4415 803 4469 dicit
824 4416 974 4489 Pcrcoptio
997 4417 1139 4490 Corporie
1160 4425 1216 4472 elo.
1239 4417 1348 4473 Panem
1368 4417 1522 4474 coelestem
1547 4423 1605 4474 etc.
1633 4429 1666 4478 et

442 4503 566 4558 Domino
585 4522 640 4559 noa
660 4524 725 4562 sirm.
743 4506 850 4580 ilignae
870 4513 926 4562 etc.
946 4519 975 4562 ct
994 4507 1146 4562 continuat
1167 4507 1280 4580 Corpus
1300 4507 1422 4562 Domini
1435 4516 1490 4564 etc.
1505 4523 1564 4580 quo
1582 4508 1666 4566 dicto

443 4592 540 4662 signat
558 4612 590 4650 so
606 4637 611 4650 .
627 4641 632 4646 .
646 4614 670 4654 »,
