4175 5717
541 707 602 771 184
991 721 1058 770 tta.
1084 718 1117 768 11.

446 853 520 898 cum
543 831 690 898 candelis
714 831 807 906 albis,
833 829 866 894 in
890 829 996 894 media
1026 829 1118 896 illius
1148 834 1242 915 parte
1274 825 1381 895 aderit
1416 845 1511 906 urna,
1534 825 1570 894 in
1600 843 1670 914 qua

446 940 608 1007 condetur
636 939 897 1012 Sacramentum,
921 959 996 1003 cum
1024 936 1117 1023 palla
1150 936 1204 1002 vel
1240 936 1406 1022 corporali
1440 937 1529 1002 intra
1563 937 1670 1022 ipsam

446 1067 585 1133 cumque
609 1047 776 1113 clavicula
801 1048 834 1110 in
859 1045 990 1123 ostiolo;
1009 1045 1039 1110 id
1058 1064 1157 1130 porro
1181 1043 1373 1121 carendum,
1391 1063 1442 1120 ne,
1463 1063 1563 1128 quum
1579 1061 1671 1108 urna

444 1157 559 1222 clausa
582 1157 655 1231 erit,
680 1159 837 1240 appareat
860 1173 903 1218 ex
928 1153 1000 1218 ulla
1024 1159 1117 1238 parte
1141 1152 1232 1218 calix
1263 1153 1351 1218 intus
1379 1151 1541 1217 inclusus:
1566 1169 1671 1238 prae-

444 1271 537 1329 terea
561 1263 711 1329 tobaleae
734 1281 836 1346 super
857 1260 986 1336 Altera,
1011 1261 1150 1347 pallium
1174 1260 1286 1326 album
1320 1265 1354 1325 et
1387 1263 1534 1345 tapetum
1565 1275 1671 1344 super

443 1370 566 1456 gradus
589 1369 767 1455 aptabitur.
791 1368 922 1433 Poterit
955 1370 1054 1432 etiam
1090 1368 1248 1434 exornari
1282 1367 1400 1432 Altare
1434 1373 1468 1432 et
1502 1364 1670 1432 sacellum

444 1479 530 1544 vasis
552 1497 627 1543 curn
658 1473 794 1541 fioribus
818 1475 1065 1542 virescentibus
1101 1481 1135 1541 et
1163 1473 1258 1540 fletis.
1295 1473 1462 1540 caveatur
1491 1475 1591 1540 etiam
1624 1489 1670 1538 ne

445 1585 521 1668 quid
545 1585 730 1649 ornamenti
754 1585 797 1648 sit
819 1583 906 1667 quod
929 1583 1058 1650 luctum
1083 1581 1256 1668 significet
1285 1580 1342 1647 sed
1370 1582 1478 1646 omnia
1500 1581 1671 1647 laetitiam
1719 1631 1722 1636 >

445 1691 634 1757 ostendant..

531 1801 561 1863 7.
587 1799 707 1864 Cetera
730 1799 861 1864 Altaria
884 1799 1050 1864 instructa
1073 1795 1182 1862 adhuc
1198 1801 1298 1862 erunt
1314 1796 1422 1862 Gruce
1437 1795 1561 1874 velata,
1586 1813 1672 1862 can·

442 1905 587 1970 ‹lelabris
611 1928 684 1972 curn
708 1906 866 1983 candelis,
890 1928 929 1973 ac
952 1907 1094 1972 tobaleis
1118 1926 1202 1990 quae
1225 1905 1327 1972 facile
1343 1905 1419 1970 tolli
1435 1905 1573 1991 possint.
1601 1903 1670 1972 Sed

443 2013 558 2078 nullae
581 2015 613 2077 in
638 2015 715 2099 ipsis
738 2011 1099 2101 aulebunt'lampadae
1123 2015 1185 2078 nisi
1211 2014 1245 2078 in
1270 2012 1380 2078 Altari
1404 2013 1437 2078 in
1461 2029 1526 2096 quo
1550 2031 1674 2078 recon-

443 2118 541 2184 ‹letur
565 2120 620 2185 SS.
647 2122 910 2186 Sacramentum.

530 2227 560 2292 8.
586 2226 619 2291 Si
643 2228 785 2294 ecclesia
811 2229 915 2295 inerit
942 2228 1151 2314 paraecialis,
1176 2231 1343 2313 ponentur
1376 2225 1529 2293 tobaleae
1565 2247 1671 2316 super

441 2334 623 2398 balaustrio
647 2343 678 2398 et
703 2355 885 2420 conopeum
917 2337 1102 2402 violaceum
1128 2338 1315 2420 imponetur
1349 2333 1568 2400 tabernaculo
1603 2333 1673 2400 Al..

439 2444 531 2516 tanis,
556 2443 588 2506 in
613 2462 676 2525 quo
700 2443 930 2509 asservabitur
951 2443 1009 2510 SS.
1034 2444 1296 2511 Sacramentum.

526 2551 556 2612 tl.
582 2550 618 2612 ln
642 2551 790 2614 sacrario
815 2557 948 2635 praeter
979 2558 1174 2638 paramenta
1205 2553 1272 2618 albi
1303 2552 1426 2618 coloris
1456 2568 1516 2636 pro
1551 2549 1671 2628 Missa,

439 2660 477 2720 ut
499 2656 533 2719 in
556 2656 632 2720 aliis
655 2657 775 2726 Missis.
789 2657 1001 2736 solemnibus,
1033 2660 1066 2724 in
1102 2665 1256 2746 promptu
1290 2662 1390 2724 erunt
1425 2657 1520 2724 binae
1555 2655 1672 2722 stolae

439 2763 617 2835 violaceae,
641 2763 751 2829 altera
767 2785 828 2850 pro
844 2765 1044 2832 celebrante
1061 2788 1121 2852 pro
1138 2767 1282 2833 Diacono
1299 2767 1417 2842 altera,
1435 2763 1554 2849 quibus
1570 2769 1673 2830 uten-
1755 2853 1758 2860 Ι

438 2875 494 2934 tur
518 2871 550 2935 in
575 2870 793 2937 denudatione
818 2874 996 2949 Altarium,
1021 2894 1061 2939 ac
1085 2874 1248 2940 tunicella
1271 2874 1338 2939 albi
1362 2872 1484 2939 coloris
1501 2891 1578 2964 cum
1602 2871 1673 2938 cin-

436 2977 527 3060 gulo,
543 2977 620 3042 alba
643 2985 677 3044 et
699 2981 821 3044 amictu
838 2999 898 3066 pro
914 2979 1133 3058 Subdiacono‚
1152 2982 1207 3066 qui
1226 2982 1368 3050 Crucem
1393 2981 1425 3045 in
1449 2979 1671 3066 processione

437 3091 629 3169 gestaturus
654 3089 730 3153 erit.
1599 3097 1601 3102 '

528 3193 577 3258 10.
602 3194 785 3261 Praeterea
808 3197 841 3261 in
865 3197 978 3263 eodem
1003 3200 1152 3265 sacrario
1172 3199 1426 3285 praeparabitur
1443 3197 1540 3265 locus
1557 3217 1673 3266 remo·

437 3305 499 3376 tus,
525 3301 578 3366 ubi
602 3303 760 3368 decenter
788 3307 903 3390 reponi
932 3308 1035 3392 possit
1060 3306 1116 3372 SS.
1143 3307 1398 3374 Sacramentum
1429 3326 1490 3392 pro
1513 3305 1670 3386 infirmis,

434 3405 591 3474 videlicet
624 3409 731 3476 aderit
759 3412 1014 3478 tabernaculum
1047 3434 1122 3479 cum
1152 3415 1320 3501 corporali
1356 3414 1410 3480 vel
1446 3413 1538 3500 palla
1575 3415 1672 3482 intra

434 3515 550 3600 ipsum,
575 3517 743 3583 clavicula
765 3518 997 3590 claudendum.
1023 3541 1124 3608 super
1141 3522 1252 3588 Altari
1269 3522 1324 3588 vel
1341 3523 1440 3588 etiam
1457 3520 1574 3587 tabula
1591 3541 1681 3590 σου--

434 3629 530 3707 perta
552 3623 628 3689 alba
650 3625 792 3702 tobalea,
818 3633 962 3711 quatuor
985 3627 1188 3695 candelabra
1211 3651 1284 3696 cum
1309 3629 1457 3695 candelis
1482 3635 1516 3694 et
1538 3627 1671 3718 lampa·

435 3729 504 3794 ulae.
529 3729 565 3794 ln
591 3737 744 3817 promptu
779 3735 877 3798 etiam
905 3737 970 3800 erit
998 3757 1138 3824 paruum
1174 3737 1406 3803 umbraculum
1440 3735 1563 3814 album,
1599 3729 1673 3805 duo'

433 3837 611 3914 intorticia‚
636 3838 749 3904 velum
775 3839 949 3907 humerale
985 3843 1109 3920 album,
1135 3845 1222 3910 stola
1245 3844 1331 3922 alba,
1367 3829 1670 3930 superpelliceum,¹

433 3944 619 4010 claviculae
642 3945 937 4013 tabernaculorum
962 3957 997 4017 et
1019 3951 1205 4038 corporale,
1224 3959 1263 4018 ut
1281 3951 1391 4017 debito
1415 3956 1566 4038 tempore
1591 3947 1672 4020 fleis·

433 4137 626 4199 instrumenta
645 4143 793 4200 Passionis
812 4145 1026 4213 sustinentium,
1047 4155 1077 4206 et
1096 4149 1154 4205 alia
1174 4147 1326 4215 eiusmodi,
1346 4165 1434 4222 quum
1455 4146 1530 4204 baec
1551 4146 1670 4206 abhor-

433 4239 517 4287 reant
544 4249 563 4288 a
589 4241 688 4290 munte
716 4243 746 4290 et
772 4235 830 4291 line
858 4253 945 4308 quem
975 4238 1029 4293 sibi
1058 4239 1086 4294 in
1115 4238 1165 4296 tali
1197 4239 1354 4296 occasione
1383 4237 1519 4294 Ecclesia
1546 4251 1666 4310 propo·

431 4319 495 4376 suit.
515 4323 601 4386 Quod
619 4324 709 4396 siquis
729 4325 895 4396 requireret
913 4341 1000 4399 quam
1021 4331 1058 4384 ob
1078 4345 1143 4385 rern
1163 4331 1217 4386 SS.
1239 4334 1466 4386 Sacramentum
1493 4337 1668 4398 exponatur

429 4403 582 4476 inclusum,
601 4430 659 4468 non
678 4413 732 4470 snb
751 4427 904 4486 aspectum
924 4417 1078 4474 oculorum
1107 4420 1135 4474 in
1169 4419 1351 4483 Ostcnsori0‚
1373 4417 1570 4490 respondetur
1591 4417 1665 4474 illud

430 4513 497 4552 esse
517 4502 627 4558 ueteris
646 4503 718 4560 ritus
738 4503 902 4576 vestigium,
922 4507 1032 4565 etenim
1051 4508 1195 4582 expositio
1208 4521 1313 4582 patens
1328 4511 1380 4567 SS.
1397 4507 1584 4568 sacramenti
1604 4525 1667 4566 non

429 4591 475 4639 est
495 4587 578 4644 valde
597 4593 734 4664 antiquae
755 4593 952 4652 institutionis.
