4175 5717
522 673 585 754 lod
980 678 1048 754 nra,
1072 701 1094 754 1.

429 811 702 899 purificationem,
725 812 901 880 attendens
925 818 964 879 ut
986 813 1136 899 ampulla
1157 813 1366 898 aliquantum
1381 833 1402 879 a
1418 811 1530 880 Galice
1548 808 1649 891 absit,

430 920 507 986 dum
531 922 644 987 vinum
666 919 829 986 infundet.
1638 965 1641 970 -

516 1028 570 1094 22.
594 1028 680 1094 Hinc
702 1027 744 1093 ad
766 1028 858 1093 latus
880 1028 1051 1114 Epistolae
1075 1027 1218 1106 recedet,
1243 1028 1352 1112 ibique
1379 1027 1570 1114 expectabit
1589 1026 1650 1094 Ge-

430 1135 625 1212 lebrantem‚
649 1136 706 1201 cui
727 1155 827 1222 super
849 1134 969 1221 digitos
992 1155 1110 1219 aquam
1133 1143 1168 1202 et
1191 1138 1304 1201 vinum
1327 1134 1368 1200 ob
1385 1132 1647 1222 purificationem

430 1239 585 1320 effundet,
610 1243 787 1329 ampullas,
811 1248 850 1310 ut
872 1249 973 1309 antea
994 1245 1191 1322 monuimus,
1215 1243 1424 1314 deosculans,

518 1352 570 1417 23.
596 1351 781 1417 Descendet
803 1351 843 1417 de
868 1351 987 1429 Altari,
1012 1351 1177 1438 ampullas
1202 1371 1302 1438 super
1334 1351 1437 1418 abaco
1468 1352 1647 1437 relinquet,
1678 1422 1690 1430 ,

429 1458 471 1524 ad
494 1459 612 1525 Altare
636 1458 764 1535 redibit,
789 1466 906 1545 perget
920 1459 961 1524 ad
985 1459 1077 1526 latus
1093 1460 1278 1544 Evangelii,
1296 1466 1405 1525 sumet
1419 1459 1555 1525 Missale
1571 1477 1648 1525 cum

430 1570 563 1636 cussino
586 1587 645 1632 seu
668 1567 772 1653 leglli,
785 1574 820 1633 et
835 1568 1019 1633 transferet
1034 1566 1077 1633 ad
1093 1588 1199 1634 cornu
1223 1568 1404 1654 Epistolae,
1417 1573 1456 1633 ut
1478 1568 1511 1632 in
1528 1567 1649 1633 Missae

430 1676 577 1743 exordio:
601 1680 672 1742 tum
694 1695 828 1741 cereum
842 1676 887 1739 in
909 1676 1110 1760 cornucopio
1126 1695 1147 1740 a
1161 1674 1269 1740 latere
1287 1674 1457 1761 Epistolae
1472 1674 1650 1759 extinguet

431 1803 527 1868 quern
550 1781 741 1848 accenderit
763 1801 824 1868 pro
847 1782 1044 1859 elevatione,
1069 1788 1104 1847 et
1127 1801 1294 1859 reversus,
1319 1788 1357 1847 ut
1371 1787 1480 1857 antea,
1496 1779 1537 1845 ad
1557 1780 1648 1846 latus

431 1889 617 1976 Evangelii,
643 1892 675 1955 in
699 1889 805 1975 gradu
829 1887 939 1954 infimo
963 1890 1091 1954 sivein
1115 1889 1215 1976 plano
1239 1889 1299 1955 sub
1324 1889 1535 1976 suppedaneo
1557 1888 1649 1973 geni·

432 1999 567 2065 culabit.
591 1997 643 2063 Ad
666 1998 837 2064 Dominus
859 1996 1037 2064 uobiscum
1059 2003 1094 2062 et
1116 1998 1295 2074 orationes,
1320 2017 1401 2082 quas
1425 1995 1577 2063 recitabit
1593 1994 1651 2061 sn-

432 2106 559 2183 cerdos,
584 2105 804 2192 respondebit.

519 2214 572 2280 24.
597 2213 632 2278 Si
654 2219 791 2299 propter
814 2212 968 2278 ultimum
991 2212 1213 2298 Evangelium
1236 2212 1277 2277 ad
1301 2212 1391 2278 latus
1414 2212 1482 2278 hoc·
1502 2213 1649 2278 referen-

432 2322 509 2386 dum
532 2322 578 2386 sit
592 2321 737 2399 Missale,
755 2322 867 2386 statim
891 2340 930 2385 ac
945 2320 1156 2405 responderit
1172 2320 1242 2386 Deo
1255 2320 1396 2405 gratias
1410 2318 1451 2384 ad
1467 2320 1520 2387 Ite
1534 2320 1650 2386 brusa

431 2436 491 2505 est,
515 2427 717 2493 accelerabit
739 2427 878 2511 gradum
900 2428 1157 2512 aliquantulum,
1175 2447 1249 2492 cum
1266 2427 1377 2494 debita
1392 2426 1555 2503 decentia,
1571 2425 1649 2493 dum

430 2535 614 2601 transferet
637 2534 772 2600 Missale
794 2555 869 2600 curn
893 2537 1027 2600 cussino
1050 2536 1106 2600 vel
1136 2524 1246 2620 legili,
1278 2542 1317 2601 ut
1350 2533 1518 2601 commode
1546 2534 1650 2620 possit

430 2642 471 2708 ad
494 2641 755 2708 benedictionem
780 2641 968 2708 Sacerdotis
991 2644 1024 2707 in
1049 2641 1259 2728 suppedaneo
1293 2640 1531 2728 genuflectere:
1562 2639 1650 2726 quod

430 2753 457 2816 si
481 2752 514 2816 in
538 2770 577 2816 eo
599 2749 835 2815 transferendo
851 2756 980 2836 tempus
997 2751 1104 2836 ipsum
1120 2748 1287 2829 deficeret,
1305 2751 1512 2836 geniculabit
1526 2752 1560 2815 in
1576 2751 1652 2835 sup'ss
1722 2767 1724 2772 ·

431 2856 577 2945 pedaneo
601 2860 670 2944 ipso
693 2857 735 2923 ad
757 2856 1018 2924 benedictionem
1042 2859 1210 2924 sustinens
1234 2858 1385 2924 manibus
1401 2859 1547 2936 Missale,
1563 2854 1651 2941 quod

432 2968 590 3032 celeriter
612 2966 722 3031 Altari
746 2967 900 3052 imponet.

518 3074 570 3139 25.
596 3074 630 3139 Si
654 3075 874 3159 Evangelium
898 3074 930 3139 S.
947 3074 1082 3139 Joannis
1098 3072 1142 3140 Ia
1155 3075 1333 3156 principio
1350 3076 1415 3139 erit
1431 3072 1648 3149 recitandum,

431 3189 603 3268 postquam
627 3181 837 3267 responderit
863 3181 984 3248 Gloria
1008 3181 1070 3247 ribi
1091 3181 1247 3257 Domine,
1272 3171 1381 3246 sumet
1404 3180 1539 3246 Missale
1555 3186 1590 3245 et
1604 3179 1654 3244 bi·

432 3296 549 3366 retum,
574 3290 732 3355 subsistet
754 3292 788 3353 in
811 3288 920 3353 latere
944 3287 1127 3374 Epistolae,
1164 3309 1266 3354 unum
1290 3293 1420 3353 tantum
1451 3308 1538 3373 genu
1569 3287 1652 3352 sub-

432 3398 541 3461 mittet
563 3396 604 3461 ad
628 3398 731 3463 verba
753 3396 798 3463 Et
835 3395 986 3462 Verbum
1016 3415 1101 3462 caro
1131 3398 1267 3480 sactum
1301 3404 1361 3469 est,
1386 3403 1420 3462 et
1454 3394 1543 3460 dicto
1578 3395 1650 3461 Deo

430 3506 579 3589 gratias,
604 3506 745 3590 primurn
768 3524 788 3567 a
811 3524 916 3569 cornu
940 3503 1126 3588 Evangelii,
1151 3502 1269 3570 deinde
1291 3524 1311 3568 a
1342 3503 1449 3569 latere
1479 3502 1652 3588 Epistolae

433 3612 590 3678 candelas
614 3615 799 3697 extinguet.

520 3720 573 3784 26.
599 3719 692 3794 Quod
716 3721 743 3784 si
766 3719 858 3785 aliud
882 3720 1139 3805 Evangeliuma
1163 3722 1362 3788 celebrante
1380 3718 1557 3804 legendum
1574 3720 1649 3796 erit,

432 3835 603 3914 postquam
627 3828 781 3892 Minister
796 3828 942 3902 Missale,
960 3834 998 3892 ut
1021 3849 1132 3914 supra,
1149 3829 1373 3904 transtulerit,
1390 3827 1559 3913 paulisper
1576 3846 1654 3891 con-

432 3938 529 4000 sistet
552 3936 584 3998 in
608 3933 712 4018 gradu
737 3936 900 4019 superiori
920 3934 1009 3999 infra
1033 3936 1279 4021 suppedaneum
1302 3934 1527 4000 inclinaturus
1552 3939 1652 4019 caput

433 4042 473 4107 ad
498 4061 617 4107 nomen
640 4041 731 4116 Jesu,
755 4042 839 4106 siin
868 4043 1030 4128 principio
1061 4044 1238 4128 Evangelii
1266 4042 1501 4107 nominabitur:
1533 4039 1652 4105 deinde
1750 4108 1752 4113 ,

433 4150 588 4215 transibit
611 4147 651 4213 ad
675 4149 765 4214 latus
789 4149 959 4235 Epistolae
983 4156 1017 4215 et
1039 4152 1074 4215 in
1108 4155 1261 4237 promptu
1292 4149 1427 4214 habebit
1456 4148 1652 4214 arundinem

434 4259 504 4321 sive
527 4259 687 4342 perticam
711 4278 785 4322 curn
809 4260 1012 4323 extinctorio
1045 4258 1086 4323 ad
1118 4257 1360 4341 extinguendas
1392 4257 1558 4322 candelas.
1590 4255 1657 4321 Ubi.

436 4364 644 4450 responderit
667 4365 738 4432 Deo
758 4366 897 4450 gratias
920 4367 954 4430 in
977 4364 1042 4430 fine
1066 4365 1252 4449 Evangelii,
1277 4371 1395 4450 perget
1417 4364 1458 4429 ad
1482 4365 1571 4429 latus
1588 4363 1653 4428 hoc

436 4477 470 4535 et
493 4472 664 4538 candelam
688 4475 872 4558 extinguet,
896 4480 967 4539 tum
991 4473 1125 4538 Missale
1149 4493 1224 4537 cum
1248 4474 1383 4537 cussino
1408 4492 1467 4537 seu
1490 4455 1585 4557 legili
1601 4491 1654 4536 ac·

434 4578 542 4662 cipiet.
567 4581 653 4663 quod
677 4580 717 4646 ad
741 4582 830 4647 latus
855 4581 1026 4666 Epistolae
1051 4580 1186 4648 referet.
1211 4570 1246 4644 et
1268 4579 1440 4645 candelam
1472 4580 1505 4643 in
1537 4578 1652 4645 eodem
