4175 5717
561 743 599 788 ,ἱ
980 711 1044 758 mn.
1070 712 1090 756 1.

599 891 604 898 ,
652 858 661 898 1
781 825 892 890 ..milae
917 817 1151 884 benedictionis
1174 822 1320 883 statutus
1345 824 1397 882 est
1419 817 1487 884 aS.
1508 817 1660 904 Congre-
1694 859 1710 884 -ι

549 995 577 1012 ,,
617 967 728 1010 042·
759 963 793 998 a·
818 931 941 998 cotan.
963 924 1047 992 dud.
1069 924 1100 990 2.
1128 949 1144 982 α
1169 925 1222 990 An
1246 925 1279 989 in
1304 922 1530 992 benedicendo
1551 945 1659 1012 popu·

606 1097 610 1104 .
645 1063 692 1110 xx
729 1047 936 1108 xit-:uiuente
966 1034 1008 1096 sit
1040 1031 1225 1096 servandus
1256 1031 1372 1095 modus
1404 1030 1655 1118 infrascriptae.

507 1221 523 1228 ..
555 1195 603 1226 ..t
642 1177 707 1216 ων·
735 1137 1154 1230 3.·1·pu1um.0stensoriun1
1188 1143 1266 1203 ante
1299 1145 1415 1224 pectus
1449 1143 1555 1216 mum,
1580 1143 1655 1204 tum

588 1285 654 1324 „.·..·..
688 1253 806 1320 emenii
830 1265 920 1312 more
943 1264 1010 1310 non
1034 1265 1136 1331 supra
1160 1250 1269 1330 caput,
1295 1245 1353 1310 sed
1377 1263 1480 1328 usque
1503 1242 1545 1310 ad
1575 1263 1657 1312 ocu·

487 1429 501 1446 .
597 1387 688 1428 ··.··.···e
715 1355 808 1422 :xz-nlo
830 1352 914 1418 illud
937 1351 1082 1418 dimittet
1104 1352 1193 1417 infra
1215 1357 1343 1438 pectus,
1360 1352 1577 1440 monitorum
1595 1373 1656 1420 re·

471 1527 490 1550 ,,
556 1501 595 1544 ut.
621 1467 744 1536 racilii
771 1460 938 1546 iisquead
962 1467 1087 1546 pectus,
1113 1471 1147 1526 et
1171 1459 1289 1526 deinde
1317 1460 1359 1526 ad
1389 1460 1562 1526 sinistrum
1594 1461 1657 1527 hu·

459 1645 465 1654 ,
508 1613 560 1652 ...a
594 1587 682 1644 turri.
706 1591 738 1640 et
767 1569 898 1636 reducit
920 1569 961 1634 ad
991 1568 1179 1646 dexterum,
1211 1575 1245 1634 et
1276 1590 1394 1636 rursus
1424 1575 1503 1642 ante
1532 1575 1656 1657 peetus

474 1741 477 1750 .
497 1717 570 1754 ·..·
599 1689 704 1766 Irnpue
726 1677 970 1760 aliquantulum
988 1677 1084 1752 sistit,
1102 1678 1194 1760 qnasi
1213 1683 1349 1762 peracta
1364 1675 1404 1744 ad
1421 1695 1534 1742 omnes
1558 1696 1657 1744 mun-

507 1817 598 1862 acius·
622 1791 737 1856 t‘ruce.
762 1803 834 1850 eam
858 1786 958 1848 etiam
982 1783 1206 1850 venerandam
1230 1785 1380 1850 omnibus
1404 1784 1552 1871 praebet,
1570 1790 1656 1852 tunc

441 1927 537 1980 ,amu
570 1897 739 1984 perficiens
771 1891 918 1958 collocat
949 1877 1183 1957 Ostensorium
1207 1913 1307 1978 super
1338 1891 1468 1958 Altare.
1497 1891 1658 1960 Michael

442 2011 593 2094 ,taetitia
620 2010 714 2092 parto
742 2001 799 2066 lV.
827 2019 898 2085 cap.
923 1999 1015 2066 XVl.
1039 2001 1135 2065 artic.
1159 2000 1190 2065 3.
1215 2007 1249 2065 et
1272 2001 1325 2066 34.
1350 2019 1423 2086 pag.
1448 2000 1523 2066 481.
1545 1999 1657 2070 Theo·

438 2123 512 2186 ·.·.'u'.
544 2115 708 2202 ltptoaelt.
733 2109 774 2174 de
798 2107 1002 2194 depositione
1026 2107 1083 2174 SS.
1109 2109 1315 2175 Sam-amenti
1339 2109 1396 2174 lib.
1432 2108 1487 2173 lll.
1522 2129 1595 2198 cap.
1619 2110 1654 2178 2.

434 2253 461 2291 zv.
487 2229 516 2288 s.
544 2249 560 2280 ι
589 2221 632 2286 llt.
655 2217 768 2284 eadem
793 2215 826 2282 S.
854 2215 1078 2302 Congregatio
1102 2216 1283 2304 respondit.
1310 2242 1328 2276 «
1353 2217 1393 2284 Si
1413 2218 1579 2302 eiplacet,
1591 2237 1657 2303 po·

434 2347 494 2398 mv
518 2329 705 2396 olmmoare
728 2323 980 2406 supradictum
1002 2325 1156 2400 modum,
1181 2344 1286 2408 quem
1310 2326 1417 2393 tradit
1433 2327 1525 2394 idem
1543 2327 1657 2396 Baul-

430 2443 497 2524 ‹to-p
523 2437 585 2500 loo.
610 2435 690 2500 cit..
715 2432 776 2498 sin
798 2431 918 2496 minus
941 2432 1142 2498 seruandus
1164 2439 1215 2498 est
1239 2434 1365 2500 modus
1395 2433 1591 2517 dispositus
1614 2435 1656 2502 in

433 2541 693 2610 t'orrcmoaiali
717 2538 974 2622 Episcopornm
989 2538 1046 2603 lib.
1065 2539 1103 2602 ll.
1121 2559 1190 2624 cap.
1207 2539 1258 2610 23.
1277 2540 1340 2606 uti
1353 2541 1555 2626 requiratur
1578 2548 1656 2610 laa-

431 2651 620 2724 tunmiodo,
644 2654 684 2715 ut
700 2666 781 2714 enm
804 2645 925 2714 eodem
948 2643 1007 2714 SS.
1025 2645 1253 2714 Sacramento
1273 2648 1461 2716 celebrans
1472 2650 1654 2734 producat

429 2763 572 2846 siparum
599 2757 728 2826 Crucis
757 2773 870 2838 cuper
901 2757 1084 2837 populum.
1110 2756 1153 2820 Et
1187 2757 1234 2821 ita
1266 2756 1461 2823 declaravit.
1492 2757 1573 2826 Hac
1595 2759 1655 2826 dte

429 2871 467 2936 ’.11
498 2867 624 2934 Martii
649 2863 743 2930 1676.
769 2860 924 2947 (collect.
949 2862 1101 2927 authent.
1126 2882 1157 2927 n.
1181 2863 1281 2952 2624)
1300 2889 1317 2922 »
1336 2863 1522 2932 Notandum
1537 2871 1654 2934 umen

429 2983 488 3048 ost,
514 2973 600 3058 qnod
625 2974 710 3038 ritus
734 2967 880 3036 secundo
904 2968 979 3034 loco
1003 2968 1168 3035 indicatus
1194 2972 1226 3034 in
1251 2970 1387 3037 decreto
1411 2977 1463 3038 est
1486 2973 1654 3040 usitatior.

431 3085 657 3150 convertetur
680 3077 799 3144 deinde
824 3098 924 3165 super
947 3076 1119 3143 dexteram
1144 3099 1247 3152 suam.
1271 3085 1307 3144 et
1330 3079 1509 3146 adiuvante
1536 3080 1656 3148 snam

430 3189 506 3254 doto
530 3187 709 3274 praedicto,
735 3185 967 3253 Ostensorium
991 3206 1092 3271 super
1117 3187 1234 3252 Altare
1258 3187 1410 3274 deponet.

517 3297 592 3360 aot).
617 3292 891 3360 Genuflenionem
916 3295 1013 3359 unico
1036 3314 1125 3378 genu
1149 3295 1292 3372 iterabit,
1317 3316 1419 3379 seque
1449 3301 1654 3364 convertens

430 3425 546 3468 vermis
570 3423 676 3468 cornu
702 3400 878 3486 Evangelii
902 3400 943 3466 de
967 3401 1077 3466 Altari
1100 3401 1289 3479 descendet,
1307 3402 1512 3488 geniculabit
1532 3422 1654 3474 rursus

431 3513 462 3575 in
488 3511 593 3575 mortio
619 3509 725 3600 gradu
751 3507 872 3584 intimo,
897 3515 931 3573 et
947 3511 1171 3574 reverentiam
1189 3510 1386 3596 profundam
1402 3510 1443 3576 ad
1460 3510 1517 3576 SS.
1535 3509 1656 3578 Sacra·

429 3625 573 3684 mentum
591 3617 721 3684 efficiet.
746 3619 840 3682 Turro
855 3618 885 3682 ei
902 3616 943 3682 de
957 3617 1104 3682 humeris
1122 3617 1233 3682 velum
1250 3617 1423 3684 humerale
1439 3615 1652 3684 detrahetur.

517 3727 594 3792 201.
621 3723 743 3790 Clauso
767 3727 856 3790 intra
878 3724 1133 3790 tabernaculum
1158 3725 1215 3790 SS.
1241 3725 1467 3800 Sacramento,
1483 3731 1653 3812 assurget,

431 3833 636 3918 genuflectet.
660 3835 691 3898 in
717 3835 906 3919 parimento
923 3839 1001 3897 ante
1017 3831 1164 3907 infimum
1179 3832 1330 3918 gradum,
1347 3833 1487 3920 accipiet
1507 3833 1653 3900 biretum

430 3963 494 4028 quo
518 3943 687 4028 cooperiet
711 3947 821 4026 caput,
845 3942 1033 4023 iunctisque
1066 3941 1214 4006 manibus
1245 3940 1286 4006 ad
1317 3927 1500 4006 sacrarium
1530 3960 1654 4006 rever-

433 4059 533 4116 tetur.

516 4158 591 4223 202.
617 4157 662 4222 llti
689 4156 829 4222 Crucem
853 4155 907 4220 vel
934 4157 1108 4241 imaginem
1133 4155 1353 4243 principalem
1382 4156 1594 4223 reverebitur
1617 4165 1654 4224 et

430 4269 534 4332 sacris
560 4267 705 4332 vestibus
730 4273 884 4330 exuetur.

518 4365 652 4440 tzitt'si
677 4373 871 4439 solemnitas
895 4374 1033 4458 insignis
1058 4378 1226 4448 occurret,
1251 4375 1284 4438 in
1301 4393 1366 4458 qua
1382 4371 1453 4440 fieri
1471 4371 1582 4438 soleat
1596 4393 1658 4440 ex-

432 4482 550 4566 positio
576 4503 649 4548 cum
674 4482 778 4548 sacris
801 4481 963 4546 Ministris
987 4481 1123 4565 paratis,
1141 4481 1323 4548 Celebrans
1339 4479 1498 4556 induetur
1515 4483 1656 4560 amictu,

431 4586 517 4660 alba,
543 4590 689 4670 cingulo,
714 4589 802 4656 stola
825 4596 857 4654 ot
883 4586 1030 4674 pluviali.
