4175 5717
528 746 590 811 taz
979 766 1046 817 im.
1072 763 1106 812 u.

431 871 588 959 pedaneo.
628 870 662 937 Si
700 870 830 938 deesset
868 874 922 957 qui
962 871 1154 939 Celebranti
1193 871 1409 940 dextrorsum
1447 874 1651 950 assisteret,

431 981 636 1068 geniculabit
673 983 707 1045 in
746 979 954 1067 suppedaneo
985 1001 1005 1046 a
1035 980 1164 1047 dextris
1205 981 1414 1048 celebrantis
1454 983 1550 1067 eique
1581 979 1655 1048 flm-

432 1089 536 1154 briam
560 1088 718 1176 pluvialis
742 1087 889 1154 attollet.

520 1197 573 1264 57.
599 1197 780 1263 celebrans
803 1218 904 1284 super
926 1199 1094 1264 sinistram
1119 1217 1211 1264 suam
1235 1203 1454 1264 caurertetur
1475 1195 1516 1263 ad
1540 1215 1655 1284 popu-

432 1307 502 1371 lum
526 1317 560 1371 et
578 1305 845 1371 benedictionem
870 1306 926 1373 SS.
952 1306 1159 1373 sacramenti
1190 1307 1411 1392 impertietur.
1445 1304 1571 1372 Clerici
1593 1323 1656 1371 as·

433 1415 587 1480 sistentes
611 1410 756 1478 fimbrias
779 1413 938 1498 pluvialis
961 1413 1032 1479 eius
1056 1413 1290 1479 sublevabunt.

520 1519 572 1584 58.
598 1518 671 1595 Qua
705 1521 834 1586 ratione
864 1526 976 1586 autem
1006 1522 1051 1586 sit
1080 1521 1203 1607 populo
1225 1520 1335 1586 danda
1358 1519 1415 1588 SS.
1440 1519 1655 1587 Sacramenti
1753 1517 1755 1522 ’

432 1627 629 1703 benedictio,
668 1628 752 1692 nihil
790 1628 865 1694 heic
887 1625 1107 1693 adiiciendum
1146 1626 1296 1705 videtur,
1337 1647 1437 1712 quum
1475 1627 1558 1694 satis
1596 1625 1657 1692 de·

431 1736 597 1800 claretum
620 1737 684 1799 iam
708 1737 752 1800 sit
774 1753 844 1820 cap.
869 1734 961 1800 XIV.
985 1737 1017 1818 g.
1044 1735 1094 1800 11.
1119 1754 1208 1800 num.
1236 1735 1307 1801 199.
1332 1735 1389 1800 lib.
1414 1733 1438 1799 1.

518 1843 571 1908 59.
597 1841 769 1928 Completo
799 1841 1037 1908 benedictionis
1064 1849 1153 1919 actu,
1185 1842 1366 1909 Celebrans
1401 1859 1502 1928 super
1534 1840 1657 1908 dexte·

431 1970 501 2015 ram
524 1969 618 2015 suam
641 1955 861 2016 convertetur
882 1949 924 2015 ad
947 1950 1080 2026 Altare,
1104 1949 1284 2016 adiuvante
1308 1949 1489 2017 Sacerdote
1512 1951 1654 2036 saepius

432 2058 586 2133 iudicato,
610 2059 666 2142 qui
689 2058 810 2123 stolam
834 2058 925 2123 collo
954 2077 1074 2124 rursus
1108 2060 1311 2145 imposuerit,
1344 2057 1487 2144 deponet
1519 2055 1655 2124 Osten-

431 2166 555 2229 sorium
589 2164 751 2230 reducens
782 2167 888 2250 ipsum
919 2185 962 2231 ex
992 2172 1088 2252 parte
1118 2167 1290 2242 auteriori,
1323 2170 1359 2231 et
1385 2169 1523 2251 peracta
1546 2183 1656 2250 genu-

430 2268 584 2347 flexione,
616 2292 717 2355 seque
747 2279 948 2338 convertens
979 2293 1099 2338 versus
1124 2293 1229 2339 cornu
1255 2271 1444 2357 Evangelii,
1468 2270 1508 2336 de
1534 2271 1655 2338 Alteri

431 2377 610 2444 descendet
632 2386 667 2444 et
689 2380 894 2464 geniculabit
916 2399 1035 2446 rursus
1058 2382 1093 2444 in
1116 2380 1222 2445 medio
1245 2380 1353 2466 gradu
1377 2377 1499 2446 infimo.

519 2487 571 2557 60.
612 2487 773 2554 Sacerdos
810 2489 941 2554 interea
984 2489 1210 2574 respositurus
1257 2487 1510 2554 Sacramentum
1559 2489 1657 2554 intra

430 2595 685 2661 tabernaculum
718 2595 864 2661 manebit
894 2593 991 2661 denis
1022 2595 1162 2682 genibus
1194 2597 1227 2661 in
1259 2595 1468 2683 suppedaneo
1498 2595 1657 2682 aliquan-

431 2703 540 2769 tulum
564 2723 584 2768 a
606 2703 714 2770 latere
737 2723 856 2770 versus
880 2723 985 2769 cornu
1009 2703 1191 2790 Epistolae.

520 2811 573 2876 (il.
598 2809 862 2896 Adgeniculatus
886 2811 1068 2877 Celebrans
1092 2813 1126 2876 in
1150 2809 1261 2876 infimo
1284 2810 1391 2896 gradu
1419 2812 1653 2879 reverentiam

431 2918 628 3005 profundam
658 2917 699 2982 ad
734 2918 988 2984 Sacramentum
1022 2917 1153 2985 efficiet:
1192 2925 1263 2984 tum
1298 2922 1327 2985 ei
1368 2919 1408 2985 de
1446 2919 1601 2986 humeris
1634 2939 1656 2986 a

430 3027 553 3093 clerico
592 3026 820 3091 sinistrorsum
859 3025 1013 3091 adstante
1053 3025 1249 3113 expedietur
1287 3027 1400 3092 velum
1444 3026 1654 3106 humerale,

430 3135 515 3220 quod
555 3136 733 3221 recipietur
771 3133 811 3198 ab
849 3133 958 3199 altero
997 3133 1122 3200 clerico
1161 3133 1375 3199 dextrorsum
1400 3131 1568 3210 adstante,
1594 3133 1652 3200 vel

431 3244 500 3329 ipso
524 3242 671 3319 absente,
694 3241 734 3307 ab
759 3240 872 3306 eodem
896 3240 1020 3306 clerico
1044 3260 1065 3304 a
1087 3241 1242 3306 sinistris.

517 3350 570 3415 62.
595 3349 758 3416 Sacerdos
788 3356 952 3434 assurget,
984 3345 1189 3434 genuflectet
1218 3347 1369 3435 paullum
1393 3368 1413 3413 a
1436 3345 1548 3414 latere
1577 3368 1656 3415 ver·

431 3479 487 3522 sus
518 3476 623 3522 cornu
653 3455 834 3542 Epistolae,
864 3456 1107 3542 approximabit
1136 3455 1177 3521 ad
1217 3456 1360 3522 medium
1398 3454 1539 3533 Altaria,
1574 3475 1657 3522 con-

430 3569 541 3629 vertet
562 3563 808 3649 aliquantulum
825 3563 1058 3631 Ostensorium
1075 3568 1110 3628 et
1124 3562 1325 3650 crystallum
1342 3563 1483 3647 spherae
1507 3563 1654 3648 aperiet:

431 3672 569 3757 accipiet
606 3671 724 3738 deinde
755 3673 891 3737 sinistra
929 3676 963 3737 et
1000 3671 1128 3757 aperiet
1166 3669 1352 3736 custodiam
1391 3672 1425 3735 in
1464 3687 1530 3756 qua
1554 3689 1657 3758 repo·

431 3778 540 3844 nenda
574 3780 639 3845 erit
669 3778 701 3845 S.
733 3777 859 3844 Hostia:
895 3777 1049 3844 lunulam
1082 3777 1268 3844 Ostensorii
1296 3777 1470 3842 manubrio
1493 3777 1654 3864 accipiet,

431 3894 571 3972 reponet
604 3889 693 3952 iutra
725 3885 918 3962 custodiam,
955 3905 1053 3970 quam
1086 3884 1222 3951 claudet
1251 3889 1286 3952 et
1308 3883 1452 3970 deponet
1474 3885 1509 3948 iu
1533 3883 1652 3952 madio

430 3994 622 4080 corporali;
646 3993 765 4058 deinde
802 3993 1004 4079 crystallum
1042 3993 1183 4078 spherae
1215 3991 1357 4058 dextera
1386 3990 1523 4058 claudet
1545 3999 1583 4058 et
1607 3993 1654 4058 si-

431 4105 539 4167 nistra
562 4107 662 4187 ponet
694 4100 925 4167 Ostensorium
956 4106 1055 4164 extra
1083 4099 1268 4186 corporale:
1292 4099 1421 4184 aperiet
1442 4097 1653 4185 porticulum

430 4209 650 4286 tabernaculi,
691 4214 830 4293 reponet
866 4209 955 4272 intus
988 4207 1240 4272 Sacramentum
1274 4226 1348 4271 cum
1387 4205 1549 4282 custodia,
1588 4227 1648 4294 ge·

431 4315 591 4383 nuflectet
630 4322 667 4381 ut
705 4321 813 4390 antea,
852 4321 1015 4398 assurget,
1054 4313 1189 4379 claudet
1227 4313 1393 4392 ostiolum,
1433 4333 1473 4380 ac
1512 4313 1575 4380 sibi
1607 4313 1653 4382 de

432 4424 521 4490 collo
544 4424 723 4488 detrahens
746 4421 877 4498 stolam,
903 4421 1046 4487 recedet.

519 4531 572 4596 63.
598 4530 631 4596 Si
665 4527 919 4596 tabernaculum
953 4531 987 4594 in
1018 4531 1084 4595 alio
1114 4530 1226 4596 Alteri
1255 4530 1367 4597 locum
1390 4531 1540 4610 haberet,
1565 4531 1648 4598 velo

432 4635 508 4701 albo
545 4641 712 4724 cooperiet
750 4637 933 4704 custodiam
965 4658 1040 4703 cum
1072 4637 1128 4704 SS.
1154 4639 1379 4717 Sacramento,
1411 4660 1510 4724 quam
1541 4639 1647 4708 reliu-
