4175 5717
607 735 674 802 230
1069 753 1135 802 iia.
1160 755 1182 802 1.

606 861 682 928 413.
705 859 800 938 Quod
823 860 851 926 si
873 859 982 926 aderit
1003 859 1159 938 cadaver,
1182 879 1282 948 super
1297 880 1362 946 quo
1379 859 1568 948 peragenda
1581 857 1736 928 1111111-

518 969 652 1047 solutio,
675 973 848 1056 postquam
871 967 1051 1034 Oelebrans
1068 968 1207 1054 pluviali
1223 969 1289 1035 erit
1310 968 1456 1047 indutus,
1481 967 1639 1056 procedet
1655 985 1735 1036 oum

519 1079 589 1164 ipso
612 1084 690 1143 ante
713 1075 831 1142 Altero
855 1081 889 1141 et
910 1074 952 1140 ad
975 1075 1115 1142 Crucem
1149 1074 1361 1162 genuflectet.
1387 1076 1465 1144 Sine
1495 1075 1617 1144 osculis
1640 1075 1736 1142 bire-

519 1190 590 1250 tum
612 1183 762 1268 porriget
785 1181 985 1260 celebranti,
1009 1203 1105 1249 suum
1138 1184 1279 1269 accipiet
1308 1189 1472 1270 caputque
1501 1189 1602 1270 teget,
1631 1201 1673 1250 ac
1694 1201 1735 1250 ss

518 1295 719 1358 convertens
742 1309 786 1356 ex
808 1288 920 1356 Altari
941 1308 1060 1356 versus
1091 1290 1345 1377 presbyterium,
1368 1291 1515 1357 manebit
1539 1311 1560 1358 a
1588 1291 1735 1358 sinistris

520 1395 740 1476 Celebrantis,
764 1398 818 1464 1111
840 1395 1000 1463 fimbriam
1023 1398 1191 1464 sinistram
1208 1397 1364 1484 pluvialis
1387 1397 1584 1465 sublevabit

606 1507 682 1573 414.
706 1503 949 1572 Subdieconum
971 1511 1160 1590 gestantem
1183 1505 1381 1572 (1111111111
1410 1505 1546 1572 illerum
1568 1505 1679 1583 etiarn,
1703 1505 1736 1572 si

518 1614 635 1691 aderit,
659 1613 889 1698 subsequetur.
905 1611 958 1679 Ad
979 1613 1143 1680 feretrum
1167 1613 1222 1679 ubi
1238 1619 1375 1680 ventum
1389 1614 1464 1692 erit,
1482 1612 1641 1680 subsistet
1654 1629 1735 1680 ciiiii

519 1721 718 1790 0111111111
739 1720 781 1787 ad
804 1720 902 1807 pedes
917 1719 1100 1799 cadaveris,
1124 1740 1164 1787 ac
1180 1722 1207 1786 si
1222 1721 1326 1787 inerit
1341 1719 1538 1798 Sacerdotis,
1562 1721 1735 1786 transiens

519 1851 620 1918 super
641 1830 811 1896 sinistram
834 1847 927 1894 suam
949 1847 986 1894 se
1008 1829 1106 1894 sistet
1128 1847 1203 1895 cum
1227 1827 1427 1894 Gelebrante
1443 1827 1486 1893 ad
1507 1825 1606 1914 pedes
1629 1823 1737 1894 cads-

518 1941 608 2005 veris
630 1957 649 2003 1
671 1938 808 2023 regione
832 1935 948 2002 (trucis
970 1955 992 2002 a
1013 1935 1223 2002 Subdiacono
1245 1941 1417 2003 sustentas
1442 1935 1486 2002 ad
1514 1939 1615 2021 caput
1637 1933 1738 2002 cada·

519 2048 608 2112 veris
632 2044 787 2111 eiusdem.

606 2153 681 2220 415.
705 2152 815 2228 Quum
838 2153 970 2218 venerit
991 2172 1030 2218 eo
1065 2152 1121 2218 ubi
1143 2152 1389 2219 consistendum
1417 2153 1492 2230 erit,
1518 2149 1659 2218 nudabit
1679 2169 1738 2218 ca·

518 2267 580 2348 put
602 2267 638 2327 et
658 2261 800 2326 biretum
823 2281 919 2325 suum
942 2261 1044 2346 prius,
1069 2259 1186 2326 deinde
1207 2261 1388 2328 alterumn
1411 2257 1610 2358 Celebrante
1632 2277 1737 2327 acce-

518 2375 611 2456 ptum
634 2367 746 2434 tradet
768 2367 1044 2435 caeremoniario.

606 2475 682 2542 416.
704 2475 841 2541 Librum
865 2482 974 2542 sumet
994 2482 1029 2541 et
1052 2480 1130 2540 ante
1154 2475 1386 2542 (lelebrantem
1409 2474 1594 2555 sustinebit,
1609 2475 1667 2560 qui
1682 2493 1738 2542 re·

518 2581 635 2649 citabit
656 2584 840 2649 orationem
862 2583 945 2650 Noc
965 2584 1077 2650 intres
1101 2588 1163 2649 etc.
1180 2584 1411 2668 quaeratione
1426 2583 1589 2660 absolute,
1608 2581 1741 2650 librum·

518 2688 662 2767 claudet,
686 2690 897 2757 reverebitur
919 2689 1153 2758 Gelebrantem
1182 2697 1218 2757 et
1246 2711 1364 2758 rursus
1394 2691 1437 2757 ad
1459 2691 1630 2757 sinistram
1660 2690 1736 2756 eius

518 2797 648 2865 redibit.
1140 2795 1143 2800 ’

604 2905 680 2971 417.
704 2906 838 2972 Interea
853 2906 1044 2973 cantabitur
1059 2918 1096 2988 11.
1113 2907 1242 2975 Libera
1256 2927 1312 2975 me
1327 2908 1475 2976 Domine
1489 2913 1553 2974 etc.
1569 2905 1612 2974 ad
1635 2907 1735 2974 cuius
1816 2925 1821 2942 ·

518 3017 748 3100 repetitionem
770 3015 934 3081 Diaconos
958 3015 1115 3081 transibit
1137 3014 1178 3081 ad
1201 3015 1374 3082 dexteram
1390 3015 1609 3092 celebrantis,
1634 3033 1736 3100 quem

519 3124 725 3207 praeteriens
749 3123 968 3189 reverebitur:
992 3122 1154 3189 fimbriam
1178 3123 1351 3190 dexteram
1374 3123 1531 3211 pluvialis
1554 3123 1627 3190 eiiis
1650 3123 1736 3190 sub·

519 3229 644 3296 levabit
672 3249 713 3295 ac
745 3230 946 3296 ministrabit
963 3231 1146 3296 'incensum
1175 3231 1216 3296 ab
1246 3251 1285 3297 eo
1312 3237 1427 3319 petens
1459 3229 1735 3297 benedictionem.

520 3336 633 3402 Thure
655 3357 676 3402 a
699 3336 899 3405 celebrante
921 3340 956 3403 in
978 3337 1188 3404 thuribulum
1212 3341 1355 3407 immisso
1384 3360 1425 3407 11
1453 3339 1636 3418 benedicto,
1659 3357 1736 3406 ma-

519 3443 612 3510 nebit
633 3464 654 3509 a
676 3443 803 3510 dextris
826 3447 940 3532 ipsius.

606 3551 681 3618 418.
706 3552 813 3619 Gantu
836 3555 1037 3640 responsorii
1060 3559 1096 3620 et
1110 3554 1220 3642 Kyrie
1243 3555 1372 3623 eleison
1386 3555 1561 3641 completo,
1578 3551 1677 3620 simul
1693 3573 1737 3622 ac

512 3658 699 3726 w(lelebrans
715 3661 874 3728 cecinerit
889 3662 998 3730 Pater
1012 3669 1144 3738 noster,
1158 3662 1333 3742 Diaconus‚
1346 3665 1402 3748 qui
1417 3663 1736 3750 aspersoriumcum

517 3786 603 3851 aqua
625 3766 798 3833 benedicta
820 3770 884 3833 iem
907 3789 927 3834 a
950 3770 1074 3836 clerico
1098 3771 1273 3856 acceperit,
1299 3769 1458 3836 sustollet
1479 3768 1640 3835 fimbriam
1660 3769 1737 3856 plii·

517 3874 614 3941 vialis
650 3874 866 3953 Gelebrantis,
898 3879 1120 3962 aspersorium
1144 3879 1204 3963 ipsi
1235 3876 1355 3954 tradet,
1386 3897 1527 3961 eumque
1557 3878 1591 3941 in
1622 3895 1736 3964 asper·

515 3985 617 4061 sione,
641 4003 739 4068 quam
762 3985 914 4050 fecturus
930 3987 995 4051 1111
1011 4007 1111 4073 super
1127 3986 1281 4063 cadaver,
1299 3985 1519 4052 comitabitur.
1537 3984 1572 4052 Si
1587 3984 1735 4054 cadaver

516 4095 582 4160 erit
603 4094 680 4159 laici
704 4093 856 4170 hominis,
879 4095 914 4159 iii
936 4095 1141 4161 transeundo
1164 4100 1242 4161 ante
1266 4095 1386 4160 Altare
1408 4091 1529 4161 efficiet
1550 4095 1644 4181 prius
1670 4113 1734 4182 ge-

516 4198 750 4280 nuflexionem,
774 4208 846 4268 tum
869 4205 1092 4287 aspersorium
1116 4203 1228 4270 tradet
1252 4202 1453 4269 Celebranti.

605 4311 679 4376 419.
704 4307 977 4376 Genuflexionem
1000 4312 1101 4376 etiam
1122 4311 1224 4377 faciet
1246 4331 1348 4395 quum
1362 4316 1440 4376 ante
1457 4310 1599 4377 Grucem
1613 4329 1635 4376 a
1650 4309 1734 4376 Sub·

518 4415 654 4482 diacono
677 4424 860 4485 sustentem
882 4418 1049 4484 transibit.

605 4526 679 4591 4211.
704 4529 904 4614 Aspersione
927 4534 1072 4616 peracta,
1097 4534 1266 4613 receptum
1296 4548 1313 4595 a
1345 4528 1545 4595 Celebrante
1576 4546 1733 4614 asperso-

517 4632 603 4698 rium
626 4633 742 4701 reddet
764 4638 898 4714 olerico,
922 4639 979 4722 qui
1010 4635 1183 4704 vasculum
1213 4656 1318 4722 aquae
1349 4635 1542 4705 benedictae
1574 4637 1731 4722 gestabit
