4175 5717
962 1001 1033 1051 one.
1059 997 1142 1051 xxv.
1505 979 1567 1049 lat

439 1099 555 1186 caudis
578 1103 712 1173 dabunt.
737 1105 891 1174 Aderant
913 1109 980 1175 bini
1002 1110 1059 1175 alii
1076 1110 1202 1187 clerici,
1219 1111 1274 1195 qni
1298 1106 1467 1196 genuflexi
1491 1111 1524 1175 in
1548 1109 1654 1195 gradu

437 1215 612 1298 superiore
635 1211 762 1281 Altaris
784 1237 804 1281 a
826 1217 999 1295 lateribus,
1024 1217 1188 1284 tobaleam
1212 1216 1492 1285 communicandis
1515 1219 1656 1284 sustine·

439 1319 535 1388 bunt.
560 1321 738 1408 illigentur
761 1326 859 1389 etiam
876 1324 1006 1410 quidam
1031 1345 1074 1392 ex
1097 1327 1240 1404 clericis,
1257 1328 1312 1411 qui
1337 1324 1608 1413 purificationem,
1628 1327 1655 1389 si

438 1423 514 1494 teri
536 1429 656 1504 soleat,
678 1433 895 1498 comunicatis
916 1431 1160 1499 administrent.

528 1535 581 1600 20.
606 1536 689 1602 Dum
713 1537 893 1604 Celebrans
917 1540 1004 1605 dicet
1027 1542 1182 1618 Domine,
1207 1562 1279 1610 non
1301 1561 1382 1609 sum
1411 1542 1553 1628 dignm,
1573 1541 1655 1609 Gae-

436 1644 659 1711 remoniarius
676 1665 719 1711 ex
735 1647 836 1714 abaco
852 1649 992 1736 accipiet
1006 1648 1151 1716 alterum
1168 1649 1306 1716 calicem
1323 1670 1398 1715 cum
1414 1656 1543 1737 patena,
1554 1648 1654 1736 palla,

438 1749 616 1818 reloalbo
639 1759 673 1820 et
697 1756 790 1833 vitta,
807 1751 926 1822 afferet
946 1755 988 1821 ad
1013 1757 1131 1823 Altare
1155 1756 1264 1841 ibique
1288 1762 1389 1844 ponet
1406 1759 1438 1823 in
1455 1757 1563 1823 latere
1580 1756 1658 1842 Epi·

439 1857 561 1924 stolae.
1259 1923 1261 1928 .

463 2039 467 2048 ,
526 1967 582 2034 21.
617 1969 794 2056 Postquam
830 1972 1011 2040 Celebrans
1046 1973 1189 2040 Calicem
1224 1976 1513 2050 consummaverit,
1549 1975 1653 2059 ipsum

438 2075 532 2164 palla
556 2080 723 2164 cooperiet
740 2078 976 2146 subdiaconus:
1001 2081 1166 2147 Diaconus
1191 2088 1226 2147 et
1257 2081 1483 2148 Subdiacouus
1515 2077 1660 2167 genufle-

438 2191 535 2254 ctent
557 2183 598 2262 ad
621 2184 873 2254 Sacramentum
896 2195 931 2255 et
954 2189 1067 2255 locum
1091 2189 1278 2267 mutabunt,
1296 2209 1413 2276 nempe
1429 2188 1595 2254 Diaconus
1618 2186 1659 2252 ad

438 2290 625 2374 dexteram,
649 2292 876 2361 Subdiaconus
892 2295 940 2362 ad
963 2297 1094 2363 laevam
1122 2296 1329 2365 Celebrantis
1354 2298 1518 2364 transibit.
1545 2297 1662 2363 Caere-

438 2400 621 2468 rnoniarius
637 2399 782 2468 alterum
805 2403 943 2470 calicem
968 2425 1108 2470 vacuum
1133 2410 1233 2491 ponet
1252 2406 1347 2472 iuxta
1362 2405 1546 2491 corporale.
1570 2403 1664 2472 Gele-

438 2507 543 2576 brans
565 2527 641 2575 cum
663 2508 825 2577 Ministris
848 2507 1063 2602 genuflectet.

529 2615 583 2682 22.
609 2616 788 2683 celebrans
812 2620 951 2704 accipiet
968 2620 1115 2684 Hostiam
1134 2620 1301 2694 maiorem,
1323 2638 1407 2705 qnae
1424 2611 1467 2685 ex'
1484 2638 1549 2684 una
1564 2629 1659 2706 parte

438 2723 625 2814 corporalis
640 2723 763 2803 ederit,
788 2747 925 2812 eamque
948 2733 1049 2814 ponet
1081 2729 1113 2792 in
1146 2726 1267 2802 Colice,
1291 2748 1387 2812 quem
1422 2729 1452 2792 ei
1484 2727 1657 2794 sustinebit

440 2831 609 2902 Diaconus
631 2834 720 2898 intra
743 2835 929 2920 corporale,
951 2837 1096 2902 animum
1120 2835 1298 2901 advertens
1321 2833 1363 2900 ad
1379 2855 1451 2900 eam
1475 2833 1657 2920 ponendam

438 2940 566 3007 leniter
589 2959 650 3007 nec
667 2943 733 3007 rim
749 2939 975 3022 adhibendam,
1000 2964 1042 3009 ne
1065 2944 1154 3009 forte
1178 2943 1364 3028 frangatur.
1388 2942 1555 3008 Diaconus
1579 2943 1657 3025 quin

440 3047 588 3116 Calicem
611 3069 686 3114 cum
710 3049 925 3116 sacramento
948 3073 968 3116 a
999 3052 1168 3137 corporali
1199 3057 1361 3127 amoveat,
1386 3051 1531 3137 imponet
1562 3050 1657 3115 calici

439 3155 577 3244 pallam,
600 3154 719 3222 deinde
739 3163 892 3244 patenam
918 3160 1082 3226 inversam
1108 3179 1208 3244 super
1232 3158 1365 3244 pallam,
1383 3177 1442 3223 seu
1464 3156 1549 3241 quod
1574 3156 1657 3222 idem

440 3271 502 3344 est,
527 3283 708 3330 concavam
732 3272 871 3350 patenae
894 3273 1023 3351 partem
1056 3286 1156 3353 super
1180 3265 1329 3342 calicem,
1353 3271 1387 3330 et
1411 3263 1522 3330 velum
1547 3263 1658 3329 album

439 3391 544 3458 supra
567 3370 735 3438 extendet:
761 3370 941 3438 celebrans
965 3372 1139 3438 dexterum
1163 3393 1221 3438 seu
1237 3372 1377 3458 digitum
1395 3370 1537 3437 medium
1554 3376 1587 3436 et
1603 3390 1661 3435 an·

438 3479 595 3580 nnlarenp
619 3481 762 3566 imponet
786 3481 861 3546 velo
885 3487 920 3546 et
941 3487 1092 3566 patenae,
1117 3500 1156 3546 ac
1179 3480 1344 3546 Diaconus
1368 3478 1580 3564 adstringens
1605 3499 1662 3542 re·

436 3587 510 3654 lum
535 3589 625 3653 circa
647 3587 762 3675 pedem
785 3587 950 3654 cohibebit
974 3589 1079 3673 ipsum
1103 3608 1204 3674 supra
1228 3585 1348 3652 nodum
1374 3587 1498 3653 calicis.

528 3695 583 3762 23.
601 3695 786 3783 Composito
802 3697 862 3763 tali
879 3695 972 3763 modo
990 3698 1105 3775 calice,
1120 3696 1300 3764 Celebrans
1316 3695 1488 3762 dexteram
1506 3695 1659 3761 retrahet

435 3801 479 3876 ad
503 3805 585 3892 ipso,
609 3812 644 3871 et
666 3805 831 3871 Diaconus
854 3804 1004 3870 eumdem
1028 3811 1130 3892 ponet
1155 3805 1188 3869 in
1212 3803 1318 3869 medio
1341 3802 1507 3890 corporali
1539 3823 1659 3868 versus

436 3913 594 3990 Crucem,
617 3913 765 4004 calicem¹
781 3932 860 3978 vero
883 3911 1005 3980 blissae
1021 3933 1139 3980 versus
1155 3930 1261 3977 cornu
1278 3910 1464 3996 Evangelii,
1489 3909 1545 3976 sed
1571 3912 1660 3975 intra

436 4019 565 4086 limites
588 4021 870 4107 corporalis;tu1n
893 4023 1035 4108 accipiet
1057 4019 1201 4106 pixidem
1224 4039 1298 4085 cum
1314 4019 1498 4106 particulis,
1522 4038 1659 4102 eamque
1731 4011 1734 4017 ’

435 4137 543 4218 ponet
565 4135 644 4196 ante
668 4128 812 4196 Calicem
836 4130 912 4196 velo
936 4136 1137 4204 contectum,
1171 4129 1203 4194 in
1235 4148 1299 4212 quo
1323 4127 1491 4192 conditum
1514 4127 1579 4192 erit
1603 4125 1660 4191 Sa·

436 4244 650 4308 crumentum
673 4241 768 4322 eique
790 4235 945 4304 detrahet
969 4237 1174 4323 operculum.

528 4347 582 4412 24.
608 4343 750 4411 llinistri
774 4343 999 4432 genuflectent
1023 4344 1063 4410 ad
1100 4344 1351 4410 Sacramentum
1386 4350 1421 4410 et
1454 4339 1654 4407 descendent

435 4455 473 4524 ln
497 4455 638 4542 gradum
669 4458 873 4541 superiorem
898 4453 1024 4518 Altaris
1049 4460 1191 4538 uterque
1208 4473 1250 4518 ex
1267 4473 1306 4518 ea
1324 4458 1420 4539 parte
1444 4452 1475 4515 in
1501 4469 1565 4533 qua
1583 4449 1657 4520 erit,

435 4581 560 4650 nempe
583 4563 747 4629 Diaconus
771 4583 814 4628 ex
830 4569 925 4647 parte
942 4561 1111 4647 Epistolae
1128 4558 1356 4627 Subdiaconus
1372 4579 1414 4626 ex
1432 4566 1525 4642 parte
1544 4556 1658 4622 Evan-

432 4669 531 4762 gelii.
556 4669 721 4736 Diaconus
744 4668 924 4735 inclinatus
953 4668 1102 4736 cantabit
1128 4668 1301 4755 Confiteor
1323 4686 1383 4753 pro
1411 4663 1657 4744 Communione,

434 4799 527 4868 quae
550 4785 729 4866 peragetur
752 4778 871 4844 ritibus
895 4798 964 4865 cap.
989 4777 1031 4844 V.
1055 4798 1144 4843 num.
1169 4779 1200 4842 6.
1225 4782 1260 4842 et
1282 4795 1348 4858 seq.
1372 4770 1559 4858 descriptis.

530 4887 585 4952 25.
610 4887 790 4954 Celebrans
812 4895 988 4972 antequam
1012 4891 1120 4953 sumat
1142 4882 1411 4970 purificationem,
1428 4881 1573 4948 animum
1597 4878 1659 4948 ad-
