4175 5717
521 800 583 864 178
973 821 1039 870 ure.
1065 821 1112 868 ιν.

434 926 554 1001 Credo,
578 924 732 991 dicentur
762 927 912 992 <secunda
934 948 973 992 ac
1004 930 1117 991 tertia¹
1137 930 1253 1003 oratio,
1284 933 1323 992 ut
1353 926 1584 1012 praescribunt
1614 924 1646 990 in

431 1034 538 1100 Missis
563 1036 684 1099 votivis
707 1035 882 1120 generales
902 1035 1074 1101 Rubricae
1097 1035 1242 1099 Missslis
1265 1036 1316 1100 tit.
1341 1034 1415 1098 Vll.
1432 1053 1521 1098 num.
1537 1033 1569 1099 3.
1586 1033 1650 1099 Be·

431 1142 635 1209 melcomus
659 1142 807 1209 Domino
829 1144 863 1207 in
887 1140 953 1206 line
976 1149 1011 1208 et
1033 1142 1255 1227 Evangelium
1279 1164 1305 1208 s.
1328 1141 1465 1206 loannis
1489 1141 1533 1207 In
1549 1141 1651 1223 pes

430 1250 520 1332 eipio
543 1257 607 1315 etc.
631 1249 725 1324 Quod
749 1252 776 1314 si
801 1229 972 1316 recitanda
995 1250 1061 1314 erit
1083 1248 1185 1315 Missa
1208 1247 1412 1334 respondeus
1443 1245 1559 1325 efficio,
1586 1248 1649 1314 ad-

432 1363 586 1422 vertatur
609 1357 695 1443 quod
719 1359 826 1422 oratio
845 1375 915 1439 pro
938 1374 1068 1439 sponso
1092 1362 1125 1422 et
1146 1374 1279 1438 sponso
1308 1376 1375 1420 non
1398 1364 1450 1420 est
1484 1356 1650 1441 iungenda

432 1463 491 1530 sub
515 1465 615 1529 uniea
635 1464 851 1529 conclusione
873 1483 948 1528 cum
972 1464 1079 1549 prima
1101 1464 1263 1540 oratione,
1287 1462 1547 1529 sed·‹recitauds
1576 1471 1650 1549 post

431 1591 545 1637 omues
568 1573 745 1647 orationes,
770 1591 831 1637 seu·
856 1571 1186 1636 commemorationes
1215 1588 1236 1634 s
1264 1569 1399 1635 rubrica
1427 1571 1650 1657 praescriptas

432 1686 466 1744 et
487 1685 566 1744 ante
589 1678 750 1744 collectas'
773 1698 794 1743 a
816 1679 988 1763 superiore
1011 1678 1200 1763 imperatas.

521 1784 570 1850 15.
595 1785 629 1851 Si
652 1785 774 1850 mulier
796 1785 900 1851 luerit
922 1782 1030 1859 vidua,
1056 1784 1229 1849 omittetur
1252 1786 1445 1870 nuptiarum
1463 1784 1650 1851 benedictio

429 1895 499 1959 sive
523 1894 692 1958 orationes
707 1899 782 1978 post
800 1893 910 1960 Pater
924 1898 1046 1959 noster
1061 1897 1095 1957 et
1110 1897 1189 1957 ante
1206 1890 1469 1958 benedictionem
1485 1893 1518 1957 in
1540 1892 1649 1958 Missa.

522 2000 570 2065 16.
597 2000 631 2066 Si
655 2020 720 2085 qna
742 1999 783 2066 de
802 2002 926 2066 caussa
941 2020 962 2065 a
978 2001 1152 2086 superiore
1167 1998 1349 2087 approbata
1364 1999 1567 2066 Matrimonii
1579 2000 1653 2067 fun·

431 2110 498 2173 ctio
522 2108 723 2173 celebranda
743 2115 834 2173 esset
856 2108 971 2193 primis
995 2108 1086 2172 horis
1118 2107 1301 2183 nocturnis,
1332 2107 1506 2173 Perochus
1537 2108 1652 2175 induet

433 2215 494 2279 sibi
518 2215 797 2301 superpelliceum
821 2221 856 2281 et
878 2215 999 2280 stolam
1022 2214 1090 2279 albi
1113 2214 1247 2290 coloris,
1264 2233 1380 2297 enque
1409 2217 1519 2279 omnia
1550 2233 1651 2282 exse-

432 2328 564 2404 quetur,
599 2342 684 2407 quae
718 2323 869 2408 superius
904 2321 1028 2387 tradita
1066 2327 1146 2387 sunt
1179 2340 1283 2405 usqne
1315 2321 1357 2386 ad
1391 2321 1651 2389 celebrationem

435 2428 565 2496 Missae.
1079 2499 1084 2506 ,
1488 2433 1490 2437 ’

524 2536 573 2606 17.
599 2536 696 2603 Ritus
719 2538 783 2613 hic,
808 2538 983 2621 inquibus
1007 2534 1091 2602 locis
1115 2537 1231 2601 nullus
1259 2536 1346 2601 alius
1378 2536 1526 2622 legitime
1553 2538 1653 2603 iuve-

434 2655 509 2709 ctus
530 2646 607 2719 erit,
630 2663 675 2710 ex
697 2663 736 2709 eo
760 2645 846 2729 quod
870 2644 1066 2730 praescribit
1097 2643 1236 2710 Sacrum
1267 2643 1451 2711 Concilium
1483 2645 1652 2712 Tridenti-

435 2771 523 2825 nnm‚
548 2770 686 2837 prorsus
708 2752 951 2818 observabitur.
1046 2791 1049 2800 ·

977 2894 1106 2912 m*

471 3073 521 3129 DE
542 3073 836 3131 BENEDICTIONE
856 3074 1037 3132 PRlMARll
1059 3075 1214 3133 LAPIDIS
1234 3076 1371 3134 NOVAE
1390 3076 1614 3140 ECCLESlAE,

527 3181 807 3240 asncERDOTE
826 3182 882 3240 Ex
901 3182 1100 3241 MANDATO
1120 3181 1299 3243 EPISCOPI
1319 3183 1562 3245 PERAGENDA

916 3493 1060 3560 CAPUT
1084 3494 1174 3560 Xlll.
1258 3551 1261 3560 .

441 3707 468 3770 l.
495 3629 717 3791 Postquam
740 3710 921 3795 Episcopus
945 3729 985 3775 ea
1007 3710 1119 3774 omnin
1134 3713 1355 3787 constituerit,
1373 3731 1458 3795 quae
1474 3735 1558 3798 opus
1572 3723 1654 3779 suut

433 3812 474 3877 ad
497 3830 606 3878 novae
629 3814 790 3880 ecclesiae
805 3814 1078 3893 aedificationem,
1096 3816 1316 3884 Sacerdosab
1333 3838 1373 3884 eo
1386 3818 1572 3905 delegatus,
1588 3842 1653 3905 quo

435 3918 509 3985 loen
533 3917 732 4004 erigendum
751 3923 818 3987 erit
840 3921 962 3989 Altare
984 3924 1188 4009 primarium,
1212 3930 1313 4010 ponet
1338 3925 1392 3992 uel
1421 3928 1498 4012 poni
1529 3927 1655 3995 iubebit

436 4024 576 4092 Crucem
599 4026 744 4113 ligneam
767 4029 903 4095 maioris
927 4029 1065 4106 formae,
1090 4037 1129 4098 ut
1150 4032 1295 4117 conspici
1319 4033 1432 4117 possit.

521 4132 552 4197 2.
578 4133 824 4203 Substruentur
847 4135 1074 4214 fundamenta,
1098 4138 1154 4204 vel
1184 4140 1284 4205 etiam
1315 4140 1414 4205 lineis
1445 4142 1654 4208 describetur
1690 4187 1692 4196 ι

436 4260 552 4306 eorum
578 4240 683 4308 locus.
1566 4231 1568 4240 ¹

386 4335 388 4338 ⁵
522 4349 554 4413 3.
580 4349 848 4434 Quandoquidem
873 4356 906 4417 in
930 4353 1233 4419 substructionibus
1257 4357 1335 4439 ipsis
1351 4357 1529 4423 statuenda
1544 4360 1588 4424 sit
1603 4378 1656 4443 pe·

422 4463 490 4521 'tra
510 4455 782 4533 fundamentalis,
807 4459 908 4525 fossio
932 4458 988 4525 liet
1011 4481 1076 4544 qno
1099 4460 1175 4526 loco
1198 4463 1269 4547 ipsa
1291 4463 1357 4528 erit
1379 4462 1586 4540 collocanda,
1608 4466 1656 4529 vi·

436 4560 559 4627 delicet
583 4563 614 4627 in
638 4563 764 4647 angulo
788 4564 927 4632 dextero
958 4568 1101 4643 absidae,
1133 4569 1186 4658 qui
1220 4568 1315 4636 locus
1347 4569 1525 4660 respondet
1554 4571 1654 4641 lateri

437 4667 612 4759 Evangelii
635 4671 762 4741 Altaris
789 4674 946 4762 primarii,
1683 4676 1686 4680 ’
