4175 5717
527 733 570 796 20
976 752 1041 798 nra.
1069 752 1116 798 m.

533 863 587 926 lt.
615 861 797 926 Celebrans
820 859 994 926 submittet
1008 879 1127 944 genua,
1145 859 1286 945 palmam
1305 859 1445 946 accipiet
1468 865 1500 924 et
1525 857 1661 924 oscula·

439 970 538 1038 bitur,
565 981 633 1034 tuni
658 975 822 1054 assurget.
1316 1033 1320 1038 .

532 1077 584 1141 45.
610 1079 644 1142 Si
668 1076 776 1142 aderit
798 1077 888 1140 alter
908 1075 1076 1150 sacerdos,
1093 1077 1148 1142 hic
1165 1075 1299 1142 indutus
1324 1077 1570 1163 superpelliceo
1591 1079 1663 1142 sine
1706 1057 1708 1064 ⁵

449 1186 546 1260 stola,
571 1185 660 1248 «labit
685 1184 826 1270 palmam
852 1183 1053 1258 Celebranti,
1071 1185 1125 1267 qui
1143 1204 1209 1250 non
1225 1181 1339 1250 flectet
1354 1165 1474 1270 genua,
1486 1181 1547 1249 sed
1562 1183 1664 1250 stabit

445 1295 475 1356 in
501 1292 606 1357 modio
623 1293 762 1366 Altaris,
780 1292 866 1356 facie
882 1291 922 1356 ad
939 1291 1096 1376 populum
1115 1311 1221 1356 versa.
1240 1289 1402 1356 Sacerdos
1418 1289 1478 1354 ille
1492 1289 1662 1368 ascendet,

447 1402 487 1466 ad
512 1401 744 1466 celebrantem
768 1400 915 1468 accedet.
939 1407 974 1464 et
996 1405 1165 1486 acceptam
1190 1419 1209 1465 a
1232 1400 1337 1485 primo
1367 1399 1494 1464 clerico
1518 1399 1662 1484 palmam

442 1509 651 1572 osculabitur
673 1515 708 1572 et
731 1506 901 1593 praebebit
925 1507 1128 1574 Celebranti.

531 1617 584 1680 iti.
611 1613 793 1680 Celebrans
817 1613 960 1700 palmam
983 1621 1153 1700 acceptam
1178 1615 1288 1681 tradet
1318 1617 1423 1703 primo
1447 1616 1584 1694 clerico,
1609 1617 1666 1700 qui

447 1730 550 1812 ponet
573 1743 643 1788 eam
670 1741 770 1808 super
793 1722 906 1798 abaco,
932 1722 1032 1787 radet
1055 1720 1095 1786 ad
1121 1723 1256 1788 Missale
1285 1729 1320 1789 et
1347 1744 1422 1790 cum
1454 1723 1604 1790 secundo
1627 1743 1667 1790 ac

326 1905 330 1920 ,
445 1833 547 1896 tortio
564 1831 688 1896 clerico
704 1830 775 1894 alta
792 1849 874 1894 voce
886 1829 978 1914 leget
988 1831 1202 1916 antiphonam
1215 1831 1330 1898 Pueri
1341 1831 1590 1900 Hebraeorum
1602 1837 1666 1898 etc.

445 1945 477 2003 et
504 1938 651 2021 reliquas
675 1939 707 2002 in
732 1938 859 2002 Missali
884 1942 1016 2001 notatas
1039 1957 1100 2023 pro
1122 1938 1253 2003 actione
1277 1938 1530 2004 distributionis.
1587 2011 1595 2030 ,

534 2047 587 2109 47.
614 2045 747 2109 Interea
771 2044 916 2110 clericus
941 2046 1066 2130 primns
1090 2046 1123 2109 in
1148 2052 1300 2132 promptu
1324 2047 1458 2113 habebit
1472 2046 1606 2134 palmas
1621 2047 1670 2114 di-

448 2151 658 2218 slribuendas
681 2153 814 2219 clericis
838 2159 871 2217 et
895 2153 1111 2238 presbyteris,
1136 2154 1164 2217 si
1187 2155 1241 2237 qui
1265 2154 1418 2220 aderunt.

532 2262 585 2324 48.
612 2262 722 2326 Lectis
739 2263 938 2347 antiphonis.
957 2269 992 2326 ut
1011 2279 1122 2347 supra,
1137 2261 1321 2328 Celebrans
1336 2263 1456 2330 redibit
1466 2263 1508 2330 ad
1521 2263 1669 2330 medium

449 2371 589 2456 Atrans,
606 2373 855 2436 inclinationem
873 2373 974 2438 faciet
990 2374 1030 2438 ad
1048 2375 1198 2452 Crucem,
1217 2379 1436 2440 convertetur
1451 2355 1492 2438 ad
1506 2375 1671 2460 populum

449 2487 482 2544 et
506 2479 632 2564 palmas
656 2479 834 2545 distribuet
857 2481 1073 2568 presbyteris,
1091 2483 1118 2546 si
1142 2482 1295 2557 aderunt,
1313 2487 1427 2567 postea
1447 2482 1595 2560 clericis,
1613 2483 1674 2566 qui

446 2609 559 2654 titnnes
583 2609 694 2674 genua
717 2588 913 2654 submittent
938 2591 971 2653 in
996 2591 1211 2655 extremitate
1235 2589 1445 2678 suppedanei,
1469 2589 1671 2674 dignoribus

447 2718 506 2763 seu
530 2695 717 2760 senioribus
741 2717 784 2761 ex
807 2703 903 2782 parte
919 2697 1090 2782 Epistolae
1106 2695 1303 2783 genuflexis,
1321 2696 1407 2762 unde
1424 2717 1443 2763 a
1463 2693 1671 2764 Celebrante

448 2805 690 2870 distributionis
715 2805 843 2868 initium
867 2802 933 2870 fiet.
959 2805 1190 2889 Unusquisque
1214 2805 1421 2870 osculabitur
1450 2806 1560 2892 primo
1593 2805 1672 2892 pal-

447 2934 541 2988 mam,
568 2913 685 2979 deinde
709 2931 841 2978 manum
867 2912 1088 2978 Celebrantis.

534 3022 587 3087 49.
615 3021 788 3086 Secundus
812 3041 851 3085 ac
875 3023 996 3086 tertius
1012 3020 1157 3085 clericus
1174 3026 1342 3106 acceptam
1362 3020 1504 3106 palmam
1529 3021 1672 3088 tradent

449 3133 565 3216 primo,
590 3132 644 3214 qni
669 3131 769 3196 simul
792 3151 866 3196 cum
891 3149 952 3195 sua
975 3134 1076 3214 ponet
1099 3149 1154 3194 eas
1180 3131 1213 3194 in
1236 3129 1349 3194 abaco.

535 3239 588 3301 50.
615 3240 749 3304 Primus
772 3238 912 3322 accipiet
935 3237 1061 3322 palmas
1085 3237 1207 3323 populo
1226 3235 1469 3302 distribuendas
1485 3237 1579 3302 alter
1593 3259 1673 3306 cum

448 3347 547 3410 tertio
572 3345 750 3410 adstabant
775 3343 967 3410 celebranti
990 3364 1011 3408 a
1034 3344 1197 3409 lateribus
1221 3346 1316 3428 eique
1339 3343 1485 3410 fimbrias
1507 3345 1673 3431 pluuialis

449 3453 680 3518 sublevabunt.

536 3561 588 3624 51.
615 3561 794 3625 Celebrans
819 3580 894 3626 cum
918 3561 1050 3625 clericis
1079 3559 1119 3624 de
1155 3559 1265 3624 Altari
1294 3558 1507 3636 descendent,
1541 3561 1672 3628 facient

450 3671 636 3757 respective
662 3671 884 3735 reverentiam
908 3669 964 3733 rel
979 3665 1247 3753 genuflexionem
1263 3667 1303 3732 ad
1321 3667 1460 3733 Crucem
1478 3673 1513 3732 et
1529 3671 1674 3738 venient

446 3780 486 3844 ab
508 3778 730 3844 balaustrium
753 3797 813 3842 seu
837 3775 1006 3842 cancellos
1031 3795 1149 3842 versus
1180 3783 1308 3863 partem
1340 3775 1522 3862 Epistolae,
1556 3775 1673 3862 ibique

449 3887 630 3952 Celebrans
655 3886 779 3971 palmas
804 3886 939 3970 incipiet
961 3884 1162 3950 distribuere
1185 3886 1290 3970 primo
1322 3885 1412 3960 viris,
1436 3882 1559 3950 deinde
1594 3885 1673 3952 foe-

447 3997 554 4059 minis.
580 3993 731 4058 Clericus
756 3994 881 4078 primus
905 3994 1031 4079 palmas
1062 3993 1152 4058 dabit
1182 3993 1282 4058 tertio
1306 3999 1340 4058 et
1370 3992 1425 4057 hic
1460 3991 1671 4060 Celebrauti:

447 4102 611 4169 secundus
635 4109 746 4166 autem
769 4099 930 4166 fimbriam
953 4100 1125 4166 dexteram
1150 4100 1307 4188 pluvialis
1331 4098 1518 4164 sustinebit.

535 4209 588 4273 52.
614 4209 854 4272 Distributionc
878 4191 1023 4294 peracta,
1051 4209 1231 4274 Celebrans
1249 4227 1323 4272 cum
1340 4207 1472 4272 clericis
1490 4217 1613 4293 perget
1629 4209 1670 4276 ad

447 4319 584 4383 abacum
609 4339 651 4382 ex
676 4324 771 4403 parte
795 4317 965 4402 Epistolae
991 4318 1098 4400 ibique
1124 4337 1239 4381 uranus
1263 4315 1398 4379 lavabit.
1424 4313 1579 4380 Clericus
1597 4319 1670 4402 pri-

450 4446 520 4489 mos
544 4429 684 4511 accipiet.
708 4446 843 4490 urceum
867 4432 899 4489 ot
924 4426 1044 4509 pelvim
1070 4444 1108 4486 ac
1135 4424 1251 4488 srrrrdot
1273 4443 1390 4507 aquam
1415 4443 1516 4507 super
1547 4445 1669 4490 manus

449 4531 667 4604 Caletrantis.
692 4533 768 4597 dum
794 4533 913 4614 reliqui
938 4531 1003 4594 duo
1026 4537 1201 4594 extensum
1233 4539 1310 4597 ante
1342 4551 1415 4596 enm
1451 4532 1667 4598 sustinebunt

451 4644 703 4726 rruumtergiom,
719 4662 835 4728 nempe
852 4636 1016 4704 secundus
1029 4635 1168 4702 dextera
1182 4641 1435 4723 rnarrutergium.
1450 4639 1588 4708 sinistra
1602 4639 1669 4708 flm-
