4175 5717
969 761 1033 809 ΗΒ.
1059 762 1108 810 ΙΙΙ.

807 979 859 1044 De
882 977 990 1045 rebus
1009 979 1277 1061 praeparandis

516 1197 547 1261 ὅ.
574 1197 609 1259 ln
635 1197 746 1260 fronte
763 1193 890 1258 Altaris
906 1197 1077 1258 statuetur
1092 1192 1233 1280 pallium
1250 1194 1436 1261 violaceum
1453 1203 1488 1262 et
1505 1195 1653 1262 eiusdem

432 1307 555 1370 coloris
578 1303 831 1390 praeparabitur
854 1302 888 1366 in
911 1302 1060 1366 sacrario
1084 1301 1221 1388 planeta
1243 1323 1304 1388 pro
1320 1304 1424 1371 Missa
1439 1311 1658 1392 postprocee·

431 1414 555 1478 sionem
580 1409 789 1477 celebranda.

518 1520 548 1584 6.
573 1519 610 1582 ln
642 1537 747 1583 cornu
781 1517 955 1602 Evangelii
986 1536 1088 1603 prope
1118 1518 1239 1584 Altare
1270 1519 1528 1606 praeparabitur
1561 1517 1653 1588 Crux

435 1625 699 1712 processionalis.

517 1735 547 1796 7.
573 1735 611 1796 ln
636 1730 738 1796 abaco
761 1751 782 1796 a
805 1731 914 1796 latere
937 1731 1109 1819 Epistolae
1131 1733 1351 1821 disponentur
1374 1753 1461 1820 quae
1477 1755 1563 1821 opus
1576 1739 1653 1801 suut

429 1840 470 1905 ad
495 1841 639 1906 Missam.

518 1949 548 2012 8.
574 1949 611 2012 ln
643 1949 800 2019 sacrario,
832 1953 967 2034 praeter
998 1955 1192 2035 paramenta
1227 1951 1380 2037 superius
1411 1949 1562 2016 indicata
1591 1947 1650 2036 pro

432 2057 542 2130 Missa,
567 2053 712 2118 aderunt
735 2059 879 2138 quatuor
902 2056 1157 2142 superpellicea,
1182 2076 1285 2123 unum
1308 2057 1439 2123 scilicet
1461 2077 1521 2142 pro
1554 2055 1652 2122 Cele-

432 2162 560 2236 brante,
586 2162 719 2246 reliqua
740 2183 801 2248 pro
818 2162 924 2228 tribus
944 2163 1086 2239 clericis,
1104 2163 1253 2250 pluviale
1269 2163 1454 2230 violaceum
1472 2183 1549 2228 cum
1566 2161 1652 2230 stola

430 2269 579 2335 eiusdem
604 2270 728 2336 coloris
751 2289 811 2356 pro
836 2269 1038 2337 celebranto
1062 2277 1097 2336 ot
1120 2271 1265 2338 Rituale.

917 2489 961 2554 ln
983 2488 1168 2571 functione

517 2709 548 2773 9.
573 2709 664 2773 Hora
685 2707 886 2794 praestituta
907 2706 1038 2790 signum
1055 2704 1188 2770 dabitur
1203 2704 1324 2770 festivo
1340 2723 1577 2792 campanarum
1602 2727 1652 2804 ao

431 2839 483 2893 no,
508 2823 546 2882 ut
569 2817 710 2903 populus
735 2817 768 2880 in
793 2814 968 2880 ecclesiam
991 2813 1184 2898 colligatur.
1210 2812 1353 2878 Coibunt
1374 2813 1474 2878 etiam
1492 2815 1527 2878 in
1549 2815 1654 2882 eccle·

432 2927 513 2990 siam
538 2925 734 2991 Confratros
758 2943 833 2989 cum
858 2921 965 2988 Cruce
990 2920 1044 2985 vel
1069 2920 1136 2984 alio
1160 2920 1263 3006 signo,
1281 2919 1368 3005 quod
1384 2921 1417 2986 in
1442 2919 1653 3006 processione

435 3033 591 3099 solebunt
614 3032 759 3108 deferre,
784 3037 819 3096 et
842 3029 1060 3117 disponentur
1083 3031 1117 3093 in
1133 3027 1282 3093 ordinem
1299 3027 1340 3092 ad
1357 3027 1580 3094 balaustrium
1596 3049 1653 3096 seu

432 3141 601 3206 caucellos
625 3145 724 3204 extra
746 3139 1003 3227 presbyterium.
1029 3136 1154 3203 Clerici
1177 3137 1212 3200 in
1243 3136 1391 3203 sacrario
1421 3135 1483 3202 sibi
1516 3137 1653 3204 induent

432 3247 710 3334 superpelliceum
734 3266 837 3332 supra
859 3251 987 3311 vestem
1010 3243 1163 3309 talarem.
1189 3242 1342 3309 Clericus
1359 3244 1481 3310 tertius
1494 3245 1654 3314 accendet

434 3376 494 3418 sex
518 3375 634 3420 cereos
659 3355 789 3420 Altaria
813 3361 848 3419 et
870 3352 992 3436 reliqui
1016 3351 1082 3418 duo
1105 3351 1310 3418 adiuvabant
1334 3351 1569 3420 celebrantem
1600 3355 1652 3420 in·

440 3463 597 3529 (luentem
621 3461 682 3528 sibi
705 3461 996 3547 superpelliceum,
1012 3459 1134 3526 stolam
1158 3464 1192 3525 et
1206 3458 1355 3546 pluviale
1371 3459 1571 3552 violaceum.
1588 3463 1656 3530 Pri·

434 3591 506 3634 mus
530 3569 674 3634 clericus
696 3569 837 3654 accipiet
859 3569 959 3634 etiam
982 3568 1129 3634 Rituale.

526 3677 575 3742 10.
601 3676 709 3751 Quum
735 3677 844 3742 omnia
870 3676 1029 3761 disposita
1052 3682 1163 3753 erunt,
1196 3674 1376 3741 Celebrans
1406 3695 1482 3742 cum
1513 3677 1653 3756 deride

434 3784 523 3850 facta
548 3786 738 3849 reverentia
760 3784 801 3849 ad
826 3783 967 3850 Crucem
990 3784 1046 3849 vel
1077 3783 1118 3850 ad
1149 3785 1324 3870 imaginem
1358 3784 1578 3870 principalem
1602 3805 1655 3854 aa·

432 3895 543 3969 orarii,
568 3891 823 3980 proficiscentur
846 3893 887 3958 ad
910 3891 1041 3959 Altare.
1065 3892 1216 3958 Anteibit
1231 3891 1375 3959 clericus
1390 3893 1514 3960 tertius
1534 3895 1654 3962 iunctis

433 4002 594 4077 manibus,
619 4007 780 4085 aequetur
806 4000 988 4066 Celebrans
1011 4001 1118 4087 capite
1129 3999 1237 4066 bireto
1254 4004 1412 4086 cooperto
1424 4000 1554 4068 medius
1570 4003 1655 4070 inter

437 4110 578 4193 primurm
602 4115 637 4174 et
662 4108 843 4174 secundum
866 4108 1037 4185 clericum,
1055 4109 1109 4193 qui
1126 4106 1270 4174 fimbrias
1287 4107 1444 4194 pluvialis
1462 4111 1535 4176 eius
1553 4109 1656 4178 elatae

432 4216 654 4283 sustinebunt.
1472 4269 1477 4282 .

521 4326 570 4388 ll.
596 4324 703 4399 Quum
728 4324 928 4390 devenerint
952 4323 993 4388 ad
1016 4324 1145 4399 Altam,
1171 4325 1315 4408 clericus
1339 4324 1459 4388 tertius
1496 4324 1654 4392 subsistat

358 4431 360 4435 ”
429 4451 548 4496 vorsus
574 4453 678 4498 cornu
704 4433 890 4517 Evangelii.
915 4438 949 4497 ot
974 4432 1156 4498 Celebraus
1180 4452 1256 4496 cum
1282 4431 1417 4514 reliquis
1441 4430 1574 4500 duobus
1590 4433 1655 4500 cla·

434 4537 511 4601 ricis
534 4548 613 4603 ante
638 4540 767 4605 Altare.
793 4539 974 4604 Celebrans
998 4548 1098 4625 caput
1122 4538 1259 4605 nudabit
1281 4539 1399 4614 bireto,
1424 4539 1512 4621 quod
1546 4539 1655 4606 tradet

434 4645 538 4729 primo
566 4647 703 4724 clerico,
728 4653 762 4712 ot
786 4649 840 4715 hic
862 4649 1001 4738 accipiet
1023 4647 1108 4712 illud
1132 4668 1206 4714 curn
1231 4646 1353 4716 osculis
1370 4649 1551 4718 consuetis.
1570 4649 1659 4720 Cale·
