4175 5717
525 757 591 829 294
828 775 832 780 ·
985 777 1053 827 nm.
1077 771 1112 826 1.

525 891 579 956 99.
602 890 674 956 Η66
697 897 845 975 tempore
868 907 888 952 a
910 886 1038 953 duobus
1062 885 1257 971 pluribusve
1292 883 1425 952 clericis
1452 879 1661 973 recipientur

437 1007 471 1065 et
494 999 735 1083 extinguentur
758 994 911 1082 expedite
934 996 1104 1060 intorticia
1127 994 1183 1058 vel
1206 992 1366 1060 candelae
1389 995 1424 1058 in
1446 995 1661 1080 processione

436 1114 597 1191 gestatae.
1220 1125 1223 1132 ·

529 1213 600 1278 100.
626 1212 745 1278 Statim
766 1231 807 1276 ac
830 1228 851 1275 a
873 1209 1018 1274 Diaeono
1042 1208 1159 1276 clausa
1175 1211 1241 1277 erit
1255 1208 1423 1295 porticula
1438 1207 1661 1286 tabernaculi.

437 1325 641 1404 consurgent
652 1319 823 1404 Acolytbi,
837 1314 1039 1385 candelabra
1062 1318 1225 1403 accipient
1240 1322 1275 1382 et
1289 1313 1548 1402 proficiscentur
1563 1321 1664 1380 extra

437 1427 576 1492 chorum
589 1479 594 1488 .
607 1447 666 1492 seu
698 1425 943 1512 presbyterium
974 1445 1093 1492 versus
1125 1425 1317 1501 6161111111
1349 1423 1471 1488 016116
1501 1427 1665 1506 sequetur

438 1534 626 1620 Acolythos
641 1540 676 1598 et
691 1532 808 1598 ultimo
836 1534 911 1600 loco
936 1532 1117 1599 Celebrans
1141 1551 1216 1598 6111
1240 1530 1413 1608 Μ11161116,
1426 1531 1483 1614 qni
1506 1529 1600 1596 iacta
1622 1527 1664 1596 ad

438 1641 688 1707 Sacramentum
699 1637 943 1725 genuflexione,
960 1642 1101 1726 accipiet
1116 1639 1261 1705 biretum
1277 1659 1297 1703 a
1314 1639 1459 1704 Diacono
1476 1657 1555 1704 cum
1571 1657 1666 1704 oscu-

435 1748 477 1814 lis
501 1755 536 1813 et
558 1757 659 1833 caput
681 1750 858 1833 cooperiet:
882 1747 1023 1834 idipsum
1046 1747 1172 1812 facient
1194 1746 1340 1812 Ministri
1362 1747 1419 1830 qui
1443 1743 1591 1811 biretum
1608 1763 1663 1810 ac·

438 1857 561 1942 cipient
582 1877 603 1920 a
627 1855 904 1922 caeremoniario.
1011 1939 1014 1944 .

527 1962 598 2028 101.
624 1961 749 2030 Ordine
772 1964 903 2048 saepius
926 1964 1043 2028 innuto
1069 1961 1231 2028 redibitur
1255 1963 1290 2026 11
1314 1960 1511 2038 sacrarium,
1529 1959 1587 2026 ubi
1609 1959 1668 2028 Ge·

434 2070 570 2135 16111616
594 2075 628 2135 61
651 2069 795 2136 Ministri
817 2089 914 2137 sacra
936 2069 1130 2136 indumenta
1153 2068 1330 2135 dimittent.

528 2175 600 2242 102.
625 2175 734 2252 Quum
757 2177 948 2243 discesserit
971 2178 1103 2254 Glerus,
1127 2175 1356 2263 proficiscetur
1379 2177 1480 2244 etiarn
1509 2195 1588 2242 cum
1616 2195 1669 2242 61-

438 2283 514 2349 dine
535 2281 646 2349 debito
671 2284 948 2351 confraternitas.
1410 2331 1412 2336 -

529 2391 601 2458 103.
624 2393 655 2456 Α
678 2391 805 2458 duobus
829 2393 962 2458 clericis
986 2395 1229 2478 extinguentur
1263 2379 1392 2457 Altaria
1422 2389 1601 2458 candelae.
1626 2389 1670 2460 Si

437 2508 623 2588 opportuna
646 2501 750 2566 luerit
771 2503 855 2567 hora
877 2521 1019 2586 aequum
1043 2513 1142 2578 esset,
1168 2510 1206 2568 ut
1228 2501 1434 2568 functionem
1463 2511 1670 2586 sequeretur

436 2607 537 2674 Missa
548 2610 647 2684 lecta,
665 2607 866 2673 celebranda
883 2611 915 2672 iu
933 2609 1044 2674 ditari
1060 2610 1286 2695 expositionis,
1301 2607 1557 2676 consummandi
1573 2629 1670 2676 6616-

437 2735 474 2780 66
496 2737 521 2782 s.
546 2715 696 2780 Hostiam
718 2715 763 2780 ibi
784 2715 950 2782 conditam
973 2723 1049 2802 post
1064 2716 1337 2783 benedictionem.
1355 2715 1390 2782 Si
1406 2715 1669 2784 tabernaculum

434 2842 501 2886 uon
523 2822 656 2888 adesset
679 2823 906 2889 transferetur
932 2826 1043 2890 statim
1067 2823 1109 2888 ad
1134 2825 1263 2900 Altare,
1289 2825 1323 2888 in
1348 2843 1412 2908 quo
1427 2827 1603 2892 asservari
1619 2845 1671 2892 so-

435 2930 484 2994 let
507 2931 769 3008 Sacramentum,
794 2929 949 2998 methodo
973 2931 1099 2998 tradita
1122 2933 1156 2996 in
1179 2931 1278 2998 Faria
1314 2931 1355 2998 V.
1391 2933 1526 2998 maioris
1562 2931 1669 3000 ebdo-

433 3037 548 3102 madae
571 3057 642 3123 cap.
666 3038 777 3105 XXV.
802 3059 892 3108 num.
916 3039 957 3104 01
987 3047 1022 3104 61
1046 3059 1136 3124 seqq.

524 3146 594 3210 104.
620 3145 654 3212 Si
678 3148 881 3232 processioni
904 3146 1003 3212 locus
1029 3165 1096 3210 non
1121 3147 1197 3223 6111,
1214 3145 1406 3212 servabitur
1421 3147 1604 3216 methodus
1620 3169 1672 3218 se·

398 3324 400 3327 ,
436 3275 552 3338 quens:

527 3362 599 3426 1οῦ.
625 3361 816 3438 Calabram,
840 3366 1015 3448 postquam
1038 3361 1189 3446 pluviale
1224 3361 1285 3427 sibi
1316 3359 1472 3438 induerit
1501 3363 1671 3450 procedet

434 3474 512 3533 ante
534 3468 653 3533 Altare
678 3476 712 3534 et
734 3477 900 3536 canentur
922 3469 1074 3534 Litaniae
1097 3488 1173 3534 cum
1188 3468 1341 3555 precibus
1361 3489 1464 3554 usqne
1489 3469 1534 3536 ad
1558 3457 1670 3539 totum

433 3580 465 3648 t.
488 3575 645 3652 Domine,
669 3577 805 3644 exaudi
827 3585 890 3644 616.
917 3575 985 3642 Sub
1008 3573 1107 3640 finem
1137 3576 1332 3642 litaniarum
1363 3583 1511 3661 quatuor
1548 3578 1671 3646 clerici

434 3690 469 3746 et
491 3683 730 3748 thuriferarius
753 3679 896 3750 afferent
919 3685 1089 3750 intorticia
1113 3689 1148 3749 et
1170 3684 1392 3762 thuribulum,
1419 3690 1580 3771 utsupra
1595 3685 1671 3754 dic·

431 3797 502 3854 tum
526 3797 587 3854 est.
612 3787 694 3855 Post
716 3790 896 3856 indicatum
923 3791 1134 3856 versiculum
1158 3791 1349 3857 cantabitur
1383 3791 1510 3878 Pompe
1541 3795 1672 3880 11169166

432 3916 472 3962 66
494 3898 566 3962 6116
589 3898 832 3963 intermissione
860 3898 1015 3966 Tantam
1031 3917 1126 3985 erpo,
1143 3897 1392 3965 thurificabitur
1408 3899 1670 3968 Sacramentum

429 4025 469 4070 66
492 4003 610 4070 deinde
634 4004 815 4070 celebrans
839 4006 987 4072 cantabit
1012 4009 1182 4072 orationes
1207 4009 1431 4093 praescriptas
1461 4027 1531 4074 non
1562 4029 1668 4096 prae·

431 4114 565 4177 mittens
590 4111 972 4200 Dominus'oobisoam.
997 4110 1079 4178 Post
1103 4119 1133 4188 t.
1159 4113 1336 4182 Fidetiam
1358 4115 1500 4182 animae
1515 4122 1583 4184 etc.
1612 4121 1670 4184 im-

430 4229 574 4304 ponetur
599 4219 789 4284 Celebranti
815 4220 926 4284 velum
951 4221 1125 4286 humerale
1148 4222 1271 4300 album,
1307 4224 1471 4289 Diaconus
1507 4224 1563 4290 vel
1601 4225 1669 4292 Sa-

433 4330 536 4392 611116
558 4329 698 4413 accipiet
721 4327 761 4392 de
785 4329 907 4392 throne
932 4327 1174 4405 Osteusorium,
1191 4328 1325 4396 dabitur
1341 4329 1529 4398 benedictio
1546 4333 1665 4400 eadem

434 4435 563 4499 ratione
586 4455 632 4500 ac·
649 4437 802 4520 superius
825 4434 1028 4518 descriptum
1052 4442 1113 4500 661.
