<?xml version="1.0" encoding="UTF-8"?>
<!DOCTYPE html PUBLIC "-//W3C//DTD XHTML 1.0 Transitional//EN"
    "http://www.w3.org/TR/xhtml1/DTD/xhtml1-transitional.dtd">
<html xmlns="http://www.w3.org/1999/xhtml" xml:lang="en" lang="en">
 <head>
  <title>
</title>
<meta http-equiv="Content-Type" content="text/html;charset=utf-8" />
  <meta name='ocr-system' content='tesseract 3.04.00' />
  <meta name='ocr-capabilities' content='ocr_page ocr_carea ocr_par ocr_line ocrx_word'/>
</head>
<body>
  <div class='ocr_page' id='page_1' title='image "./manualesacrarum00martgoog_0451.png"; bbox 0 0 4175 5717; ppageno 0'>
   <div class='ocr_carea' id='block_1_1' title="bbox 1342 535 1468 545">
    <p class='ocr_par' dir='ltr' id='par_1_1' title="bbox 1342 535 1468 545">
     <span class='ocr_line' id='line_1_1' title="bbox 1342 535 1468 545; baseline -0.008 0"><span class='ocrx_word' id='word_1_1' title='bbox 1342 535 1346 545; x_wconf 66' lang='grc' dir='ltr'><strong><em>ι</em></strong></span> <span class='ocrx_word' id='word_1_2' title='bbox 1464 537 1468 544; x_wconf 69' lang='lat' dir='ltr'>x</span> 
     </span>
    </p>
   </div>
   <div class='ocr_carea' id='block_1_2' title="bbox 979 922 1565 989">
    <p class='ocr_par' dir='ltr' id='par_1_2' title="bbox 979 922 1565 989">
     <span class='ocr_line' id='line_1_2' title="bbox 979 922 1565 989; baseline 0.002 -3"><span class='ocrx_word' id='word_1_3' title='bbox 979 939 1051 986; x_wconf 76' lang='lat' dir='ltr'>car.</span> <span class='ocrx_word' id='word_1_4' title='bbox 1077 941 1123 989; x_wconf 92' lang='lat' dir='ltr'>1v.</span> <span class='ocrx_word' id='word_1_5' title='bbox 1526 922 1565 987; x_wconf 85' lang='grc'>61</span> 
     </span>
    </p>
   </div>
   <div class='ocr_carea' id='block_1_3' title="bbox 432 1046 1661 4909">
    <p class='ocr_par' dir='ltr' id='par_1_3' title="bbox 437 1046 1656 1240">
     <span class='ocr_line' id='line_1_3' title="bbox 440 1046 1656 1135; baseline -0.001 -21"><span class='ocrx_word' id='word_1_6' title='bbox 440 1046 488 1114; x_wconf 88' lang='lat' dir='ltr'>du</span> <span class='ocrx_word' id='word_1_7' title='bbox 510 1067 530 1114; x_wconf 85' lang='lat' dir='ltr'>a</span> <span class='ocrx_word' id='word_1_8' title='bbox 552 1046 662 1132; x_wconf 85' lang='lat' dir='ltr'>latere</span> <span class='ocrx_word' id='word_1_9' title='bbox 684 1046 863 1135; x_wconf 85' lang='lat' dir='ltr'>Epistolae:</span> <span class='ocrx_word' id='word_1_10' title='bbox 888 1046 1010 1112; x_wconf 89' lang='lat' dir='ltr'>chorus</span> <span class='ocrx_word' id='word_1_11' title='bbox 1034 1051 1069 1112; x_wconf 90' lang='lat' dir='ltr'>et</span> <span class='ocrx_word' id='word_1_12' title='bbox 1092 1046 1245 1124; x_wconf 89' lang='lat' dir='ltr'>Ministri,</span> <span class='ocrx_word' id='word_1_13' title='bbox 1269 1052 1410 1133; x_wconf 84' lang='lat' dir='ltr'>excepto</span> <span class='ocrx_word' id='word_1_14' title='bbox 1430 1046 1656 1123; x_wconf 80' lang='lat' dir='ltr'><strong>thuriferario,</strong></span> 
     </span>
     <span class='ocr_line' id='line_1_4' title="bbox 437 1153 1419 1240; baseline -0.003 -18"><span class='ocrx_word' id='word_1_15' title='bbox 437 1158 474 1222; x_wconf 92' lang='lat' dir='ltr'>in</span> <span class='ocrx_word' id='word_1_16' title='bbox 497 1153 744 1222; x_wconf 80' lang='lat' dir='ltr'>thurificatione</span> <span class='ocrx_word' id='word_1_17' title='bbox 768 1154 824 1222; x_wconf 93' lang='lat' dir='ltr'>SS.</span> <span class='ocrx_word' id='word_1_18' title='bbox 850 1154 1057 1220; x_wconf 89' lang='lat' dir='ltr'>Sacramenti</span> <span class='ocrx_word' id='word_1_19' title='bbox 1080 1161 1180 1240; x_wconf 88' lang='lat' dir='ltr'>caput</span> <span class='ocrx_word' id='word_1_20' title='bbox 1202 1155 1419 1221; x_wconf 92' lang='lat' dir='ltr'>inclinabunt.</span> 
     </span>
    </p>

    <p class='ocr_par' dir='ltr' id='par_1_4' title="bbox 437 1259 1659 1882">
     <span class='ocr_line' id='line_1_5' title="bbox 530 1259 1659 1349; baseline -0.002 -20"><span class='ocrx_word' id='word_1_21' title='bbox 530 1264 604 1329; x_wconf 78' lang='lat'>184.</span> <span class='ocrx_word' id='word_1_22' title='bbox 630 1262 821 1338; x_wconf 82' lang='lat' dir='ltr'>Celebrans,</span> <span class='ocrx_word' id='word_1_23' title='bbox 846 1262 956 1329; x_wconf 89' lang='lat' dir='ltr'>verbis</span> <span class='ocrx_word' id='word_1_24' title='bbox 981 1262 1246 1329; x_wconf 81' lang='lat' dir='ltr'>Consecrationis</span> <span class='ocrx_word' id='word_1_25' title='bbox 1277 1262 1427 1349; x_wconf 87' lang='lat' dir='ltr'>prolatis,</span> <span class='ocrx_word' id='word_1_26' title='bbox 1455 1259 1659 1348; x_wconf 87' lang='lat' dir='ltr'>genuflectet</span> 
     </span>
     <span class='ocr_line' id='line_1_6' title="bbox 438 1370 1656 1458; baseline -0.002 -20"><span class='ocrx_word' id='word_1_27' title='bbox 438 1377 540 1458; x_wconf 88' lang='lat' dir='ltr'>atque</span> <span class='ocrx_word' id='word_1_28' title='bbox 564 1371 785 1437; x_wconf 77' lang='lat' dir='ltr'>elevationem</span> <span class='ocrx_word' id='word_1_29' title='bbox 809 1370 842 1438; x_wconf 90' lang='lat' dir='ltr'>S.</span> <span class='ocrx_word' id='word_1_30' title='bbox 867 1371 1002 1435; x_wconf 81' lang='lat' dir='ltr'>Hostiae</span> <span class='ocrx_word' id='word_1_31' title='bbox 1025 1377 1174 1457; x_wconf 81' lang='lat' dir='ltr'>peraget,</span> <span class='ocrx_word' id='word_1_32' title='bbox 1200 1377 1236 1436; x_wconf 93' lang='lat' dir='ltr'>ut</span> <span class='ocrx_word' id='word_1_33' title='bbox 1260 1373 1294 1435; x_wconf 91' lang='lat' dir='ltr'>in</span> <span class='ocrx_word' id='word_1_34' title='bbox 1317 1370 1419 1435; x_wconf 87' lang='lat' dir='ltr'>Missa</span> <span class='ocrx_word' id='word_1_35' title='bbox 1441 1372 1580 1458; x_wconf 82' lang='lat' dir='ltr'>privata.</span> <span class='ocrx_word' id='word_1_36' title='bbox 1606 1371 1656 1447; x_wconf 89' lang='lat' dir='ltr'>Ei,</span> 
     </span>
     <span class='ocr_line' id='line_1_7' title="bbox 437 1477 1657 1566; baseline -0.006 -18"><span class='ocrx_word' id='word_1_37' title='bbox 437 1481 551 1548; x_wconf 82' lang='lat' dir='ltr'>statim</span> <span class='ocrx_word' id='word_1_38' title='bbox 574 1500 615 1546; x_wconf 88' lang='lat' dir='ltr'>ac</span> <span class='ocrx_word' id='word_1_39' title='bbox 638 1479 757 1546; x_wconf 86' lang='lat' dir='ltr'>fecerit</span> <span class='ocrx_word' id='word_1_40' title='bbox 779 1477 1056 1565; x_wconf 85' lang='lat' dir='ltr'>genuflexionem,</span> <span class='ocrx_word' id='word_1_41' title='bbox 1082 1480 1245 1546; x_wconf 86' lang='lat' dir='ltr'>Diaconus</span> <span class='ocrx_word' id='word_1_42' title='bbox 1261 1479 1429 1566; x_wconf 73' lang='lat' dir='ltr'>planetam</span> <span class='ocrx_word' id='word_1_43' title='bbox 1446 1498 1465 1544; x_wconf 93' lang='lat' dir='ltr'>e</span> <span class='ocrx_word' id='word_1_44' title='bbox 1480 1479 1657 1565; x_wconf 78' lang='lat' dir='ltr'>posteriori</span> 
     </span>
     <span class='ocr_line' id='line_1_8' title="bbox 437 1587 1658 1677; baseline -0.002 -22"><span class='ocrx_word' id='word_1_45' title='bbox 437 1596 538 1677; x_wconf 87' lang='lat' dir='ltr'>parte</span> <span class='ocrx_word' id='word_1_46' title='bbox 561 1587 748 1654; x_wconf 80' lang='lat' dir='ltr'>sublevabit</span> <span class='ocrx_word' id='word_1_47' title='bbox 772 1607 909 1671; x_wconf 89' lang='lat' dir='ltr'>eamque</span> <span class='ocrx_word' id='word_1_48' title='bbox 932 1587 1084 1653; x_wconf 84' lang='lat' dir='ltr'>demittet</span> <span class='ocrx_word' id='word_1_49' title='bbox 1107 1587 1183 1652; x_wconf 92' lang='lat' dir='ltr'>dum</span> <span class='ocrx_word' id='word_1_50' title='bbox 1209 1587 1241 1653; x_wconf 88' lang='lat' dir='ltr'>S.</span> <span class='ocrx_word' id='word_1_51' title='bbox 1266 1589 1413 1653; x_wconf 90' lang='lat' dir='ltr'>Hostiam</span> <span class='ocrx_word' id='word_1_52' title='bbox 1444 1594 1519 1675; x_wconf 91' lang='lat' dir='ltr'>post</span> <span class='ocrx_word' id='word_1_53' title='bbox 1549 1588 1658 1653; x_wconf 90' lang='lat' dir='ltr'>eleva·</span> 
     </span>
     <span class='ocr_line' id='line_1_9' title="bbox 438 1693 1657 1780; baseline -0.002 -18"><span class='ocrx_word' id='word_1_54' title='bbox 438 1697 565 1763; x_wconf 70' lang='lat' dir='ltr'>donem</span> <span class='ocrx_word' id='word_1_55' title='bbox 593 1697 627 1762; x_wconf 92' lang='lat' dir='ltr'>in</span> <span class='ocrx_word' id='word_1_56' title='bbox 654 1694 821 1780; x_wconf 89' lang='lat' dir='ltr'>corporali</span> <span class='ocrx_word' id='word_1_57' title='bbox 854 1700 1002 1780; x_wconf 87' lang='lat' dir='ltr'>reponet.</span> <span class='ocrx_word' id='word_1_58' title='bbox 1035 1693 1286 1760; x_wconf 86' lang='lat' dir='ltr'>Thuriferarius</span> <span class='ocrx_word' id='word_1_59' title='bbox 1318 1694 1375 1763; x_wconf 93' lang='lat' dir='ltr'>SS.</span> <span class='ocrx_word' id='word_1_60' title='bbox 1407 1694 1657 1762; x_wconf 85' lang='lat' dir='ltr'>Sacramentum</span> 
     </span>
     <span class='ocr_line' id='line_1_10' title="bbox 438 1800 1323 1882; baseline -0.005 -12"><span class='ocrx_word' id='word_1_61' title='bbox 438 1803 548 1870; x_wconf 89' lang='lat' dir='ltr'>tribus</span> <span class='ocrx_word' id='word_1_62' title='bbox 571 1804 635 1868; x_wconf 91' lang='lat' dir='ltr'>rite</span> <span class='ocrx_word' id='word_1_63' title='bbox 658 1801 822 1869; x_wconf 90' lang='lat' dir='ltr'>distinctis</span> <span class='ocrx_word' id='word_1_64' title='bbox 845 1801 998 1868; x_wconf 84' lang='lat' dir='ltr'>ductibus</span> <span class='ocrx_word' id='word_1_65' title='bbox 1021 1800 1236 1869; x_wconf 85' lang='lat' dir='ltr'>thurificabit.</span> <span class='ocrx_word' id='word_1_66' title='bbox 1321 1877 1323 1882; x_wconf 23' lang='lat'><strong>¹</strong></span> 
     </span>
    </p>

    <p class='ocr_par' dir='ltr' id='par_1_5' title="bbox 437 1908 1659 2319">
     <span class='ocr_line' id='line_1_11' title="bbox 531 1908 1658 1997; baseline 0.001 -22"><span class='ocrx_word' id='word_1_67' title='bbox 531 1908 605 1975; x_wconf 85' lang='grc'><strong>185.</strong></span> <span class='ocrx_word' id='word_1_68' title='bbox 629 1910 848 1994; x_wconf 84' lang='lat' dir='ltr'>Posteaquam</span> <span class='ocrx_word' id='word_1_69' title='bbox 873 1909 1055 1977; x_wconf 87' lang='lat' dir='ltr'>Celebraus</span> <span class='ocrx_word' id='word_1_70' title='bbox 1079 1911 1227 1975; x_wconf 87' lang='lat' dir='ltr'>Hostiam</span> <span class='ocrx_word' id='word_1_71' title='bbox 1252 1911 1285 1974; x_wconf 93' lang='lat' dir='ltr'>in</span> <span class='ocrx_word' id='word_1_72' title='bbox 1309 1910 1476 1997; x_wconf 90' lang='lat' dir='ltr'>corporali</span> <span class='ocrx_word' id='word_1_73' title='bbox 1503 1930 1658 1997; x_wconf 89' lang='lat' dir='ltr'>reposue-</span> 
     </span>
     <span class='ocr_line' id='line_1_12' title="bbox 437 2013 1658 2103; baseline -0.002 -20"><span class='ocrx_word' id='word_1_74' title='bbox 437 2017 486 2083; x_wconf 88' lang='lat' dir='ltr'>rit</span> <span class='ocrx_word' id='word_1_75' title='bbox 508 2024 542 2082; x_wconf 92' lang='lat' dir='ltr'>et</span> <span class='ocrx_word' id='word_1_76' title='bbox 564 2013 797 2103; x_wconf 84' lang='lat' dir='ltr'>genuflexerit,</span> <span class='ocrx_word' id='word_1_77' title='bbox 821 2016 899 2082; x_wconf 92' lang='lat' dir='ltr'>dum</span> <span class='ocrx_word' id='word_1_78' title='bbox 922 2022 1087 2103; x_wconf 81' lang='lat' dir='ltr'>assurget,</span> <span class='ocrx_word' id='word_1_79' title='bbox 1112 2018 1210 2083; x_wconf 89' lang='lat' dir='ltr'>etiam</span> <span class='ocrx_word' id='word_1_80' title='bbox 1233 2017 1398 2083; x_wconf 83' lang='lat' dir='ltr'>Diaconos</span> <span class='ocrx_word' id='word_1_81' title='bbox 1421 2023 1576 2103; x_wconf 81' lang='lat' dir='ltr'>assurget</span> <span class='ocrx_word' id='word_1_82' title='bbox 1592 2036 1658 2083; x_wconf 90' lang='lat' dir='ltr'>una</span> 
     </span>
     <span class='ocr_line' id='line_1_13' title="bbox 438 2123 1659 2211; baseline -0.001 -20"><span class='ocrx_word' id='word_1_83' title='bbox 438 2144 516 2191; x_wconf 92' lang='lat' dir='ltr'>cum</span> <span class='ocrx_word' id='word_1_84' title='bbox 539 2144 588 2200; x_wconf 91' lang='lat' dir='ltr'>eo,</span> <span class='ocrx_word' id='word_1_85' title='bbox 612 2123 750 2190; x_wconf 85' lang='lat' dir='ltr'>accedet</span> <span class='ocrx_word' id='word_1_86' title='bbox 771 2124 812 2189; x_wconf 90' lang='lat' dir='ltr'>ad</span> <span class='ocrx_word' id='word_1_87' title='bbox 837 2124 965 2201; x_wconf 86' lang='lat' dir='ltr'>Altere,</span> <span class='ocrx_word' id='word_1_88' title='bbox 995 2124 1140 2191; x_wconf 84' lang='lat' dir='ltr'>Calicem</span> <span class='ocrx_word' id='word_1_89' title='bbox 1175 2124 1309 2211; x_wconf 88' lang='lat' dir='ltr'>deteget</span> <span class='ocrx_word' id='word_1_90' title='bbox 1338 2127 1525 2211; x_wconf 86' lang='lat' dir='ltr'>iterumque</span> <span class='ocrx_word' id='word_1_91' title='bbox 1556 2144 1659 2211; x_wconf 89' lang='lat' dir='ltr'>genu-</span> 
     </span>
     <span class='ocr_line' id='line_1_14' title="bbox 437 2216 1590 2319; baseline -0.002 -20"><span class='ocrx_word' id='word_1_92' title='bbox 437 2229 554 2299; x_wconf 84' lang='lat' dir='ltr'>flectet</span> <span class='ocrx_word' id='word_1_93' title='bbox 576 2251 596 2297; x_wconf 90' lang='lat' dir='ltr'>a</span> <span class='ocrx_word' id='word_1_94' title='bbox 619 2216 766 2297; x_wconf 76' lang='lat' dir='ltr'>dexteris</span> <span class='ocrx_word' id='word_1_95' title='bbox 791 2232 999 2298; x_wconf 74' lang='lat' dir='ltr'>celebrantis</span> <span class='ocrx_word' id='word_1_96' title='bbox 1024 2234 1057 2296; x_wconf 91' lang='lat' dir='ltr'>in</span> <span class='ocrx_word' id='word_1_97' title='bbox 1081 2238 1232 2297; x_wconf 83' lang='lat' dir='ltr'>extremo</span> <span class='ocrx_word' id='word_1_98' title='bbox 1255 2232 1474 2319; x_wconf 88' lang='lat' dir='ltr'>suppedaneo.</span> <span class='ocrx_word' id='word_1_99' title='bbox 1587 2255 1590 2272; x_wconf 90' lang='grc'><strong><em>·</em></strong></span> 
     </span>
    </p>

    <p class='ocr_par' dir='ltr' id='par_1_6' title="bbox 436 2338 1658 2624">
     <span class='ocr_line' id='line_1_15' title="bbox 532 2338 1658 2435; baseline 0.001 -32"><span class='ocrx_word' id='word_1_100' title='bbox 532 2338 604 2404; x_wconf 85' lang='grc'><strong>186.</strong></span> <span class='ocrx_word' id='word_1_101' title='bbox 629 2338 810 2405; x_wconf 79' lang='lat' dir='ltr'>celebrans</span> <span class='ocrx_word' id='word_1_102' title='bbox 834 2346 972 2425; x_wconf 79' lang='lat' dir='ltr'>peraget</span> <span class='ocrx_word' id='word_1_103' title='bbox 995 2341 1278 2435; x_wconf 79' lang='lat' dir='ltr'>consecrationem</span> <span class='ocrx_word' id='word_1_104' title='bbox 1304 2340 1424 2406; x_wconf 83' lang='lat' dir='ltr'>Calicis</span> <span class='ocrx_word' id='word_1_105' title='bbox 1447 2346 1482 2405; x_wconf 91' lang='lat' dir='ltr'>et</span> <span class='ocrx_word' id='word_1_106' title='bbox 1500 2340 1658 2406; x_wconf 88' lang='lat' dir='ltr'>elevatio·</span> 
     </span>
     <span class='ocr_line' id='line_1_16' title="bbox 437 2448 1656 2535; baseline -0.001 -21"><span class='ocrx_word' id='word_1_107' title='bbox 437 2466 525 2525; x_wconf 88' lang='lat' dir='ltr'>nem,</span> <span class='ocrx_word' id='word_1_108' title='bbox 550 2453 721 2534; x_wconf 83' lang='lat' dir='ltr'>utsupra,</span> <span class='ocrx_word' id='word_1_109' title='bbox 745 2448 910 2514; x_wconf 90' lang='lat' dir='ltr'>Diaconus</span> <span class='ocrx_word' id='word_1_110' title='bbox 933 2449 1069 2514; x_wconf 89' lang='lat' dir='ltr'>attollet</span> <span class='ocrx_word' id='word_1_111' title='bbox 1092 2451 1121 2514; x_wconf 90' lang='lat' dir='ltr'>ei</span> <span class='ocrx_word' id='word_1_112' title='bbox 1145 2448 1323 2535; x_wconf 88' lang='lat' dir='ltr'>planetam,</span> <span class='ocrx_word' id='word_1_113' title='bbox 1347 2468 1387 2512; x_wconf 89' lang='lat' dir='ltr'>ac</span> <span class='ocrx_word' id='word_1_114' title='bbox 1417 2448 1656 2515; x_wconf 80' lang='lat' dir='ltr'>thuriferarius</span> 
     </span>
     <span class='ocr_line' id='line_1_17' title="bbox 436 2554 1011 2624; baseline -0.009 0"><span class='ocrx_word' id='word_1_115' title='bbox 436 2555 497 2624; x_wconf 90' lang='lat' dir='ltr'>SS.</span> <span class='ocrx_word' id='word_1_116' title='bbox 521 2554 774 2623; x_wconf 83' lang='lat' dir='ltr'>Sacramentum</span> <span class='ocrx_word' id='word_1_117' title='bbox 796 2554 1011 2622; x_wconf 84' lang='lat' dir='ltr'>thurificabit.</span> 
     </span>
    </p>

    <p class='ocr_par' dir='ltr' id='par_1_7' title="bbox 435 2662 1660 3181">
     <span class='ocr_line' id='line_1_18' title="bbox 532 2662 1657 2751; baseline 0 -22"><span class='ocrx_word' id='word_1_118' title='bbox 532 2663 604 2729; x_wconf 86' lang='grc'><strong>187.</strong></span> <span class='ocrx_word' id='word_1_119' title='bbox 627 2663 712 2728; x_wconf 88' lang='lat' dir='ltr'>Dum</span> <span class='ocrx_word' id='word_1_120' title='bbox 744 2662 928 2730; x_wconf 82' lang='lat' dir='ltr'>Celebeans</span> <span class='ocrx_word' id='word_1_121' title='bbox 961 2664 1115 2730; x_wconf 90' lang='lat' dir='ltr'>demittet</span> <span class='ocrx_word' id='word_1_122' title='bbox 1146 2664 1290 2732; x_wconf 77' lang='lat' dir='ltr'>Calicem</span> <span class='ocrx_word' id='word_1_123' title='bbox 1321 2670 1396 2751; x_wconf 88' lang='lat' dir='ltr'>post</span> <span class='ocrx_word' id='word_1_124' title='bbox 1425 2663 1657 2740; x_wconf 81' lang='lat' dir='ltr'>elevationem,</span> 
     </span>
     <span class='ocr_line' id='line_1_19' title="bbox 436 2770 1660 2859; baseline 0 -21"><span class='ocrx_word' id='word_1_125' title='bbox 436 2771 609 2838; x_wconf 86' lang='lat' dir='ltr'>Diaconus</span> <span class='ocrx_word' id='word_1_126' title='bbox 632 2770 800 2855; x_wconf 87' lang='lat' dir='ltr'>relinquet</span> <span class='ocrx_word' id='word_1_127' title='bbox 822 2771 1000 2858; x_wconf 89' lang='lat' dir='ltr'>planetam,</span> <span class='ocrx_word' id='word_1_128' title='bbox 1025 2779 1189 2858; x_wconf 87' lang='lat' dir='ltr'>assurget,</span> <span class='ocrx_word' id='word_1_129' title='bbox 1220 2772 1363 2838; x_wconf 81' lang='lat' dir='ltr'>Calicem</span> <span class='ocrx_word' id='word_1_130' title='bbox 1394 2792 1513 2838; x_wconf 90' lang='lat' dir='ltr'>rursus</span> <span class='ocrx_word' id='word_1_131' title='bbox 1544 2792 1660 2859; x_wconf 90' lang='lat' dir='ltr'>coope-</span> 
     </span>
     <span class='ocr_line' id='line_1_20' title="bbox 436 2876 1659 2965; baseline -0.001 -19"><span class='ocrx_word' id='word_1_132' title='bbox 436 2881 515 2957; x_wconf 83' lang='lat' dir='ltr'>riet,</span> <span class='ocrx_word' id='word_1_133' title='bbox 539 2876 741 2965; x_wconf 88' lang='lat' dir='ltr'>genuflectet</span> <span class='ocrx_word' id='word_1_134' title='bbox 764 2899 831 2946; x_wconf 88' lang='lat' dir='ltr'>una</span> <span class='ocrx_word' id='word_1_135' title='bbox 854 2900 928 2945; x_wconf 90' lang='lat' dir='ltr'>cum</span> <span class='ocrx_word' id='word_1_136' title='bbox 953 2880 1161 2956; x_wconf 74' lang='lat' dir='ltr'>celebrante,</span> <span class='ocrx_word' id='word_1_137' title='bbox 1186 2880 1243 2945; x_wconf 77' lang='lat' dir='ltr'>sed</span> <span class='ocrx_word' id='word_1_138' title='bbox 1278 2881 1399 2945; x_wconf 90' lang='lat' dir='ltr'>iunctis</span> <span class='ocrx_word' id='word_1_139' title='bbox 1424 2879 1573 2945; x_wconf 89' lang='lat' dir='ltr'>manibus</span> <span class='ocrx_word' id='word_1_140' title='bbox 1604 2899 1659 2946; x_wconf 93' lang='lat' dir='ltr'>ue-</span> 
     </span>
     <span class='ocr_line' id='line_1_21' title="bbox 436 2987 1659 3075; baseline -0.002 -21"><span class='ocrx_word' id='word_1_141' title='bbox 436 3007 506 3075; x_wconf 92' lang='lat' dir='ltr'>que</span> <span class='ocrx_word' id='word_1_142' title='bbox 528 2989 684 3054; x_wconf 89' lang='lat' dir='ltr'>insistens</span> <span class='ocrx_word' id='word_1_143' title='bbox 707 2988 828 3064; x_wconf 84' lang='lat' dir='ltr'>Alteri,</span> <span class='ocrx_word' id='word_1_144' title='bbox 853 2987 1061 3071; x_wconf 90' lang='lat' dir='ltr'>quodetiam</span> <span class='ocrx_word' id='word_1_145' title='bbox 1086 2987 1313 3055; x_wconf 87' lang='lat' dir='ltr'>Subdiaconus</span> <span class='ocrx_word' id='word_1_146' title='bbox 1337 2987 1469 3055; x_wconf 90' lang='lat' dir='ltr'>debebit</span> <span class='ocrx_word' id='word_1_147' title='bbox 1492 2990 1525 3054; x_wconf 95' lang='lat' dir='ltr'>in</span> <span class='ocrx_word' id='word_1_148' title='bbox 1542 2990 1581 3055; x_wconf 92' lang='lat' dir='ltr'>iis</span> <span class='ocrx_word' id='word_1_149' title='bbox 1597 2991 1659 3054; x_wconf 91' lang='lat' dir='ltr'>oir-</span> 
     </span>
     <span class='ocr_line' id='line_1_22' title="bbox 435 3095 998 3181; baseline -0.007 -18"><span class='ocrx_word' id='word_1_150' title='bbox 435 3097 650 3164; x_wconf 88' lang='lat' dir='ltr'>oumstantiis</span> <span class='ocrx_word' id='word_1_151' title='bbox 673 3115 810 3161; x_wconf 88' lang='lat' dir='ltr'>servare</span> <span class='ocrx_word' id='word_1_152' title='bbox 833 3095 998 3181; x_wconf 89' lang='lat' dir='ltr'>deinceps.</span> 
     </span>
    </p>

    <p class='ocr_par' dir='ltr' id='par_1_8' title="bbox 437 3203 1658 3379">
     <span class='ocr_line' id='line_1_23' title="bbox 532 3203 1658 3289; baseline -0.001 -21"><span class='ocrx_word' id='word_1_153' title='bbox 532 3203 604 3271; x_wconf 84' lang='grc'><strong>188.</strong></span> <span class='ocrx_word' id='word_1_154' title='bbox 629 3203 826 3269; x_wconf 84' lang='lat' dir='ltr'>lllevatione</span> <span class='ocrx_word' id='word_1_155' title='bbox 849 3209 995 3289; x_wconf 89' lang='lat' dir='ltr'>peracta,</span> <span class='ocrx_word' id='word_1_156' title='bbox 1019 3213 1175 3289; x_wconf 89' lang='lat' dir='ltr'>assurget</span> <span class='ocrx_word' id='word_1_157' title='bbox 1198 3204 1317 3269; x_wconf 79' lang='lat' dir='ltr'>clerus</span> <span class='ocrx_word' id='word_1_158' title='bbox 1341 3212 1373 3269; x_wconf 93' lang='lat' dir='ltr'>et</span> <span class='ocrx_word' id='word_1_159' title='bbox 1386 3204 1496 3281; x_wconf 86' lang='lat' dir='ltr'>stabit,</span> <span class='ocrx_word' id='word_1_160' title='bbox 1515 3206 1658 3287; x_wconf 90' lang='lat' dir='ltr'>itemque</span> 
     </span>
     <span class='ocr_line' id='line_1_24' title="bbox 437 3310 862 3379; baseline -0.014 1"><span class='ocrx_word' id='word_1_161' title='bbox 437 3310 670 3379; x_wconf 88' lang='lat' dir='ltr'>Subdiaconus</span> <span class='ocrx_word' id='word_1_162' title='bbox 693 3311 767 3376; x_wconf 91' lang='lat' dir='ltr'>loco</span> <span class='ocrx_word' id='word_1_163' title='bbox 792 3331 862 3376; x_wconf 86' lang='lat' dir='ltr'>suo.</span> 
     </span>
    </p>

    <p class='ocr_par' dir='ltr' id='par_1_9' title="bbox 432 3418 1660 3812">
     <span class='ocr_line' id='line_1_25' title="bbox 529 3418 1658 3505; baseline -0.001 -21"><span class='ocrx_word' id='word_1_164' title='bbox 529 3419 603 3485; x_wconf 88' lang='lat'>189.</span> <span class='ocrx_word' id='word_1_165' title='bbox 623 3419 832 3504; x_wconf 82' lang='lat' dir='ltr'>Consurgent</span> <span class='ocrx_word' id='word_1_166' title='bbox 850 3421 948 3484; x_wconf 90' lang='lat' dir='ltr'>etiam</span> <span class='ocrx_word' id='word_1_167' title='bbox 962 3418 1122 3505; x_wconf 80' lang='lat' dir='ltr'>Acolythi</span> <span class='ocrx_word' id='word_1_168' title='bbox 1135 3427 1168 3483; x_wconf 89' lang='lat' dir='ltr'>et</span> <span class='ocrx_word' id='word_1_169' title='bbox 1181 3420 1296 3485; x_wconf 92' lang='lat' dir='ltr'>clerici</span> <span class='ocrx_word' id='word_1_170' title='bbox 1309 3420 1477 3485; x_wconf 91' lang='lat' dir='ltr'>intorticia</span> <span class='ocrx_word' id='word_1_171' title='bbox 1489 3425 1658 3504; x_wconf 90' lang='lat' dir='ltr'>gestantes</span> 
     </span>
     <span class='ocr_line' id='line_1_26' title="bbox 432 3526 1659 3604; baseline -0.005 -8"><span class='ocrx_word' id='word_1_172' title='bbox 432 3528 574 3597; x_wconf 88' lang='lat' dir='ltr'>coibunt</span> <span class='ocrx_word' id='word_1_173' title='bbox 596 3533 674 3592; x_wconf 88' lang='lat' dir='ltr'>ante</span> <span class='ocrx_word' id='word_1_174' title='bbox 698 3527 827 3603; x_wconf 83' lang='lat' dir='ltr'>Altare,</span> <span class='ocrx_word' id='word_1_175' title='bbox 853 3529 946 3593; x_wconf 89' lang='lat' dir='ltr'>utin</span> <span class='ocrx_word' id='word_1_176' title='bbox 971 3547 1117 3604; x_wconf 85' lang='lat' dir='ltr'>accessu,</span> <span class='ocrx_word' id='word_1_177' title='bbox 1141 3535 1176 3593; x_wconf 93' lang='lat' dir='ltr'>et</span> <span class='ocrx_word' id='word_1_178' title='bbox 1199 3529 1288 3593; x_wconf 86' lang='lat' dir='ltr'>facta</span> <span class='ocrx_word' id='word_1_179' title='bbox 1311 3527 1352 3592; x_wconf 93' lang='lat' dir='ltr'>ad</span> <span class='ocrx_word' id='word_1_180' title='bbox 1377 3526 1433 3592; x_wconf 91' lang='lat' dir='ltr'>SS.</span> <span class='ocrx_word' id='word_1_181' title='bbox 1466 3526 1659 3592; x_wconf 89' lang='lat' dir='ltr'>Sacramen-</span> 
     </span>
     <span class='ocr_line' id='line_1_27' title="bbox 436 3632 1660 3721; baseline -0.003 -18"><span class='ocrx_word' id='word_1_182' title='bbox 436 3644 511 3703; x_wconf 89' lang='lat' dir='ltr'>tum</span> <span class='ocrx_word' id='word_1_183' title='bbox 534 3632 770 3721; x_wconf 84' lang='lat' dir='ltr'>genuflexione</span> <span class='ocrx_word' id='word_1_184' title='bbox 794 3634 973 3712; x_wconf 89' lang='lat' dir='ltr'>discedent,</span> <span class='ocrx_word' id='word_1_185' title='bbox 998 3635 1127 3700; x_wconf 89' lang='lat' dir='ltr'>nullam</span> <span class='ocrx_word' id='word_1_186' title='bbox 1151 3635 1191 3700; x_wconf 90' lang='lat' dir='ltr'>ad</span> <span class='ocrx_word' id='word_1_187' title='bbox 1216 3636 1353 3717; x_wconf 84' lang='lat' dir='ltr'>chorum</span> <span class='ocrx_word' id='word_1_188' title='bbox 1378 3641 1437 3699; x_wconf 91' lang='lat' dir='ltr'>aut</span> <span class='ocrx_word' id='word_1_189' title='bbox 1453 3636 1541 3699; x_wconf 91' lang='lat' dir='ltr'>inter</span> <span class='ocrx_word' id='word_1_190' title='bbox 1557 3655 1592 3699; x_wconf 91' lang='lat' dir='ltr'>se</span> <span class='ocrx_word' id='word_1_191' title='bbox 1609 3654 1660 3699; x_wconf 91' lang='lat' dir='ltr'>re·</span> 
     </span>
     <span class='ocr_line' id='line_1_28' title="bbox 437 3744 821 3812; baseline -0.01 0"><span class='ocrx_word' id='word_1_192' title='bbox 437 3746 625 3812; x_wconf 82' lang='lat' dir='ltr'>verentium</span> <span class='ocrx_word' id='word_1_193' title='bbox 649 3744 821 3810; x_wconf 84' lang='lat' dir='ltr'>facientes.</span> 
     </span>
    </p>

    <p class='ocr_par' dir='ltr' id='par_1_10' title="bbox 434 3849 1661 4263">
     <span class='ocr_line' id='line_1_29' title="bbox 530 3849 1661 3936; baseline -0.004 -16"><span class='ocrx_word' id='word_1_194' title='bbox 530 3854 604 3920; x_wconf 87' lang='grc'><strong>190.</strong></span> <span class='ocrx_word' id='word_1_195' title='bbox 629 3853 882 3919; x_wconf 81' lang='lat' dir='ltr'>&#39;l&#39;huriferarius</span> <span class='ocrx_word' id='word_1_196' title='bbox 906 3873 1006 3936; x_wconf 91' lang='lat' dir='ltr'>quum</span> <span class='ocrx_word' id='word_1_197' title='bbox 1030 3854 1266 3928; x_wconf 83' lang='lat' dir='ltr'>assurrexerit,</span> <span class='ocrx_word' id='word_1_198' title='bbox 1291 3851 1499 3917; x_wconf 88' lang='lat' dir='ltr'>thuribulum</span> <span class='ocrx_word' id='word_1_199' title='bbox 1522 3851 1563 3917; x_wconf 93' lang='lat' dir='ltr'>ad</span> <span class='ocrx_word' id='word_1_200' title='bbox 1586 3849 1661 3917; x_wconf 90' lang='lat' dir='ltr'>aba·</span> 
     </span>
     <span class='ocr_line' id='line_1_30' title="bbox 434 3960 1656 4044; baseline -0.006 -14"><span class='ocrx_word' id='word_1_201' title='bbox 434 3982 513 4030; x_wconf 89' lang='lat' dir='ltr'>cum</span> <span class='ocrx_word' id='word_1_202' title='bbox 535 3966 596 4028; x_wconf 89' lang='lat' dir='ltr'>aut</span> <span class='ocrx_word' id='word_1_203' title='bbox 618 3962 651 4026; x_wconf 89' lang='lat' dir='ltr'>in</span> <span class='ocrx_word' id='word_1_204' title='bbox 674 3962 856 4026; x_wconf 85' lang='lat' dir='ltr'>sacrarium</span> <span class='ocrx_word' id='word_1_205' title='bbox 882 3960 1017 4036; x_wconf 83' lang='lat' dir='ltr'>referet,</span> <span class='ocrx_word' id='word_1_206' title='bbox 1043 3961 1105 4025; x_wconf 90' lang='lat' dir='ltr'>hac</span> <span class='ocrx_word' id='word_1_207' title='bbox 1136 3962 1266 4025; x_wconf 91' lang='lat' dir='ltr'>actione</span> <span class='ocrx_word' id='word_1_208' title='bbox 1301 3968 1505 4044; x_wconf 82' lang='lat' dir='ltr'>exsequutus</span> <span class='ocrx_word' id='word_1_209' title='bbox 1537 3980 1656 4024; x_wconf 84' lang='lat' dir='ltr'>munus</span> 
     </span>
     <span class='ocr_line' id='line_1_31' title="bbox 435 4065 1659 4136; baseline -0.005 0"><span class='ocrx_word' id='word_1_210' title='bbox 435 4088 544 4136; x_wconf 86' lang='lat' dir='ltr'>snum:</span> <span class='ocrx_word' id='word_1_211' title='bbox 571 4067 692 4135; x_wconf 86' lang='lat' dir='ltr'>redibit</span> <span class='ocrx_word' id='word_1_212' title='bbox 714 4076 825 4134; x_wconf 89' lang='lat' dir='ltr'>tamen</span> <span class='ocrx_word' id='word_1_213' title='bbox 849 4068 890 4133; x_wconf 91' lang='lat' dir='ltr'>ad</span> <span class='ocrx_word' id='word_1_214' title='bbox 915 4068 1024 4133; x_wconf 92' lang='lat' dir='ltr'>locum</span> <span class='ocrx_word' id='word_1_215' title='bbox 1061 4089 1157 4133; x_wconf 91' lang='lat' dir='ltr'>suum</span> <span class='ocrx_word' id='word_1_216' title='bbox 1181 4069 1251 4133; x_wconf 92' lang='lat' dir='ltr'>sive</span> <span class='ocrx_word' id='word_1_217' title='bbox 1283 4070 1316 4134; x_wconf 95' lang='lat' dir='ltr'>in</span> <span class='ocrx_word' id='word_1_218' title='bbox 1347 4069 1486 4134; x_wconf 92' lang='lat' dir='ltr'>chorum</span> <span class='ocrx_word' id='word_1_219' title='bbox 1518 4068 1587 4133; x_wconf 84' lang='lat' dir='ltr'>sive</span> <span class='ocrx_word' id='word_1_220' title='bbox 1618 4065 1659 4131; x_wconf 92' lang='lat' dir='ltr'>ad</span> 
     </span>
     <span class='ocr_line' id='line_1_32' title="bbox 436 4175 1393 4263; baseline -0.004 -20"><span class='ocrx_word' id='word_1_221' title='bbox 436 4177 588 4252; x_wconf 86' lang='lat' dir='ltr'>abacum,</span> <span class='ocrx_word' id='word_1_222' title='bbox 613 4184 712 4263; x_wconf 89' lang='lat' dir='ltr'>prout</span> <span class='ocrx_word' id='word_1_223' title='bbox 735 4177 886 4263; x_wconf 90' lang='lat' dir='ltr'>superius</span> <span class='ocrx_word' id='word_1_224' title='bbox 913 4196 999 4241; x_wconf 91' lang='lat' dir='ltr'>num.</span> <span class='ocrx_word' id='word_1_225' title='bbox 1024 4176 1077 4241; x_wconf 87' lang='grc'>60.</span> <span class='ocrx_word' id='word_1_226' title='bbox 1102 4175 1310 4243; x_wconf 86' lang='lat' dir='ltr'>declaratum</span> <span class='ocrx_word' id='word_1_227' title='bbox 1333 4182 1393 4242; x_wconf 89' lang='lat' dir='ltr'>est.</span> 
     </span>
    </p>

    <p class='ocr_par' dir='ltr' id='par_1_11' title="bbox 432 4281 1660 4802">
     <span class='ocr_line' id='line_1_33' title="bbox 531 4281 1660 4369; baseline -0.001 -20"><span class='ocrx_word' id='word_1_228' title='bbox 531 4283 603 4350; x_wconf 90' lang='grc'><strong>191.</strong></span> <span class='ocrx_word' id='word_1_229' title='bbox 619 4283 811 4359; x_wconf 81' lang='lat' dir='ltr'>Celebrans,</span> <span class='ocrx_word' id='word_1_230' title='bbox 829 4283 918 4350; x_wconf 83' lang='lat' dir='ltr'>facta</span> <span class='ocrx_word' id='word_1_231' title='bbox 933 4281 1177 4369; x_wconf 82' lang='lat' dir='ltr'>genuflexione,</span> <span class='ocrx_word' id='word_1_232' title='bbox 1195 4284 1328 4348; x_wconf 86' lang='lat' dir='ltr'>Missam</span> <span class='ocrx_word' id='word_1_233' title='bbox 1341 4284 1548 4349; x_wconf 91' lang='lat' dir='ltr'>continuabit</span> <span class='ocrx_word' id='word_1_234' title='bbox 1565 4282 1660 4348; x_wconf 79' lang='lat' dir='ltr'>Unde</span> 
     </span>
     <span class='ocr_line' id='line_1_34' title="bbox 433 4387 1658 4476; baseline -0.005 -17"><span class='ocrx_word' id='word_1_235' title='bbox 433 4399 468 4459; x_wconf 86' lang='lat' dir='ltr'>et</span> <span class='ocrx_word' id='word_1_236' title='bbox 496 4410 667 4459; x_wconf 59' lang='lat' dir='ltr'>meamea</span> <span class='ocrx_word' id='word_1_237' title='bbox 691 4398 753 4457; x_wconf 90' lang='lat' dir='ltr'>etc.</span> <span class='ocrx_word' id='word_1_238' title='bbox 779 4392 942 4457; x_wconf 81' lang='lat' dir='ltr'>Diaconus</span> <span class='ocrx_word' id='word_1_239' title='bbox 967 4392 1154 4456; x_wconf 81' lang='lat' dir='ltr'>saetacum</span> <span class='ocrx_word' id='word_1_240' title='bbox 1187 4391 1386 4457; x_wconf 84' lang='lat' dir='ltr'>Celebrante</span> <span class='ocrx_word' id='word_1_241' title='bbox 1416 4387 1658 4476; x_wconf 82' lang='lat' dir='ltr'>genuflexione,</span> 
     </span>
     <span class='ocr_line' id='line_1_35' title="bbox 432 4496 1660 4584; baseline -0.002 -19"><span class='ocrx_word' id='word_1_242' title='bbox 432 4498 601 4576; x_wconf 84' lang='lat' dir='ltr'>transibit,</span> <span class='ocrx_word' id='word_1_243' title='bbox 629 4518 694 4563; x_wconf 92' lang='lat' dir='ltr'>non</span> <span class='ocrx_word' id='word_1_244' title='bbox 718 4496 947 4584; x_wconf 84' lang='lat' dir='ltr'>genuflectens</span> <span class='ocrx_word' id='word_1_245' title='bbox 971 4501 1004 4564; x_wconf 93' lang='lat' dir='ltr'>in</span> <span class='ocrx_word' id='word_1_246' title='bbox 1028 4498 1145 4575; x_wconf 90' lang='lat' dir='ltr'>medio,</span> <span class='ocrx_word' id='word_1_247' title='bbox 1170 4498 1210 4564; x_wconf 87' lang='lat' dir='ltr'>ad</span> <span class='ocrx_word' id='word_1_248' title='bbox 1234 4501 1405 4564; x_wconf 89' lang='lat' dir='ltr'>sinistrum</span> <span class='ocrx_word' id='word_1_249' title='bbox 1439 4501 1520 4572; x_wconf 80' lang='lat' dir='ltr'>etue,</span> <span class='ocrx_word' id='word_1_250' title='bbox 1552 4497 1660 4581; x_wconf 91' lang='lat' dir='ltr'>ibique</span> 
     </span>
     <span class='ocr_line' id='line_1_36' title="bbox 434 4603 1658 4692; baseline -0.002 -20"><span class='ocrx_word' id='word_1_251' title='bbox 434 4605 478 4672; x_wconf 79' lang='lat' dir='ltr'>ad</span> <span class='ocrx_word' id='word_1_252' title='bbox 502 4605 757 4672; x_wconf 88' lang='lat' dir='ltr'>Sacramentum</span> <span class='ocrx_word' id='word_1_253' title='bbox 782 4605 985 4692; x_wconf 88' lang='lat' dir='ltr'>genuflectet</span> <span class='ocrx_word' id='word_1_254' title='bbox 1009 4615 1042 4671; x_wconf 91' lang='lat' dir='ltr'>et</span> <span class='ocrx_word' id='word_1_255' title='bbox 1074 4607 1265 4673; x_wconf 81' lang='lat' dir='ltr'>Celebranti</span> <span class='ocrx_word' id='word_1_256' title='bbox 1296 4608 1430 4673; x_wconf 88' lang='lat' dir='ltr'>assistet</span> <span class='ocrx_word' id='word_1_257' title='bbox 1462 4604 1503 4670; x_wconf 90' lang='lat' dir='ltr'>ad</span> <span class='ocrx_word' id='word_1_258' title='bbox 1538 4603 1658 4669; x_wconf 92' lang='lat' dir='ltr'>librum</span> 
     </span>
     <span class='ocr_line' id='line_1_37' title="bbox 443 4714 1328 4802; baseline -0.005 -21"><span class='ocrx_word' id='word_1_259' title='bbox 443 4733 588 4799; x_wconf 84' lang='lat' dir='ltr'>sequens</span> <span class='ocrx_word' id='word_1_260' title='bbox 611 4716 735 4781; x_wconf 86' lang='lat' dir='ltr'>monita</span> <span class='ocrx_word' id='word_1_261' title='bbox 758 4717 910 4802; x_wconf 89' lang='lat' dir='ltr'>superius</span> <span class='ocrx_word' id='word_1_262' title='bbox 932 4716 973 4781; x_wconf 91' lang='lat' dir='ltr'>ad</span> <span class='ocrx_word' id='word_1_263' title='bbox 998 4716 1172 4784; x_wconf 81' lang='lat' dir='ltr'>Memento</span> <span class='ocrx_word' id='word_1_264' title='bbox 1196 4714 1328 4781; x_wconf 88' lang='lat' dir='ltr'>tradita.</span> 
     </span>
    </p>

    <p class='ocr_par' dir='ltr' id='par_1_12' title="bbox 531 4820 1658 4909">
     <span class='ocr_line' id='line_1_38' title="bbox 531 4820 1658 4909; baseline 0.001 -21"><span class='ocrx_word' id='word_1_265' title='bbox 531 4823 606 4889; x_wconf 78' lang='lat'>192.</span> <span class='ocrx_word' id='word_1_266' title='bbox 631 4824 738 4899; x_wconf 81' lang='lat' dir='ltr'>Quum</span> <span class='ocrx_word' id='word_1_267' title='bbox 763 4823 945 4891; x_wconf 80' lang='lat' dir='ltr'>celebrans</span> <span class='ocrx_word' id='word_1_268' title='bbox 970 4826 1085 4909; x_wconf 90' lang='lat' dir='ltr'>iunget</span> <span class='ocrx_word' id='word_1_269' title='bbox 1117 4842 1232 4889; x_wconf 88' lang='lat' dir='ltr'>manus</span> <span class='ocrx_word' id='word_1_270' title='bbox 1266 4821 1417 4887; x_wconf 87' lang='lat' dir='ltr'>dicturus</span> <span class='ocrx_word' id='word_1_271' title='bbox 1453 4820 1524 4888; x_wconf 86' lang='lat' dir='ltr'>Per</span> <span class='ocrx_word' id='word_1_272' title='bbox 1554 4841 1658 4906; x_wconf 80' lang='lat' dir='ltr'>quem</span> 
     </span>
    </p>
   </div>
   <div class='ocr_carea' id='block_1_4' title="bbox 0 0 2092 5717">
    <p class='ocr_par' dir='ltr' id='par_1_13' title="bbox 0 0 2092 5717">
     <span class='ocr_line' id='line_1_39' title="bbox 0 0 2092 5717; baseline 0 0"><span class='ocrx_word' id='word_1_273' title='bbox 0 0 2092 5717; x_wconf 95' lang='lat' dir='ltr'> </span> 
     </span>
    </p>
   </div>
  </div>
 </body>
</html>
