4175 5717
536 747 610 816 134.
985 773 1052 820 ura.
1079 767 1125 817 ιν.

530 885 584 950 20.
611 883 783 968 Completa
806 884 967 947 oratione.
993 881 1175 946 Celebrans
1207 883 1240 945 in
1272 887 1342 946 tres
1373 889 1488 968 partes
1520 875 1668 948 sufflabit

443 995 475 1057 in
499 1011 617 1075 aquam
642 993 675 1055 in
698 989 830 1055 modum
854 1009 996 1075 graecae
1019 989 1141 1054 literae
1163 1002 1191 1074 p.
1217 989 1392 1054 lncensum
1416 987 1547 1064 deinde,
1575 989 1670 1054 mini·

442 1107 572 1164 strante
598 1118 664 1163 uno
689 1118 732 1162 ex
755 1097 998 1170 assistentibus,
1023 1116 1100 1161 cum
1124 1095 1355 1161 benedictione
1372 1095 1529 1160 demittet
1545 1097 1579 1160 in
1593 1097 1670 1160 ibu-

441 1206 597 1280 ribulum,
614 1226 679 1289 quo
695 1215 832 1290 accepto
848 1203 889 1268 ab
905 1202 1020 1268 eodem
1038 1204 1226 1280 assistente,
1244 1202 1392 1270 adolebit
1403 1223 1527 1288 aquam
1542 1203 1671 1290 triplici

442 1313 567 1389 ductu;
591 1315 749 1378 restituet
772 1311 858 1376 illud
880 1313 1051 1377 assistenti
1075 1317 1109 1377 et
1132 1311 1187 1376 hic
1210 1309 1442 1386 thuriferario,
1467 1313 1525 1395 qui
1543 1311 1670 1378 referet

442 1420 526 1485 illud
553 1422 585 1484 in
609 1421 805 1486 sacristiam.

526 1527 579 1590 21.
606 1528 775 1591 Assistens
800 1525 993 1591 Celebranti
1017 1525 1129 1590 tradet
1152 1525 1334 1611 ampullam
1359 1523 1436 1592 Olei
1465 1527 1580 1592 sancti
1605 1523 1670 1592 Ga·

440 1634 725 1699 teobumenorum.

526 1741 579 1806 22.
606 1741 789 1807 Gelebrans
819 1742 961 1807 dextera
996 1743 1137 1827 accipiet
1172 1740 1355 1826 ampullam
1388 1739 1601 1828 praedictam
1636 1745 1669 1806 at

440 1847 553 1912 dicens
585 1847 834 1936 Sanctificetur
860 1858 925 1914 etc.
957 1847 1113 1913 infundet
1142 1847 1389 1931 aliquantulum
1423 1849 1456 1911 in
1482 1865 1607 1932 aquam
1637 1849 1669 1912 iu

441 1957 581 2020 sormam
605 1955 723 2020 Crucis
746 1955 824 2021 dum
848 1955 937 2021 dicet
960 1957 997 2021 in
1019 1956 1161 2022 nomine
1184 1955 1308 2022 Patria
1332 1961 1395 2022 etc.

526 2061 579 2126 23.
605 2063 775 2128 Restituet
797 2062 980 2149 ampullam
1003 2063 1173 2128 assistenti
1198 2069 1232 2126 et
1255 2061 1310 2126 hic
1333 2059 1445 2126 tradet
1470 2061 1503 2127 ai
1523 2061 1667 2128 alteram

439 2189 514 2234 cum
539 2169 571 2234 S.
597 2168 793 2246 chrismate,
818 2171 923 2244 cuius,
948 2169 1062 2234 dicens
1086 2168 1264 2234 formulam
1289 2168 1429 2252 Infuaio
1453 2167 1667 2236 curiensem

441 2285 504 2341 etc.
528 2277 775 2359 aliquantulum
800 2279 976 2360 inaquam
1000 2277 1155 2342 infundet
1178 2279 1211 2342 in
1237 2276 1377 2340 formam
1403 2275 1524 2340 Crucis
1549 2273 1593 2340 ad
1610 2275 1667 2340 illa

439 2384 541 2448 rerba
564 2385 602 2450 in
624 2386 764 2450 nominc
787 2383 939 2452 Sanctae
965 2383 1160 2453 Trinitatis.

525 2491 579 2561 24.
606 2493 766 2556 ltetinens
797 2491 916 2557 deinde
947 2493 1130 2579 ampullam
1163 2493 1195 2558 S.
1229 2491 1424 2558 chrismatis
1456 2487 1607 2556 dextera
1634 2497 1667 2560 at

438 2599 600 2684 recipiens
631 2599 776 2662 alteram
807 2618 882 2664 cum
907 2599 992 2666 Oleo
1018 2607 1134 2666 sancto
1160 2597 1485 2666 catechumenorum
1517 2601 1666 2678 sinistra,

441 2712 621 2789 utrumque
652 2706 751 2772 simul
783 2707 904 2774 Oleum
930 2701 1107 2791 in'aquam
1137 2708 1292 2774 infundet
1322 2710 1356 2774 in
1380 2709 1515 2776 modum
1551 2709 1666 2776 Gracia

434 2812 475 2877 ad
500 2814 560 2877 illa
583 2814 687 2879 verba
709 2815 748 2880 ia
763 2816 905 2881 nomiae
921 2815 1044 2882 Patria
1061 2822 1125 2880 etc.
1143 2815 1309 2880 formulae
1328 2815 1542 2884 Oommtoeta'o
1572 2817 1668 2884 cart

434 2921 557 2986 amatia
580 2927 644 2984 etc.

523 3029 577 3094 25.
604 3029 774 3096 [testituet
796 3030 962 3116 ampullas
985 3033 1168 3108 assistenti,
1193 3033 1249 3114 qui
1274 3030 1400 3096 referet
1415 3031 1506 3117 ipsas
1524 3031 1569 3096 ad
1593 3031 1670 3098 aba·

435 3155 532 3208 cum;
557 3137 773 3201 extremitate
803 3137 964 3203 dexterae
994 3138 1118 3202 leviter
1142 3137 1309 3224 expandet
1332 3143 1366 3202 et
1396 3137 1556 3204 miscebit
1581 3137 1667 3206 Olea

434 3247 552 3305 sancta
569 3261 644 3306 cum
661 3261 747 3326 aqua
763 3243 865 3308 fontis
895 3243 1111 3328 baptismalis
1137 3251 1252 3329 postea
1268 3243 1429 3310 accedens
1446 3243 1489 3309 ad
1508 3245 1664 3322 abacum,

436 3365 553 3412 manus
576 3347 748 3434 absterget
771 3348 919 3414 medulla
942 3352 1035 3434 panis
1059 3357 1093 3414 et
1118 3349 1254 3416 lavabit.

522 3455 576 3519 26.
601 3455 699 3520 Lotio
722 3476 856 3521 manum
880 3453 1072 3523 effundetur
1096 3458 1129 3521 in
1153 3459 1349 3523 sacrarium.

521 3561 574 3625 27.
600 3562 775 3628 Postremo
799 3563 914 3628 eodem
938 3564 1065 3640 ordine,
1090 3584 1155 3648 quo
1178 3561 1409 3630 veneruntad
1434 3563 1586 3644 fontem,
1612 3587 1669 3634 re-

430 3665 549 3733 dibunt
572 3671 605 3732 in
630 3672 815 3735 sacristiam
841 3671 961 3736 Clarus
988 3678 1023 3735 et
1055 3670 1237 3736 celebrans
1270 3672 1325 3754 qui
1357 3689 1455 3734 sacra
1484 3681 1670 3756 ammeta

431 3773 584 3858 deponet.

983 4001 1110 4042 ..t-.-
