4175 5717
524 732 566 798 34
704 805 707 810 ,
987 749 1052 795 nm.
1078 747 1112 794 11.

530 857 579 924 12.
605 856 732 932 Quarta
759 856 831 922 fere
860 856 964 920 horae
994 862 1090 940 parte
1120 860 1197 920 ante
1228 855 1442 933 functionem,
1467 875 1657 942 congrega-

437 967 562 1032 buntur
585 966 618 1030 in
642 964 824 1029 sacrarium
849 963 992 1027 Ministri
1016 968 1050 1027 et
1074 961 1195 1046 reliqui
1223 964 1451 1028 inservientes.
1475 963 1518 1028 Hi
1541 983 1658 1052 snper·

437 1074 578 1160 pelliceo
611 1071 790 1137 induentur
821 1090 921 1156 super
951 1074 1044 1136 veste
1074 1070 1190 1146 talari,
1222 1089 1261 1134 ac
1291 1071 1384 1136 taciti
1414 1071 1588 1154 animoque
1621 1070 1656 1137 in

436 1181 540 1248 Deum
565 1183 693 1246 intento
717 1179 941 1265 expectabunt
964 1176 1068 1244 donec
1092 1176 1331 1263 significabitur
1352 1178 1400 1244 eis
1424 1197 1489 1262 quo
1516 1179 1656 1263 quisque

436 1287 542 1355 officio
573 1288 668 1373 iungi
698 1286 824 1352 debeat.
850 1284 944 1362 Quod
974 1287 1096 1352 attinet
1125 1284 1166 1350 ad
1199 1285 1382 1361 Ministros‚
1413 1283 1655 1376 praevidebunt

435 1397 523 1460 aller
546 1395 726 1481 Epistolae‚
751 1395 839 1459 alter
864 1394 1038 1479 Evangelii
1063 1400 1207 1470 cantum;
1232 1393 1395 1457 Diaconos
1419 1398 1531 1458 autem
1554 1412 1655 1478 prae-

436 1503 559 1568 videbit
583 1503 683 1567 etiam
707 1507 841 1567 cantum
865 1502 906 1567 de
930 1502 981 1568 Ite
1006 1501 1119 1567 Missa
1142 1507 1203 1576 est,
1228 1500 1281 1566 vel
1307 1500 1564 1568 Benedicamus
1586 1500 1655 1568 Do·

436 1612 541 1686 mino,
565 1615 623 1675 aut
645 1609 713 1674 alia
736 1629 783 1686 re,
808 1629 905 1693 quam
929 1609 972 1673 sit
994 1615 1167 1674 canturos.

526 1718 576 1784 13.
601 1718 741 1782 Praesto
765 1717 829 1781 erit
852 1723 887 1782 et
910 1715 1102 1794 Celebrans,
1126 1717 1182 1800 qui
1206 1716 1239 1779 in
1263 1713 1384 1781 Missae
1400 1717 1654 1802 praeparatione

435 1824 673 1903 immorabitur,
697 1831 731 1890 et
765 1844 846 1911 opus
876 1825 942 1889 erit
966 1829 1003 1888 ut
1026 1829 1137 1889 mente
1159 1824 1322 1910 percipiat
1336 1822 1492 1909 quidquid
1508 1825 1574 1889 erit
1596 1842 1654 1890 ca·

437 1933 590 1998 nendum.

527 2040 577 2105 14.
610 2039 700 2105 Hora
734 2040 950 2125 praestituta,
981 2059 1083 2123 quum
1116 2058 1136 2103 a
1171 2039 1458 2105 eaeremoniarum
1493 2039 1655 2126 Magistro

434 2147 656 2222 nuntiabitur,
681 2147 850 2233 Acolythi,
876 2147 939 2211 nisi
970 2148 1075 2211 maior
1098 2148 1142 2212 sit
1164 2145 1366 2212 clericorum
1404 2166 1573 2224 numerus,
1598 2145 1653 2214 vel

434 2257 532 2321 etiam
564 2254 800 2321 thuriferarius
825 2253 925 2320 vadet
954 2252 996 2319 ad
1027 2254 1148 2321 Altare
1172 2259 1206 2319 et
1229 2274 1289 2319 sex
1320 2253 1477 2320 candelas
1500 2275 1540 2321 ac
1571 2253 1653 2322 duos

432 2381 546 2427 cereos
571 2363 710 2426 maiores
732 2361 901 2427 accendet:
926 2361 1015 2428 alter
1038 2382 1081 2426 ex
1106 2361 1283 2447 Acolythis
1307 2363 1341 2427 in
1365 2365 1512 2429 sacrario
1536 2381 1653 2430 aceen-

435 2470 491 2534 det
509 2467 665 2534 candelas
683 2470 715 2533 in
733 2468 942 2534 candelabris
958 2469 998 2534 ab
1016 2468 1129 2534 iisdem
1146 2468 1323 2555 Acolythis
1339 2469 1519 2555 gestandis:
1534 2469 1653 2538 deinde

440 2577 619 2644 Celebrans
643 2583 678 2642 et
700 2577 844 2642 Ministri
866 2576 907 2641 ad
932 2582 1048 2643 nutum
1081 2577 1338 2642 Caeremoniarii
1360 2577 1521 2644 accedent
1542 2578 1585 2644 ad
1607 2583 1655 2644 ta·

438 2685 559 2761 bulam,
585 2705 643 2750 seu
667 2704 823 2760 mensam,
843 2686 875 2748 in
892 2703 957 2768 qua
973 2689 1074 2749 erunt
1089 2685 1122 2748 in
1139 2690 1292 2770 promptu
1308 2690 1502 2770 paramenta
1517 2686 1558 2752 ab
1575 2686 1654 2774 ipsis

433 2791 608 2868 induenda,
637 2791 744 2876 ibique
774 2813 810 2856 se
840 2792 939 2857 simul
970 2791 1144 2878 parabunt.
1177 2791 1357 2858 celebrans
1387 2791 1601 2859 adiuvabitur
1632 2813 1654 2859 a

437 2900 712 2975 caeremoniario
738 2905 771 2964 et
795 2899 939 2964 llinistri
961 2899 1001 2963 ab
1026 2899 1203 2984 Acolythis
1221 2898 1279 2987 (a).
1297 2900 1478 2965 Celebrans
1496 2899 1654 2968 induetur

434 3010 566 3084 amictu,
591 3006 676 3084 alba,
702 3007 846 3091 cingulo,
872 3007 1051 3092 manipulo,
1076 3006 1165 3071 stola
1188 3012 1221 3072 et
1245 3007 1361 3072 casula
1384 3027 1448 3091 quo
1472 3007 1569 3074 modo
1588 3015 1655 3074 tra·

434 3118 538 3182 ditum
562 3121 612 3180 est
636 3136 694 3201 pro
719 3101 820 3181 ldissa
843 3116 983 3201 privata.
1009 3115 1174 3179 Diaconos
1198 3120 1232 3180 et
1256 3114 1482 3181 Subdiaconus
1515 3115 1655 3184 induent

435 3224 497 3289 sibi
521 3225 688 3300 amictum,
712 3222 820 3288 albam
852 3226 887 3287 et
917 3223 1089 3307 cingulum
1117 3220 1232 3286 eodem
1265 3221 1358 3287 modo
1390 3242 1429 3287 ac
1460 3223 1654 3304 Celebrans;

434 3332 598 3395 Diaconus
621 3335 732 3395 autem
757 3330 877 3395 stolam
901 3329 1072 3395 osculatus
1097 3330 1241 3415 imponet
1264 3330 1324 3394 sibi
1349 3330 1487 3396 humero
1507 3333 1653 3412 sinistro,

435 3439 591 3505 cohibens
616 3438 708 3503 illam
732 3439 868 3523 cingulo
891 3459 991 3523 super
1014 3437 1191 3505 dexterum
1207 3440 1307 3516 latus;
1325 3439 1445 3505 dehinc
1460 3441 1522 3506 sibi
1539 3441 1655 3508 induet

435 3546 653 3623 dalmaticam,
686 3548 777 3633 prius
807 3548 986 3611 immittens
1015 3566 1087 3612 eam
1113 3567 1174 3632 per
1200 3554 1309 3633 caput,
1334 3547 1452 3613 deinde
1483 3569 1543 3633 per
1573 3550 1653 3618 bra-

436 3656 545 3720 chium
569 3655 755 3732 dexterum,
786 3661 953 3740 postremo
983 3675 1043 3741 per
1074 3655 1216 3731 laevum;
1242 3675 1377 3739 eamque
1408 3656 1565 3734 clericus,
1598 3659 1653 3744 qui

434 3762 611 3839 adiuvabit,
636 3763 753 3848 ligabit
776 3763 826 3827 illi
852 3764 968 3828 taeniis
992 3783 1051 3827 sen
1075 3763 1245 3827 chordulis
1269 3784 1369 3849 super
1400 3764 1568 3844 humeros,
1593 3765 1654 3832 de-

434 3872 532 3953 nique
566 3871 768 3957 manipulum
799 3870 970 3935 osculatus
1001 3871 1146 3956 imponet
1169 3870 1240 3945 sihi,
1264 3891 1360 3954 quem
1391 3871 1535 3938 clericus
1567 3871 1651 3940 idem

433 3979 550 4043 taeniis
575 3984 695 4055 nectet,
720 3998 762 4043 ne
785 3978 826 4042 ad
850 3997 982 4042 manum
1005 3977 1173 4043 decurrat.
1199 3976 1427 4043 Subdiaconus
1450 3984 1563 4044 autem
1595 3987 1651 4046 tu-

432 4085 589 4150 nicellam
613 4086 674 4151 sibi
698 4085 813 4151 induet
836 4085 949 4149 eodem
974 4085 1070 4149 modo
1093 4104 1132 4150 ac
1156 4084 1320 4150 Diaconos
1340 4085 1563 4164 dalmaticam,
1581 4093 1650 4154 tum

430 4192 634 4279 manipulum
660 4195 692 4256 in
715 4193 850 4257 brachio
874 4193 980 4266 laeve,
1003 4192 1275 4276 quemadmodum
1299 4192 1339 4258 de
1362 4193 1509 4258 Diacono
1526 4193 1648 4261 dictum

431 4306 491 4365 est.
517 4302 638 4365 Postea
663 4300 842 4366 Celebrans
867 4307 901 4365 et
925 4301 1069 4366 Ministri
1092 4300 1200 4365 bireto
1223 4308 1323 4386 caput
1346 4303 1550 4386 cooperient.

503 4480 544 4547 (o)
565 4480 604 4536 Ut
624 4478 750 4536 Ministri
770 4479 938 4536 adiumento
957 4479 1126 4537 Celebraoti
1147 4480 1249 4536 sintin
1270 4479 1423 4536 induendis
1443 4481 1538 4538 sacris
1559 4482 1647 4540 vesti-

434 4568 488 4623 bus
509 4568 625 4625 rubrica
654 4589 711 4625 non
736 4569 919 4642 praescribit.
939 4571 1027 4626 Extat
1051 4569 1139 4625 etiam
1165 4569 1317 4626 decretum
1344 4573 1373 4626 S.
1393 4571 1424 4627 C.
1452 4557 1571 4628 ltituum
1595 4573 1647 4631 sub

435 4656 482 4713 die
505 4661 535 4712 13
554 4658 627 4714 lunii
658 4663 724 4716 1676
743 4660 770 4714 io
793 4660 985 4732 Neapolitana
1004 4659 1041 4714 ad
1061 4665 1086 4715 3.
1107 4679 1122 4712 ‹
1141 4663 1188 4715 Ao
1212 4659 1362 4716 Diaconos
1387 4670 1417 4717 et
1443 4661 1646 4721 Subdiaconus

437 4746 563 4804 debcant
581 4748 721 4806 adiuuare
744 4750 961 4807 celebraturum
981 4750 1049 4806 dnm
1073 4767 1175 4806 sacras
1200 4749 1290 4808 induit
1315 4752 1425 4807 vestes?
1444 4756 1476 4823 rt.
1498 4753 1646 4828 Negatioe.
