4175 5717
520 671 561 734 ts
983 691 1047 738 urs.
1071 693 1090 737 1.

522 796 591 859 111.
618 794 870 860 Genuflectetur
902 817 1018 861 versus
1051 798 1257 884 Episcopum,
1282 799 1357 864 dum
1386 801 1555 866 transiens
1586 803 1645 888 per

428 903 566 966 chorum
590 902 849 968 benedictionem
875 904 974 970 Glero
998 905 1216 990 impertietur.

517 1011 591 1078 412.
616 1011 723 1086 Quum
755 1012 936 1097 Episcopus
967 1012 1088 1076 Missae
1113 1014 1276 1089 intererit,
1301 1013 1533 1080 observabitur
1563 1013 1647 1080 ordo

429 1121 580 1205 superius
604 1121 837 1205 praescriptus.

518 1227 594 1292 413.
621 1226 656 1292 Si
688 1227 869 1312 Episcopus
901 1227 1031 1292 Missam
1065 1228 1256 1305 celebrabit,
1288 1228 1467 1294 notandum
1499 1231 1652 1296 occurrit

430 1334 515 1416 quod
541 1333 660 1400 Clesus
691 1331 917 1418 genuflectere
940 1334 1033 1399 debet
1068 1356 1185 1400 versus
1217 1337 1322 1421 ipsum
1339 1356 1438 1419 quum
1469 1338 1583 1404 veniet
1606 1337 1648 1404 ad

432 1441 550 1505 Altare
566 1441 718 1506 lecturus
743 1442 876 1515 Passio,
895 1447 927 1506 et
944 1463 1042 1524 ‹piuim
1069 1448 1138 1527 post
1158 1449 1326 1508 cantatum
1347 1445 1481 1520 Passio,
1498 1443 1541 1509 ad
1558 1443 1650 1510 thro-

432 1569 509 1613 num
528 1547 646 1612 redibit
665 1557 828 1613 momento
845 1550 1001 1632 temporis
1025 1569 1089 1632 quo
1112 1550 1348 1616 benedictionis
1371 1552 1500 1636 signum
1529 1571 1648 1618 versus

432 1655 566 1720 Glerum
589 1656 698 1722 faciet.

518 1763 592 1827 414.
618 1763 736 1829 Clerus
753 1765 894 1850 palmam
911 1763 1052 1828 deutera
1068 1765 1242 1827 sustinebit
1261 1786 1325 1847 quo
1341 1773 1488 1850 tempore
1505 1773 1650 1830 canetur

432 1871 565 1936 Passio.
591 1870 641 1935 ,td
671 1871 889 1936 elevationem
922 1870 1095 1934 sustinebit
1129 1891 1214 1934 uitus
1245 1877 1374 1935 tantum
1407 1871 1591 1958 Episcopus
1623 1873 1649 1936 si

432 1979 550 2043 llissae
574 1980 735 2042 intererit.

707 2205 738 2269 ,6,
763 2197 814 2257 :tlt
842 2195 884 2258 In
909 2195 1096 2260 Matutiais
1124 2193 1374 2259 l'eaebrarwu.

522 2413 594 2475 115.
620 2413 654 2474 ln
673 2431 808 2474 accessu
826 2409 978 2495 Episcopi
994 2408 1034 2472 ad
1053 2408 1237 2474 Ecclesiam
1253 2408 1385 2473 eaedem
1402 2408 1551 2492 regulae,
1565 2427 1654 2492 quae

432 2541 543 2606 supra,
568 2519 844 2593 observabuntur;
868 2518 958 2582 acsi
982 2518 1015 2580 in
1048 2516 1157 2582 (leena
1182 2516 1308 2581 Domini
1331 2523 1363 2582 et
1394 2518 1429 2580 in
1460 2517 1655 2582 Parasceve

434 2635 559 2693 remota
582 2629 624 2693 sit
647 2628 688 2692 eb
713 2627 864 2694 Ecclesia
886 2643 973 2709 aqua
995 2624 1178 2698 benedicta,
1196 2643 1260 2688 non
1286 2630 1335 2689 est
1358 2620 1654 2708 genuflectendum

433 2756 506 2800 cum
531 2734 627 2800 nulla
649 2733 708 2798 fiat
729 2733 770 2799 ab
795 2733 957 2817 Episcopo
980 2751 1085 2813 aquae
1109 2730 1302 2796 benedictae
1324 2731 1482 2816 aspersio.

522 2841 597 2907 416.
622 2841 657 2905 ln
684 2840 794 2905 Coena
824 2839 953 2904 Domini
983 2836 1138 2902 advertat
1170 2837 1289 2903 Clerus
1318 2846 1355 2902 ut
1386 2835 1658 2922 genuflexionem

434 2951 599 3036 duplicem
623 2951 762 3033 peragat
784 2946 826 3010 ad
850 2943 907 3010 SS.
933 2945 1183 3011 Sacramentum
1208 2955 1277 3009 tum
1294 2951 1372 3010 ante
1395 2949 1466 3010 tum
1489 2949 1565 3029 post
1589 2965 1659 3010 rua·

434 3060 588 3132 turinum,
614 3075 713 3140 quum
738 3054 933 3139 Episcopum
957 3053 1040 3117 illuc
1064 3053 1284 3118 comitabitur.

523 3164 597 3227 417.
623 3163 803 3248 Episcopus
820 3160 861 3226 ad
878 3160 997 3224 Altare
1021 3161 1127 3250 maius
1146 3160 1197 3224 ubi
1214 3161 1355 3235 venerit,
1380 3161 1490 3225 locum
1513 3160 1658 3244 quisque

437 3293 530 3337 suum
556 3269 730 3356 occupabit
753 3268 860 3351 ibique
884 3287 993 3352 genua
1016 3264 1138 3331 flectet.

524 3379 598 3442 tls.
624 3377 832 3460 Assurgente
848 3380 921 3461 post
938 3375 1122 3440 orationem
1140 3375 1313 3463 Episcopo,
1326 3382 1507 3460 consurget
1524 3381 1559 3440 et
1581 3371 1659 3440 cle·

437 3510 504 3562 rus,
536 3485 591 3568 qui
619 3480 883 3568 genuflexionem
916 3482 1013 3547 saciet
1042 3504 1160 3548 versus
1196 3484 1390 3568 Episcopum
1423 3503 1482 3569 per
1512 3482 1657 3548 chorum

436 3599 678 3666 transeuntem,
695 3591 777 3656 licet.
799 3573 890 3657 bisce
914 3590 1027 3656 diebus
1053 3594 1179 3656 omittet
1197 3590 1458 3656 benedictionem
1477 3590 1655 3675 impertiri.

526 3699 599 3766 119.
624 3700 660 3764 11
685 3699 851 3765 Matutino
874 3707 1054 3765 serventur
1069 3700 1160 3783 leges
1186 3699 1248 3762 boc
1272 3699 1378 3783 capite
1402 3695 1443 3762 ad
1466 3699 1497 3780 S.
1518 3695 1568 3760 13.
1585 3702 1658 3761 tra·

435 3813 533 3876 ditae.

523 3917 597 3983 420.
623 3916 730 3991 Quum
762 3916 942 4002 Episcopus
974 3915 1013 3980 ad
1043 3914 1266 3980 faldistorium
1296 3918 1423 3999 perget,
1455 3911 1496 3977 ad
1526 3913 1658 3998 repeti·

436 4031 558 4093 tionem
582 4025 781 4111 antiphonae
798 4030 870 4111 post
889 4024 1107 4089 Benedictus.
1124 4020 1177 4087 fiet
1198 4042 1314 4086 uersus
1332 4021 1528 4107 Episcopum
1552 4039 1660 4105 genu·

438 4136 546 4203 flexio.

525 4246 598 4309 tel.
623 4243 670 4308 De
695 4242 824 4325 reliquo
847 4246 1029 4325 sequentur
1052 4239 1250 4304 documenta
1273 4236 1425 4321 superius
1449 4234 1609 4299 exhibita.
1648 4235 1665 4266 ·

700 4462 731 4542 ἓ.
756 4459 809 4523 37.
834 4456 941 4523 Eeria
972 4458 1006 4520 V.
1031 4460 1068 4524 iu
1095 4457 1208 4523 Coena
1232 4453 1381 4520 Domini.

534 4674 598 4738 122.
625 4673 731 4747 Quem}
759 4674 939 4759 Episcopus
957 4675 989 4737 iu
1007 4672 1230 4737 Secretauium
1252 4670 1389 4743 venerit,
1408 4667 1528 4733 Clerus
1552 4668 1587 4732 in
1604 4685 1663 4754 ge·
