4175 5717
993 691 1058 740 LlB.
1084 693 1104 741 1.

751 910 783 989 ᾗ.
811 908 860 972 11.
885 908 928 975 Ia
951 908 1057 975 nato
1080 908 1142 975 IV.
1170 909 1346 978 (simenem.
1401 913 1404 919 ’

534 1124 604 1189 127.
622 1124 704 1189 Dum
722 1123 901 1189 Celebrans
916 1142 990 1188 cum
1002 1124 1161 1188 ministris
1176 1123 1219 1188 ad
1235 1123 1354 1189 Altare
1369 1124 1514 1201 accedet,
1532 1125 1650 1192 Clarus

441 1234 474 1297 in
498 1232 600 1298 choro
623 1233 782 1296 consistet
803 1228 948 1315 pedibus.

533 1339 604 1405 128.
629 1338 737 1415 Quum
760 1338 950 1404 cantabitur
971 1338 1151 1425 antiphona
1174 1336 1324 1407 Emaudi
1335 1360 1409 1417 nos,
1425 1340 1572 1409 Dommc
1585 1348 1649 1407 etc.
1737 1383 1745 1392 -

441 1447 577 1514 sedebit.

534 1555 604 1619 129.
630 1552 738 1619 Stabit
759 1558 870 1617 autem
892 1551 933 1617 ad
956 1552 1218 1619 benedictionem
1241 1556 1388 1621 cinerum
1411 1561 1446 1621 et
1467 1575 1583 1621 aarum
1605 1554 1652 1621 di·

440 1664 683 1738 stributionem,
707 1664 742 1725 et
763 1655 900 1743 quisque
923 1679 943 1723 a
966 1658 1165 1727 celebrante
1188 1660 1264 1727 illas
1287 1663 1426 1748 accipiet
1454 1663 1524 1727 sive
1557 1668 1649 1728 stans

439 1770 575 1857 pedibus
599 1770 669 1834 sive
691 1764 787 1832 flexis
810 1766 957 1851 genibus,
982 1768 1079 1832 sicuti
1103 1769 1135 1831 in
1159 1768 1373 1835 candelarum
1397 1769 1569 1835 functione
1588 1769 1649 1835 ob·

440 1885 608 1943 servatum
631 1882 691 1941 est.

527 1985 600 2050 130.
625 1983 757 2049 Sedebit¹
781 1983 908 2061 (iterus,
939 1988 1111 2069 postquam
1146 1984 1370 2068 unusquisque
1404 1983 1485 2049 ordo
1518 1986 1648 2052 cineres

440 2093 613 2178 receperit.

527 2200 600 2266 131.
625 2198 706 2263 Post
728 2197 991 2265 distributionem
1014 2197 1056 2263 ad
1079 2198 1261 2263 orationem
1288 2196 1443 2266 Concede
1463 2197 1563 2266 nobe
1581 2204 1645 2265 eto.

438 2309 538 2374 stabit
560 2306 705 2394 pedibus.
776 2377 782 2382 ,

527 2414 598 2479 132.
630 2412 819 2479 Considebit
852 2433 952 2498 quum
984 2411 1166 2479 Celebrans
1196 2410 1338 2499 deponet
1368 2412 1516 2499 pluviale
1545 2419 1646 2498 atque

435 2523 549 2590 induet
571 2523 749 2610 planetam.

526 2630 599 2696 133.
624 2630 809 2714 consurget
831 2628 907 2694 dum
940 2627 1120 2695 celebrans
1150 2626 1191 2692 ad
1223 2625 1341 2692 Altare
1363 2627 1499 2694 accedet
1525 2628 1646 2693 Missae

435 2738 591 2803 solemnis
615 2737 745 2801 initium
774 2736 936 2813 facturus,
967 2737 1001 2799 in
1033 2754 1097 2820 qua
1129 2733 1248 2799 Clerus
1279 2734 1415 2820 regulas
1445 2736 1643 2812 observabit,

434 2866 518 2930 quae
542 2846 693 2930 superius
716 2843 981 2932 desolemnibus
1006 2843 1112 2908 missis
1134 2840 1308 2906 ferialibus
1332 2841 1474 2908 traditae
1497 2851 1583 2909 sunt.

728 3060 759 3141 g.
789 3057 836 3122 12.
862 3058 911 3124 De
935 3057 1117 3124 Domiaico
1143 3056 1180 3120 ia
1204 3055 1347 3122 Polmis.

521 3274 593 3340 134.
618 3276 654 3339 ln
677 3250 868 3358 aspersione
891 3290 994 3355 aquae
1023 3268 1216 3336 benedictae
1248 3289 1331 3353 quae
1361 3269 1417 3336 fiet
1446 3280 1525 3337 ante
1555 3273 1641 3339 hanc

431 3384 643 3458 functionem,
669 3379 900 3446 observabitur
923 3376 1008 3462 quod
1032 3378 1184 3463 superius
1207 3374 1330 3441 dictum
1354 3383 1414 3442 est.

521 3489 592 3553 135.
618 3488 739 3553 Deinde
763 3506 862 3571 quum
887 3485 1067 3551 Celebrans
1090 3483 1131 3549 ad
1155 3483 1273 3548 Altero
1299 3484 1494 3563 ascenderit,
1520 3486 1641 3553 Clerus

431 3595 612 3662 considebit
635 3595 710 3660 dum
733 3594 921 3659 cantabitur
944 3598 976 3666 5.
1001 3591 1172 3659 Horanna
1193 3591 1266 3678 filio
1289 3590 1404 3657 David
1426 3599 1489 3658 etc.

521 3703 591 3767 136.
617 3701 667 3766 Ad
683 3703 875 3777 orationem;
892 3719 976 3786 quae
993 3700 1143 3783 sequitur
1158 3703 1291 3763 cantum
1308 3703 1339 3770 i.
1354 3698 1521 3783 praedicti,
1539 3700 1640 3766 stabit

431 3809 576 3896 pedibus.

521 3917 592 3982 137.
618 3914 750 3980 Sedebit
772 3913 849 3981 dum
873 3915 1064 3981 cantabitur
1086 3914 1187 3980 lectio
1211 3923 1244 3980 et
1267 3922 1405 3982 tractus.

522 4023 592 4087 138.
617 4021 667 4087 Ad
690 4021 920 4107 Evangelium,
944 4021 1051 4106 quoad
1074 4029 1222 4099 canetur,
1247 4042 1286 4088 ac
1309 4029 1422 4108 postea
1444 4005 1485 4087 ad
1508 4022 1641 4089 benedi·

430 4134 572 4197 ctionem
595 4131 779 4217 palmarum
803 4131 902 4196 stabit
924 4129 1070 4217 pedibus.

521 4239 591 4304 139.
616 4240 652 4303 ln
676 4238 860 4324 palmarum
884 4237 1115 4303 distributione
1142 4237 1364 4322 unusquisque
1392 4238 1534 4323 palmam
1555 4241 1640 4304 acci·

430 4347 498 4429 piet
520 4347 574 4410 vel
598 4349 791 4419 consistens,
808 4344 863 4409 vel
880 4342 1075 4429 genuflexus
1100 4350 1137 4409 ut
1160 4365 1269 4430 supra,
1283 4344 1480 4410 deosculans
1496 4345 1637 4432 palmam
1742 4433 1745 4442 Ι

431 4454 531 4536 ipsam
556 4460 589 4517 et
611 4473 742 4518 manum
762 4452 980 4526 Celebrantis;
1005 4472 1044 4516 ac
1068 4458 1282 4537 posteaquam
1298 4471 1384 4517 unus
1400 4452 1480 4518 ordo
1496 4454 1635 4538 palmam

429 4563 604 4642 acceperit,
629 4563 817 4644 omnesqui
842 4560 881 4624 ad
906 4560 1002 4623 illum
1025 4557 1173 4623 ordinem
1197 4560 1375 4645 pertinent,
1400 4559 1570 4625 sedebunt.
