4175 5717
525 718 586 782 litt
979 735 1046 782 urs.
1069 735 1115 780 ιν.

432 844 756 910 catechumenorum
780 848 815 908 et
837 841 1084 924 aliquantulum
1109 841 1242 925 gossipii
1269 846 1303 904 et
1335 859 1410 905 cum
1441 839 1494 904 bis
1524 841 1660 904 accedet

430 952 472 1016 ad
496 951 696 1026 Parochum;
720 953 890 1034 compater
913 955 1025 1012 autem
1049 948 1178 1032 aperiet
1211 952 1337 1010 vestem
1367 945 1536 1032 baptizato
1572 946 1661 1010 circa

431 1057 557 1123 collum
582 1063 616 1123 et
639 1061 766 1142 pectus.

519 1164 572 1228 37.
598 1163 771 1248 Completo
795 1163 992 1236 exorcismo,
1018 1161 1190 1226 Parochus
1215 1160 1337 1246 pollice
1364 1160 1507 1226 dextero
1537 1177 1662 1224 exere

431 1291 491 1336 suo
515 1272 656 1356 accipiet
679 1269 830 1355 paullum
855 1269 992 1344 salivae,
1017 1288 1083 1351 qua
1106 1273 1224 1353 tanget
1246 1287 1346 1332 aures
1370 1272 1404 1332 et
1427 1285 1527 1332 nares
1554 1264 1665 1350 bapti·

432 1380 507 1446 zati.
532 1377 645 1442 dicens
669 1376 855 1459 prpheta
878 1376 975 1460 quod
997 1383 1048 1442 est
1072 1381 1135 1441 etc.
1159 1374 1277 1440 deinde
1293 1380 1516 1460 prosequetur
1534 1371 1666 1456 reliqua

436 1485 490 1551 Tu
513 1491 631 1551 autem
653 1487 815 1569 effugare
836 1491 901 1548 etc.
1330 1480 1338 1504 '

521 1591 573 1654 38.
599 1591 772 1655 Parochus
798 1610 916 1655 rursus
941 1589 1164 1675 interrogabit
1188 1591 1389 1676 baptizatum
1411 1587 1496 1660 Quis
1510 1587 1668 1656 woerda!

433 1701 561 1782 etipse
586 1696 789 1783 respondens
814 1697 964 1783 proferet
988 1699 1123 1762 nomina
1146 1696 1207 1762 sibi
1231 1697 1393 1783 imposita.
1418 1695 1595 1760 Parochus
1621 1693 1667 1764 N.

433 1805 666 1870 abrenuntias
682 1803 846 1870 satanael
861 1811 895 1868 et
911 1811 1097 1888 sequentur
1113 1803 1264 1887 reliquae
1281 1803 1576 1888 interrogationes,
1592 1805 1669 1888 post

399 1907 403 1914 “
432 1932 514 1996 quas
539 1912 712 1977 Parochus
737 1913 881 1996 intinget
903 1911 1061 1996 pollicem
1086 1910 1262 1976 dexterum
1294 1912 1327 1974 iu
1356 1909 1477 1976 Oleum
1512 1913 1668 1974 sanctum

435 2019 759 2084 Catecbumenorum
783 2025 818 2082 et
841 2023 980 2103 peraget
1004 2019 1197 2083 unctionem
1215 2018 1248 2080 iu
1265 2017 1406 2082 formam
1426 2015 1544 2082 Crucis
1569 2033 1671 2102 super

433 2133 550 2211 pectus
573 2133 608 2190 et
632 2126 789 2201 humeros
813 2125 979 2211 baptizati,
1004 2124 1118 2190 diceus
1145 2125 1220 2211 Ego
1246 2131 1277 2190 te
1302 2124 1393 2190 linio.
1417 2128 1480 2189 etc.
1759 2111 1763 2118 ¹

523 2233 577 2298 39.
605 2233 779 2298 Parochus
801 2231 975 2316 absterget
999 2233 1154 2317 pollicem
1179 2253 1275 2298 suum
1299 2230 1452 2318 gossipio‚
1477 2229 1597 2297 deiude
1614 2251 1674 2298 uu-

436 2342 564 2405 ctiones
589 2342 623 2404 iu
649 2340 816 2426 baptizato
840 2347 994 2426 peractas
1018 2345 1052 2405 et
1076 2338 1257 2425 subiunget
1279 2339 1362 2418 Eoei,
1386 2339 1569 2406 rinmunde
1598 2339 1676 2424 epi-

435 2448 539 2513 ritus.
563 2453 626 2512 etc.

526 2555 579 2618 40.
609 2556 731 2620 Postea
757 2556 929 2620 Perochus
954 2555 1093 2622 accedet
1108 2555 1149 2621 ad
1165 2554 1304 2621 abacum
1322 2559 1557 2641 praeparatum
1573 2573 1677 2641 prope

441 2665 568 2728 iontem
591 2668 625 2728 et
649 2663 693 2726 ibi
716 2661 862 2727 dimittet
885 2662 1035 2748 pluviale
1059 2683 1134 2728 cum
1157 2662 1245 2727 stola
1268 2661 1419 2728 violacea
1445 2666 1480 2726 et
1514 2661 1677 2728 induetur

435 2769 523 2834 stola
546 2775 580 2834 et
603 2769 745 2854 pluviali
768 2769 835 2834 albi
860 2768 994 2834 coloris.

526 2876 579 2940 41.
605 2876 757 2942 Clericus
782 2894 870 2940 unus
887 2877 920 2940 in
938 2883 1093 2962 promptu
1110 2876 1245 2942 habebit
1261 2875 1434 2942 vasculum
1452 2874 1484 2941 S.
1510 2875 1680 2942 Chrisma·

442 2985 483 3047 tis
508 2989 540 3047 et
565 2983 756 3067 gossipium,
781 2983 871 3046 alter
893 2987 1021 3048 vestem
1042 2983 1217 3049 candidam
1242 2991 1276 3049 et
1299 2982 1471 3049 candelam
1488 3001 1678 3050 accensam·

527 3091 580 3156 42.
606 3091 779 3156 Parochus
806 3090 942 3156 indutus
976 3091 1055 3158 albo
1091 3092 1244 3177 pluviali,
1276 3091 1378 3158 ducet
1403 3091 1619 3182 baptizatum,
1643 3093 1678 3158 iu

442 3199 637 3263 interiorem
662 3203 790 3284 partem
814 3197 917 3263 fontis
941 3203 976 3262 et
999 3219 1118 3265 rursus
1143 3199 1364 3286 interrogabit
1379 3219 1454 3266 eum
1474 3199 1561 3273 Quis
1576 3219 1679 3268 eoca-

438 3305 517 3369 m's?
541 3311 575 3368 et
601 3304 661 3368 ille
684 3304 836 3390 proferet
859 3306 993 3370 nomina
1016 3307 1076 3372 sibi
1103 3307 1264 3392 imposita,
1293 3314 1331 3372 ut
1361 3327 1471 3392 supra;
1497 3307 1677 3374 Parochu's

437 3417 660 3496 prosequetur
684 3413 966 3496 interrogationes
990 3413 1155 3478 inclusive
1180 3434 1284 3497 usque
1301 3403 1451 3480 ad'illam
1476 3413 1535 3480 Via
1556 3413 1676 3500 bapti-

437 3516 540 3583 zarit
562 3518 749 3604 baptizatus
773 3517 987 3605 respondebit
1016 3519 1108 3586 Volo.

528 3625 581 3688 43.
607 3625 702 3689 Tunc
726 3625 899 3690 Parochus
924 3625 1081 3712 pollicem
1100 3625 1278 3692 dexterum
1296 3629 1440 3715 intinget
1462 3629 1496 3694 in
1521 3629 1555 3696 S.
1573 3629 1678 3698 Ghri-

441 3751 512 3796 sma
534 3731 711 3817 proferens
745 3731 926 3798 formulam
955 3733 1052 3801 Deus
1086 3735 1305 3818 omnipotens
1329 3742 1391 3801 etc.
1415 3741 1451 3818 et
1480 3737 1678 3806 unctionem

441 3839 473 3903 S.
500 3837 687 3904 chrismate
711 3841 744 3903 in
768 3839 910 3906 sormam
934 3841 1052 3908 Crucis
1075 3848 1215 3928 peraget
1231 3843 1265 3906 in
1281 3843 1409 3908 vertice
1424 3844 1542 3930 capitis
1563 3843 1679 3934 bapti-
1774 3903 1785 3926 ,

439 3949 515 4020 zati,
541 3946 655 4011 dicens
678 3947 754 4030 ipse
779 3955 811 4015 te
835 3951 935 4018 liniat
961 3951 1158 4018 ceromate
1181 3951 1306 4018 salutis
1329 3957 1393 4018 etc.
1417 3951 1606 4039 baptizatus
1626 3977 1682 4024 re·

434 4053 613 4158 'spondebit
637 4053 751 4121 Amen
786 4057 959 4124 Parachus
982 4058 1071 4124 dicet
1102 4060 1185 4126 Pace
1218 4066 1331 4126 tecum
1355 4066 1387 4126 et
1410 4058 1599 4146 baptizatus
1632 4063 1681 4148 Et

438 4181 520 4225 cum
543 4160 674 4242 spiritu
698 4167 766 4228 tuo.

528 4269 580 4329 44.
607 4268 780 4334 Parochus
804 4271 946 4355 gossipio
970 4267 1143 4354 absterget
1165 4276 1321 4359 pollicem
1345 4296 1440 4341 suum
1472 4281 1507 4340 et
1539 4281 1680 4345 unctio·

438 4391 513 4436 nem
538 4373 704 4458 baptizati.

527 4479 580 4543 45.
606 4481 779 4548 Parochus
802 4483 943 4567 accipiet
967 4486 1093 4546 vestem
1118 4484 1300 4558 candidam.
1326 4510 1390 4574 qua
1413 4489 1530 4557 induet
1564 4493 1682 4584 bapti·

441 4589 549 4650 zatum
574 4585 688 4654 dicens
712 4591 742 4654 ei
765 4589 895 4672 Accipe
916 4594 1045 4654 vestem
1072 4591 1271 4660 cartdidam.
1296 4603 1359 4663 etc.
