4175 5717
521 759 564 826 Pb
971 775 1038 824 ms.
1057 775 1106 826 m.

432 888 614 972 cingulum,
639 885 838 972 manipulus,
863 887 960 962 stola,
985 885 1122 971 planeta
1144 883 1213 950 albi
1236 881 1360 950 coloris
1377 883 1411 949 et
1429 871 1576 950 biretum
1592 901 1652 968 pro

434 995 651 1060 celebrante:
676 995 826 1081 pluviale
849 994 917 1060 albi
942 995 1066 1060 coloris
1090 999 1125 1060 et
1148 979 1238 1058 stola
1268 993 1420 1059 violacea
1450 1011 1512 1080 pro
1539 989 1653 1058 eodem

433 1105 465 1168 in
490 1104 659 1168 altarium
682 1103 906 1169 denudatione
930 1101 1126 1169 adhibenda.

522 1212 573 1274 17.
599 1211 773 1275 Intorticia
796 1210 851 1275 vel
875 1210 1036 1276 candelae
1061 1211 1094 1276 in
1119 1212 1330 1297 processione
1353 1207 1548 1296 gestandae.

525 1319 574 1381 18.
600 1317 744 1382 Seorsim
769 1319 854 1402 ignis
878 1316 999 1383 ardens
1024 1319 1057 1382 in
1082 1317 1195 1384 foculo
1219 1338 1280 1405 pro
1304 1317 1490 1384 thuribulo.

524 1427 573 1490 19.
598 1425 636 1488 ln
660 1427 812 1490 sacristia
835 1427 905 1512 ipsa
928 1427 1183 1512 praeparabitur
1207 1427 1296 1493 cella
1326 1425 1381 1492 vel
1413 1425 1503 1491 alius
1530 1423 1653 1490 decens

431 1534 536 1610 locus,
553 1535 585 1597 in
610 1553 674 1617 quo
698 1532 901 1599 recondetur
918 1533 975 1598 SS.
993 1533 1245 1600 Sacramentum
1262 1555 1322 1620 pro
1339 1531 1477 1598 infirmis
1493 1537 1534 1598 et¹
1545 1529 1654 1597 aderit

432 1642 551 1706 Altare
574 1642 644 1705 sive
668 1641 790 1706 abacus
815 1642 850 1705 in
873 1641 1006 1706 modum
1030 1641 1159 1708 Altaris
1190 1643 1378 1728 dispositus,
1411 1639 1547 1708 tobalea
1575 1657 1655 1734 ‹too-¹

430 1758 556 1837 pertus,
581 1749 783 1816 candelabra
805 1771 880 1815 cum
904 1751 1053 1817 candelis
1070 1758 1103 1817 et
1119 1752 1374 1819 tabernaculum
1390 1771 1466 1818 cum
1483 1749 1652 1838 corporali

432 1866 464 1923 et
489 1857 656 1923 clavicula
679 1861 714 1923 et
735 1856 862 1944 lampas
886 1878 970 1942 quae
994 1859 1111 1925 ardeat
1133 1861 1267 1945 iugiter.

519 1966 573 2029 20.
597 1965 635 2028 ln
660 1964 787 2030 sacello
811 1965 994 2040 Ecclesiae,
1020 1969 1052 2030 in
1078 1987 1142 2050 quo
1166 1973 1355 2054 exponetur
1375 1965 1433 2032 SS.
1451 1965 1654 2036 Sacramen-

432 2079 512 2148 tum,
538 2071 656 2137 Altare
680 2073 869 2137 instruetur
892 2072 1083 2152 luminibus,
1108 2072 1246 2141 floribus
1273 2059 1414 2158 aliisque
1446 2074 1655 2139 ornamentis

431 2179 554 2245 coloris
577 2179 654 2248 albi.
680 2180 820 2245 excluso
843 2187 878 2246 et
901 2182 1081 2248 interdicto
1105 2185 1193 2247 omni
1217 2182 1283 2249 alio
1300 2187 1433 2258 ornatu,
1454 2201 1575 2268 nempe
1592 2181 1658 2247 Re·

434 2288 607 2370 liquiariis,
640 2289 759 2352 statuis
793 2289 863 2353 sive
894 2290 1091 2374 imaginibus
1124 2290 1334 2366 Sanctorum,
1366 2289 1451 2356 velis
1480 2289 1570 2376 nigri
1600 2285 1658 2354 vel

431 2394 573 2459 violacei
613 2395 738 2459 coloris
772 2400 807 2461 et.
841 2395 1013 2462 similibus.
1050 2397 1158 2483 Super
1197 2397 1309 2463 Alteri
1342 2397 1384 2462 ad
1418 2393 1657 2483 exponendum

433 2501 490 2566 SS.
509 2503 763 2568 Sacramentum
780 2503 1035 2589 praeparabitur
1052 2505 1203 2571 custodia
1219 2505 1273 2571 vel
1292 2524 1387 2580 urna,
1406 2507 1524 2588 inqua
1546 2503 1658 2570 aderit

433 2609 619 2694 corporale;
643 2610 752 2676 aderit
775 2630 906 2695 quoque
929 2613 1106 2698 corporale
1130 2621 1308 2679 extensum
1324 2614 1359 2678 in
1375 2611 1497 2677 Alteri.
1519 2611 1556 2678 Si
1572 2631 1656 2698 opus

432 2717 534 2780 tuerit
558 2717 812 2802 praeparabitur
842 2721 942 2784 etiam
974 2719 1122 2786 elimacis
1153 2741 1214 2786 seu
1238 2719 1423 2787 scabellum
1450 2717 1658 2806 graduatnm

431 2843 491 2906 pro
516 2823 732 2890 Sacramenta
757 2827 846 2890 intra
869 2826 1054 2893 custodiam
1080 2827 1279 2913 reponendo.
1306 2825 1353 2914 (a)

919 3043 962 3110 la
983 3045 1168 3127 functione

518 3261 572 3325 21.
598 3261 837 3346 Catapanarum
862 3279 963 3325 sonus
988 3261 1147 3346 populum
1171 3260 1211 3325 ad
1235 3260 1410 3326 ecclesiam
1434 3257 1605 3324 invitabit.

516 3369 569 3432 22.
595 3368 717 3434 Clerici
741 3367 1022 3453 superpelliceum
1047 3367 1107 3433 sibi
1132 3367 1272 3433 induent
1295 3387 1396 3452 supra
1415 3370 1545 3432 vestem
1562 3365 1659 3432 tala-

432 3496 501 3539 rem
526 3483 559 3540 et
583 3495 637 3540 res
661 3476 814 3560 superius
839 3480 972 3538 notatas
995 3475 1253 3561 praeparabunt.

519 3583 572 3646 23.
598 3582 689 3646 Hora
708 3600 858 3667 congrua
874 3581 1057 3657 Parochus‚
1075 3588 1248 3668 postquam
1264 3581 1492 3648 confessiones
1504 3579 1659 3648 fldelium

431 3688 585 3764 audierit,
609 3687 843 3753 adiuvantibus
867 3687 1014 3753 secundo
1037 3708 1078 3753 ac
1100 3690 1202 3754 tertio
1226 3690 1351 3755 clerico
1374 3687 1535 3756 induetur
1551 3708 1659 3774 para-

431 3798 550 3860 mentis
574 3795 641 3860 albi
665 3796 788 3860 coloris
811 3815 871 3881 pro
895 3795 1098 3861 celebranda
1120 3797 1231 3872 Missa,
1255 3795 1334 3862 dum
1365 3797 1497 3862 interea
1524 3797 1656 3882 primus

431 3903 592 3969 accendet
624 3922 685 3969 sex
715 3921 832 3969 cereos
863 3903 1001 3982 Altaris,
1026 3905 1120 3970 cuius
1145 3905 1179 3969 in
1201 3903 1309 3970 media
1331 3911 1426 3990 parte
1449 3902 1595 3970 calicem
1620 3907 1655 3970 et

430 4011 574 4096 pixidem
598 4010 819 4095 praeparabit.

516 4119 570 4183 24.
596 4118 778 4183 celebrans
796 4119 916 4184 iunctis
933 4120 1083 4186 manibus
1097 4119 1137 4185 ad
1152 4120 1271 4186 Altare
1283 4117 1452 4206 procedet,
1465 4125 1655 4205 praeeunte

431 4228 536 4309 primo
560 4226 695 4302 clerico,
720 4246 817 4310 quem
841 4229 1044 4295 coniunctim
1069 4235 1252 4313 sequentur
1275 4227 1440 4295 secundus
1464 4247 1504 4294 ac
1529 4231 1654 4296 tertius

431 4341 465 4398 ol
488 4342 563 4421 post
586 4357 642 4401 eos
667 4335 851 4403 Celebrans
875 4339 954 4424 ipse.

502 4571 543 4641 (o)
564 4571 738 4644 inspiciatur
757 4571 914 4630 adnotatio.
933 4593 1020 4646 qiram
1050 4571 1227 4635 subiecimus
1256 4571 1447 4647 praecedenti
1474 4571 1522 4630 lib.
1542 4577 1569 4632 Ξ.
1590 4589 1657 4650 cap.

434 4657 531 4716 XXV.
553 4679 630 4718 unm.
649 4668 674 4718 o.
