4175 5717
524 743 564 808 ll
974 763 1040 810 010.
1065 763 1113 810 111.

441 871 589 954 Filioque
613 891 673 956 par
696 871 798 938 decus
823 872 1003 940 Partclito.
1029 869 1127 936 unlus
1150 869 1297 954 trinlque
1315 889 1435 934 nomen
1455 867 1572 936 laudet
1588 869 1656 936 uni·

440 995 589 1062 versitas.
608 999 724 1062 Amen.

524 1123 555 1187 2.
580 1127 666 1191 013.
694 1126 742 1192 ct
768 1135 803 1204 vt.
828 1125 934 1190 Dulce
957 1125 1096 1210 lignum,
1121 1122 1237 1189 dulces
1261 1122 1387 1200 clavos,
1412 1121 1516 1188 dulce
1532 1119 1659 1208 pondus

438 1247 589 1313 06011001.

522 1643 575 1708 66.
601 1645 771 1711 Versiculi
795 1647 848 1712 isti
873 1646 1030 1730 legentur
1054 1665 1096 1710 ex
1121 1650 1201 1719 1010,
1219 1643 1367 1728 quamvis
1384 1649 1474 1710 esset
1490 1631 1660 1730 completa

437 1749 597 1819 adoratio.

523 1861 577 1924 67.
603 1859 671 1926 Sub
702 1858 799 1926 finem
834 1860 1037 1927 adorationis
1072 1861 1197 1946 primus
1227 1858 1372 1926 clericus
1402 1858 1570 1926 accendet
1600 1879 1660 1926 sex

436 1985 551 2032 cereos
576 1966 716 2033 Altaria.

523 2074 576 2138 68.
601 2073 812 2163 Improperiis
836 2097 856 2140 a
880 2075 1082 2143 Celebrante
1099 2096 1174 2141 cum
1191 2074 1337 2140 secundo
1352 2095 1392 2141 ac
1409 2077 1514 2142 tertio
1532 2075 1659 2142 clerico

437 2179 545 2258 100110,
576 2181 742 2250 ¹secundus
775 2185 911 2270 recipiet
943 2183 1149 2270 exemplaria
1173 2183 1271 2270 hujus
1294 2183 1372 2249 libri
1396 2189 1430 2249 et
1452 2189 1600 2271 reponet
1623 2203 1661 2250 ea

438 2309 538 2374 super
561 2291 674 2356 abaco,

521 2397 574 2462 69.
600 2399 732 2464 Primus
749 2419 824 2464 cum
841 2401 963 2464 ceteris
987 2399 1116 2465 duobus
1134 2399 1267 2464 clericis
1283 2395 1440 2464 redibunt
1461 2397 1506 2464 ad
1526 2397 1658 2466 Altero.

436 2507 567 2570 Tertius
590 2506 630 2570 ad
656 2508 725 2593 ipso
749 2507 915 2572 amovebit
939 2507 1076 2573 blissale
1100 2527 1175 2573 cum
1200 2507 1293 2592 legili
1317 2513 1351 2572 01.
1367 2509 1496 2593 primus
1513 2527 1594 2574 cum
1609 2527 1657 2575 se·

434 2614 541 2679 cundo
558 2616 591 2678 in
608 2615 771 2680 lateribus
789 2615 929 2692 Altaria,
946 2615 1137 2702 expandent
1159 2635 1260 2702 super
1275 2633 1421 2680 mensam
1440 2615 1546 2702 ipsius
1570 2615 1659 2682 toba-

432 2721 529 2796 leam,
542 2741 627 2806 quae
644 2723 806 2788 hactenus
823 2723 944 2788 relicta
959 2722 1063 2788 fuerit
1079 2722 1277 2810 complicata
1294 2741 1412 2788 versus
1428 2721 1646 2790 candelabra

438 2859 443 2868 ·
521 2831 573 2894 70.
599 2829 720 2896 Clerici
745 2829 906 2916 praedicti
930 2837 1151 2914 exsequentes
1167 2832 1316 2896 actiones
1340 2829 1503 2896 indicatas
1520 2837 1558 2897 et
1574 2849 1658 2917 quae

434 2937 573 3002 1010600
597 2936 784 3012 tradentur,
808 2937 986 3002 advertent
1001 2937 1042 3002 ad
1062 2935 1352 3022 genuflectendum
1370 2958 1491 3004 versus
1511 2937 1655 3008 Crucem

435 3045 467 3108 10
491 3063 627 3109 0000000
652 3053 686 3109 01.
711 3045 743 3108 10
767 3063 902 3110 recessu
927 3044 1112 3110 6061106.

521 3153 573 3215 71.
599 3150 772 3217 Secundus
797 3153 942 3218 clericus
966 3172 1008 3216 ex
1031 3152 1135 3218 abaco
1158 3153 1298 3239 accipiet
1321 3153 1455 3219 bursam
1482 3175 1560 3222 cum
1585 3175 1657 3222 cor-

436 3259 540 3346 porali
565 3264 599 3325 et
624 3257 859 3345 purificatorio,
884 3280 956 3325 eam
979 3259 1110 3326 deleret
1133 3258 1174 3324 ad
1198 3260 1317 3326 Altare
1341 3266 1375 3326 et
1398 3261 1434 3326 in
1452 3261 1566 3331 medio
1580 3285 1655 3352 sup·

434 3367 571 3453 pedanei
602 3367 720 3433 educet
750 3389 769 3432 0
800 3368 902 3432 bursa
932 3367 1118 3452 corporale,
1151 3366 1237 3452 quod
1268 3367 1449 3454 explicabit
1481 3371 1514 3435 in
1544 3369 1652 3438 medio

433 3475 555 3550 Alteri,
577 3481 675 3560 ponet
698 3473 960 3560 purificatorium
984 3495 1103 3540 versus
1126 3474 1300 3540 dexteram
1324 3481 1357 3540 et
1379 3474 1516 3542 bursam
1541 3477 1654 3568 appli-

431 3582 518 3647 cabit
540 3582 659 3667 gradui
683 3581 961 3647 candelabrorum
985 3583 1019 3646 10
1042 3581 1150 3647 101000
1175 3582 1363 3668 Evangelii.

519 3690 572 3754 72.
598 3689 732 3754 Tertius
765 3688 911 3756 clericus
939 3690 1080 3777 accipiet
1095 3689 1197 3775 legile
1221 3711 1296 3755 cum
1320 3690 1448 3756 Missali
1472 3701 1592 3779 aperto
1618 3700 1653 3762 et

431 3797 555 3862 locabit
586 3796 670 3861 illud
703 3798 735 3861 in
768 3815 873 3862 cornu
898 3798 1075 3883 Evangelii
1098 3818 1200 3883 prope
1225 3798 1410 3884 corporale,
1435 3798 1649 3884 aliquantum

431 3924 630 3971 conversum
654 3903 695 3969 ad
719 3903 859 3970 mediam
881 3913 1021 3990 partem.
1046 3904 1219 3971 Secundus
1243 3909 1278 3970 et
1301 3905 1432 3982 tertius,
1457 3906 1583 3974 iterata
1597 3927 1653 3996 ge·

430 4010 621 4078 nutlexione
644 4010 685 4077 ad
710 4011 861 4088 Crucem,
886 4012 1042 4078 redibunt
1065 4012 1106 4078 ad
1130 4013 1240 4078 latera
1264 4011 1486 4079 Celebrantis.

517 4120 570 4185 73.
597 4119 768 4205 Completa
790 4118 986 4185 adoratione
1011 4121 1127 4188 Crucis
1162 4120 1343 4187 Celebrans
1370 4121 1508 4188 nudabit
1540 4129 1651 4210 capnt,

428 4233 588 4312 assurget
613 4246 652 4291 ac
682 4227 841 4313 procedet
870 4227 911 4292 ad
936 4229 1086 4304 Crucem,
1111 4237 1145 4294 et
1169 4229 1212 4293 ibi
1243 4225 1512 4314 genuflexionem
1539 4231 1650 4298 faciet.
1680 4237 1685 4254 '

431 4333 526 4398 Tum'
547 4333 741 4420 procumbet
771 4335 947 4419 ingenua,
978 4339 1118 4423 accipiet
1149 4341 1290 4420 utraque
1319 4357 1418 4401 manu
1447 4335 1592 4404 Crucem
1616 4343 1651 4406 et

430 4441 613 4507 ascendens
644 4461 704 4527 per·
736 4440 876 4507 medium
900 4444 1028 4510 relevet
1051 4445 1144 4510 illam
1168 4444 1209 4509 ad
1233 4445 1352 4510 Altare
1378 4450 1411 4510 et
1436 4445 1470 4510 in
1493 4446 1565 4512 basi
1590 4467 1650 4514 sua

431 4556 577 4633 reponet.
601 4549 721 4616 Clerici
745 4557 777 4615 et
803 4571 916 4617 010000
940 4552 1111 4618 adstantes
1135 4553 1176 4620 ad
1194 4555 1280 4618 hanc
1296 4555 1461 4619 actionem
1480 4557 1513 4620 10
1538 4575 1648 4644 genua
