4175 5717
523 719 588 783 286
985 735 1052 784 616.
1079 739 1099 785 6.

520 846 595 912 421.
620 845 655 912 Si
679 866 744 928 666
767 847 800 909 16
824 845 976 910 Ecclesia
999 847 1097 912 statio
1122 844 1179 911 fiet
1202 848 1235 911 in
1258 848 1388 926 itinere,
1405 845 1446 912 ad
1462 851 1592 932 portam
1609 843 1656 912 il·

434 955 509 1038 lius¹
523 952 660 1018 nudabit
682 959 791 1038 caput,
814 972 933 1038 aquam
957 959 1104 1018 sanctam
1129 974 1149 1019 a
1172 954 1317 1020 Diaccno
1344 955 1492 1042 accipiet,
1509 951 1659 1040 signabit

433 1084 478 1140 se,
503 1064 672 1148 cooperiet
693 1070 794 1148 caput
816 1071 850 1128 et
873 1062 1030 1150 procedet
1053 1067 1131 1126 6616
1156 1063 1274 1127 6111666
1298 1064 1487 1128 maximum.

521 1170 597 1236 422.
622 1169 693 1244 Quo
717 1153 817 1255 quum
840 1171 981 1246 venerit,
1006 1171 1113 1256 capite
1137 1165 1277 1248 detecto,
1303 1169 1446 1234 biretum
1470 1169 1659 1236 committet
1679 1175 1682 1182 '

432 1279 588 1354 Diacono,
613 1280 837 1344 reverentiam
860 1276 902 1342 ad
927 1276 1079 1352 Crucem,
1103 1275 1158 1342 vel
1176 1273 1440 1361 genuflexionem
1456 1281 1606 1362 peragat,
1627 1275 1657 1342 si

433 1387 493 1452 illo
517 1388 550 1451 in
582 1386 693 1452 Alteri
722 1385 950 1451 reservabitur
979 1383 1037 1450 SS.
1075 1383 1334 1459 Sacramentum,
1359 1391 1393 1449 et
1423 1390 1500 1449 ante
1531 1381 1657 1450 Altera

433 1496 602 1560 consistet.

520 1602 595 1668 423.
620 1601 761 1667 (lentata
782 1621 803 1666 a
825 1599 1015 1666 cantoribus
1032 1599 1213 1686 antiphona
1229 1603 1264 1662 et
1279 1617 1378 1664 versu
1396 1597 1436 1663 de
1452 1596 1576 1663 Sancto
1593 1595 1658 1661 Pa·

433 1717 531 1777 trono
554 1730 612 1776 seu
637 1709 791 1787 Titulari,
816 1710 999 1774 orationem
1023 1713 1122 1773 canet
1146 1715 1224 1774 tono
1258 1705 1377 1783 feriali,
1410 1706 1518 1792 ibique
1547 1724 1656 1792 expe-

387 1855 394 1868 ·
432 1819 535 1885 616111
557 1817 633 1884 (1666
658 1825 785 1904 tempus
809 1820 874 1884 6611
897 1819 930 1882 16
953 1818 1197 1903 processionem
1221 1813 1460 1902 proficiscendi.

520 1926 594 1990 424.
619 1925 797 1991 Discedens
821 1926 1042 1991 reverentiam
1068 1923 1200 2015 iterabit
1223 1922 1278 1988 661
1301 1919 1581 2008 genuflexionem,
1610 1919 1659 1986 bi·

432 2041 541 2098 retum
564 2055 584 2097 6
607 2034 751 2098 11166666
779 2033 926 2119 recipiet,
961 2033 1061 2117 capiti
1092 2031 1247 2115 imponet,
1272 2037 1306 2095 et
1336 2031 1591 2114 processionem,
1616 2029 1658 2092 ut

433 2148 541 2216 antea,
566 2147 734 2224 sequetur.

519 2246 593 2311 425.
619 2248 655 2310 16
682 2246 842 2323 Ecclesia,
867 2266 931 2330 qna
954 2248 1176 2330 processionis
1201 2244 1257 2310 flet
1280 2243 1362 2318 finis,
1388 2263 1586 2330 progressus
1598 2263 1659 2309 an-

432 2364 465 2421 te
489 2355 617 2431 Altare,
643 2355 864 2419 reverentiam
888 2354 999 2430 faciet,
1025 2353 1078 2418 661
1104 2351 1379 2437 genuflexionem,
1405 2354 1431 2417 si
1455 2352 1512 2418 SS.
1531 2351 1657 2420 Sacra-

431 2471 578 2526 mentum
602 2460 710 2526 ade1·it
733 2463 766 2525 in
790 2461 911 2536 Alteri,
937 2468 970 2526 et
994 2463 1026 2524 in
1052 2460 1156 2525 medio
1180 2459 1285 2544 gradu
1311 2459 1421 2526 infimo
1436 2459 1656 2546 geniculabit.

519 2568 594 2632 426.
620 2568 701 2632 Fine
726 2567 815 2633 facto
839 2567 977 2634 canendi
1002 2568 1160 2643 Limnias,
1184 2566 1315 2634 adiiciet
1339 2568 1429 2634 elata
1451 2586 1532 2632 roce
1545 2567 1658 2634 Pater

430 2682 551 2743 noster
574 2675 659 2759 quod
683 2685 812 2742 secreto
836 2675 1045 2740 continuabit
1069 2695 1171 2758 usque
1194 2674 1235 2739 ad
1261 2675 1363 2740 verba
1386 2674 1571 2744 lerneam
1588 2681 1656 2740 616.

431 2804 514 2868 6666
539 2803 657 2848 666666
680 2783 750 2848 6116
773 2802 854 2848 6666
878 2783 1036 2868 proferet.

520 2891 594 2954 427.
619 2890 700 2954 Post
722 2895 893 2954 cantatum
909 2890 1071 2974 psalmum
1096 2890 1191 2956 Deua
1215 2891 1252 2956 ia
1267 2890 1485 2956 adiutorium
1501 2897 1564 2956 etc.
1582 2908 1658 2976 per·

431 3005 522 3062 stans
547 2997 684 3081 genibus
708 2994 802 3061 flexis
827 2997 1003 3082 subiunget
1026 3018 1145 3063 666666
1170 3004 1201 3062 61
1226 2997 1267 3063 ad
1283 2999 1454 3064 Dominus
1475 2997 1658 3064 aoracum

431 3115 593 3189 assurget,
619 3107 851 3189 orationesque
879 3106 1099 3190 praescriptas
1132 3112 1209 3170 tono
1232 3106 1351 3186 ¹feriali
1382 3093 1537 3172 cantabit.
1570 3105 1657 3173 ’1666

432 3233 559 3288 666666,
585 3219 654 3277 turn
679 3213 846 3278 orationes
870 3214 903 3276 in
928 3213 1101 3277 Breviorio
1126 3232 1262 3278 romano
1287 3221 1360 3298 post
1383 3213 1530 3277 Lilanias
1555 3231 1659 3299 repe-

432 3322 576 3386 riuntur.
1543 3377 1545 3382 .

519 3429 592 3493 428.
619 3428 652 3493 Si
675 3448 740 3511 qua
763 3428 803 3492 de
826 3447 944 3493 caussa
967 3428 1078 3492 Missa·
1100 3427 1321 3512 Rogatianum
1353 3427 1386 3491 in
1417 3426 1571 3493 Ecclesia
1593 3428 1660 3496 illa

431 3556 497 3603 non
521 3537 720 3611 cantabitur,
744 3535 918 3601 adiicietur
942 3555 961 3598 a
984 3535 1175 3601 cantoribus
1199 3534 1381 3619 antiphona
1403 3553 1477 3600 cum
1494 3555 1596 3601 versu
1612 3535 1657 3604 de

431 3645 467 3708 B.
493 3643 633 3728 Virgine
656 3664 695 3708 ac
718 3642 758 3709 de
783 3643 1090 3719 Sanct‹›,Titula1·i;
1127 3642 1308 3708 Celebrans
1342 3647 1453 3708 autem
1484 3646 1657 3712 orationes

431 3754 635 3837 respectivas
667 3757 741 3836 post
773 3773 1037 3837 unumquemque
1073 3771 1206 3816 versum
1238 3755 1317 3815 tono
1348 3750 1457 3815 feriali
1491 3753 1657 3832 cantabit,

430 3868 503 3946 post
529 3881 621 3943 6666,
646 3866 780 3925 6661616
803 3881 823 3925 6
846 3862 1037 3926 cantoribus
1063 3866 1093 3932 t.
1118 3858 1266 3924 Eoeoudi
1287 3865 1350 3924 etc.
1375 3857 1462 3924 dicet
1491 3859 1660 3928 submissa

431 3988 512 4033 voce
537 3966 710 4034 rederium
734 3968 872 4034 animae
896 3975 960 4033 616.
985 3967 1031 4054 (6)

519 4075 593 4140 4211.
620 4075 771 4140 [11666161
794 4074 833 4140 de
857 4075 967 4140 Altari
992 4076 1117 4139 faciens
1135 4074 1484 4151 Crucireverentiam,
1502 4078 1656 4160 6166616

430 4186 578 4248 66666616
602 4204 637 4248 66
660 4183 798 4268 parabit,
823 4185 850 4248 si
875 4184 1008 4248 Missam
1034 4183 1213 4247 solemnem
1239 4184 1449 4266 rogationum
1473 4184 1537 4249 erit
1562 4183 1659 4252 cele-

430 4291 597 4367 braturus
623 4312 728 4368 secus,
753 4296 862 4356 restes
885 4311 997 4356 sacros
1021 4290 1174 4375 deponet.

503 4437 545 4504 (a)
565 4437 675 4493 Cantus
695 4434 929 4508 antiphonarum,
951 4453 1089 4492 versuum
1110 4445 1138 4492 61
1159 4438 1336 4504 6661166661,
1359 4453 1431 4507 quas
1453 4435 1659 4502 indicarimus,

432 4541 450 4578 6
470 4525 576 4581 11116611
597 4543 654 4582 non
678 4525 896 4598 praescribitur.
909 4525 961 4582 sed
976 4542 993 4582 a
1007 4527 1222 4584 caeremoniali
1241 4529 1454 4602 Episcoporuin
1473 4527 1521 4583 lib.
1533 4531 1559 4584 2.
1574 4543 1599 4582 6.
1613 4529 1660 4584 32.

434 4630 511 4668 num.
531 4618 556 4670 6.
