4175 5717
972 693 1043 739 eir.
1065 694 1112 739 111.
1318 743 1334 766 ,
1518 675 1561 737 :ll

523 909 555 984 ξ.
580 906 634 970 ’211
660 907 704 971 In
727 904 786 972 SS.
811 905 1032 973 Samurcenti
1049 926 1119 991 pro
1143 908 1299 974 oratione
1322 908 1564 992 quadrapintu

833 1014 1006 1080 horarum
1029 1015 1254 1096 copositione.

522 1231 599 1296 212.
624 1230 748 1295 Eadem
783 1227 967 1303 methodus,
992 1248 1076 1312 quae
1106 1229 1258 1314 superius
1289 1249 1348 1315 pro
1379 1229 1465 1292 festo
1498 1226 1653 1314 Corporis

436 1338 565 1404 Christi
588 1338 758 1422 assignata
780 1336 853 1411 tuit,
876 1335 1087 1401 adhibebitur
1110 1335 1217 1400 relate
1239 1335 1280 1400 ad
1305 1336 1437 1399 Missam
1461 1340 1495 1399 et
1518 1354 1655 1420 proces-

433 1445 572 1510 sionem.
600 1443 651 1508 Ad
674 1463 800 1529 preces,
835 1461 920 1526 quae
943 1455 1017 1527 post
1048 1444 1292 1528 processionem
1323 1443 1356 1505 in
1387 1442 1592 1527 expositione
1622 1448 1658 1504 et

432 1559 515 1616 ante
537 1552 782 1636 processionem
806 1550 840 1614 in
864 1551 1065 1635 repositione
1089 1548 1330 1623 recitabuntur,
1355 1547 1477 1614 Clerus
1493 1544 1588 1612 flexis
1604 1567 1660 1631 ge-

433 1658 533 1724 nibus
558 1656 711 1722 manebit.

523 1763 602 1828 213.
627 1763 821 1849 Presbyteri
846 1764 917 1828 sive
940 1763 1054 1828 clerici
1078 1762 1119 1827 ad
1143 1761 1304 1827 orandum
1327 1761 1490 1847 designati
1505 1768 1583 1826 ante
1600 1760 1656 1826 SS.

432 1873 691 1940 Sacramentum
715 1873 749 1935 in
772 1870 882 1935 Altam
905 1871 1103 1956 expositum,
1128 1869 1233 1935 induti
1256 1869 1500 1956 superpelliceo
1531 1870 1564 1933 in
1597 1869 1659 1933 Sa·

432 1979 563 2052 erario,
587 1977 682 2043 ibunt
705 1976 745 2041 ad
770 1977 899 2051 Altam,
924 1977 1051 2041 clerico
1074 1977 1305 2060 praecedente.
1331 1976 1403 2051 Quo
1427 1997 1526 2060 quum
1560 1995 1662 2041 vene-

429 2088 517 2161 rint,
546 2099 753 2170 consurgent
775 2084 889 2149 clerici
913 2084 968 2165 qui
992 2084 1174 2159 orationem
1210 2083 1426 2158 absolverint,
1458 2089 1557 2167 atque
1587 2101 1663 2148 con-

429 2195 585 2261 iunctim
607 2193 649 2258 ab
673 2193 823 2276 utrisque
845 2190 970 2278 duplex
995 2189 1052 2255 flet
1074 2188 1273 2275 genuflexio.
1299 2192 1391 2267 Tum,
1416 2191 1662 2256 remanentibus

430 2303 568 2392 primis,
592 2298 759 2366 discedent
786 2298 931 2364 secundi.

465 2521 503 2602 ᾗ.
529 2515 585 2581 21.
610 2515 654 2580 In
672 2515 896 2596 processione
920 2511 978 2578 SS.
1004 2511 1227 2579 decrementi
1247 2513 1285 2578 in
1309 2512 1491 2579 Dominico
1514 2512 1617 2578 tertia

884 2638 1058 2703 ouansque
1080 2639 1219 2686 menses.

530 2839 608 2903 214.
644 2835 884 2903 Observabitur
922 2835 1107 2912 methodus,
1132 2856 1226 2919 quam
1262 2856 1322 2921 pro
1355 2836 1508 2921 Corporis
1540 2836 1662 2901 Christi

434 2939 658 3035 processione
682 2945 834 3029 superius
858 2942 1063 3007 tradidimus.

872 3148 904 3238 §3
928 3157 980 3222 22.
1008 3157 1052 3223 ln
1075 3146 1244 3242 eaequiis.

538 3375 614 3438 215.
641 3374 675 3437 ln
699 3394 834 3439 accessu
860 3373 899 3437 ab
927 3371 1075 3439 Ecclesia
1098 3372 1139 3437 ad
1155 3373 1287 3437 domum
1303 3373 1462 3449 defuncti,
1480 3375 1598 3441 Clerus
1618 3396 1667 3440 se·

441 3493 573 3568 quetur
598 3481 736 3547 Crucem
761 3479 876 3545 ordine
900 3482 1029 3564 saepius
1053 3478 1206 3555 indicato,
1231 3500 1348 3565 nempe
1365 3488 1402 3545 ut
1417 3484 1525 3547 minus
1541 3484 1666 3568 antiqui

442 3597 636 3675 sequantur
660 3588 811 3664 Crucem,
835 3589 996 3673 primores
1019 3592 1131 3651 autem
1155 3587 1279 3651 radant
1312 3590 1451 3673 proximi
1486 3589 1666 3655 Parrocho.

449 3697 686 3780 Unusquisque
710 3716 728 3760 e
752 3695 851 3760 Clero
874 3695 1017 3758 seculari
1042 3693 1199 3758 induetur
1223 3695 1467 3781 superpelliceo
1490 3705 1525 3762 et
1551 3698 1666 3763 bireto.

539 3804 617 3868 216.
642 3804 702 3869 Ubi
726 3802 856 3868 domum
881 3810 1017 3867 ventum
1042 3804 1115 3877 erit,
1140 3823 1182 3867 eu
1206 3822 1271 3886 qua
1294 3804 1336 3868 sit
1359 3803 1502 3870 cadaver
1525 3803 1668 3871 efferen-

446 3913 540 3986 dum,
565 3913 723 3975 consistet
749 3910 867 3974 Clerus
892 3911 981 3974 circa
1004 3911 1118 3995 ipsam,
1141 3909 1305 3974 servando
1329 3911 1478 3977 eumdem
1509 3914 1667 3988 ordinem;

449 4040 491 4085 ac
516 4037 800 4103 supervacaneum
825 4025 911 4081 esset
936 4037 1080 4093 monere,
1105 4016 1190 4102 quod
1226 4038 1301 4082 cum
1332 4020 1375 4083 sit
1405 4039 1500 4084 sacra
1530 4021 1668 4094 functio,

449 4103 657 4191 servandum
681 4126 724 4188 sit
747 4124 914 4189 silentium
939 4144 979 4188 ac
1001 4123 1110 4190 debita
1133 4127 1291 4210 gravitas.

542 4232 618 4295 217.
644 4230 750 4304 Quum
774 4233 941 4316 processio
964 4231 1005 4296 ad
1029 4233 1202 4297 ecclesiam
1228 4232 1372 4308 redierit,
1398 4236 1428 4297 iu
1454 4234 1601 4299 ordinem
1626 4235 1672 4300 di-

447 4347 616 4428 sponetur
640 4339 679 4402 ad
705 4338 820 4402 feretri
857 4340 974 4410 latera,
1006 4340 1264 4405 consistentibus
1295 4342 1402 4405 minus
1436 4341 1542 4425 dignis
1570 4327 1671 4428 prope

448 4451 607 4521 Crucem,
632 4448 752 4511 ceteris
776 4467 856 4512 tero
880 4446 1071 4532 dignoribus
1088 4449 1182 4511 iuxta
1197 4448 1393 4516 Parocbum.
1412 4448 1525 4534 Capite
1541 4449 1672 4515 detecto

449 4556 686 4637 unnsquisque
712 4575 808 4620 manu
833 4556 972 4620 dextera
995 4554 1166 4620 sustinebit
1195 4555 1364 4620 (andelam
1389 4575 1570 4631 accensum,
1589 4578 1672 4642 quae

1564 4668 1585 4728 :t
