4175 5717
525 695 585 760 180
979 711 1043 758 1111.
1070 712 1090 756 1.

430 833 604 890 convertet
627 833 661 890 et
683 843 781 910 passu
803 823 898 906 gravi
916 819 1045 886 incedet
1062 838 1162 905 super
1185 838 1278 884 suam
1294 821 1463 886 sinistram
1479 817 1521 886 ad
1537 823 1650 886 tumu-

430 933 499 998 lum
523 932 577 996 vel
600 931 641 996 ad
664 931 835 996 feretrum.
1519 1007 1522 1014 Ι

520 1040 595 1104 313.
620 1039 654 1104 Si
677 1036 820 1102 cadaver
841 1036 995 1112 abluerit,
1019 1036 1180 1100 consistet
1202 1033 1243 1098 ad
1260 1035 1507 1100 extremitatem
1522 1034 1649 1101 tumuli

432 1149 520 1213 iuter
543 1150 671 1232 portam
696 1145 865 1210 Ecclesiae
887 1149 922 1208 et
944 1143 1109 1208 tumulum
1133 1145 1248 1229 ipsum,
1272 1142 1353 1208 licet
1376 1145 1554 1228 exsequiae
1582 1163 1648 1229 pro

434 1255 595 1340 Episcopo
618 1252 673 1317 vel
697 1251 900 1337 Presbytero
923 1251 1146 1316 celebrentur.
1173 1250 1230 1316 Sin
1253 1249 1360 1316 aderit
1383 1249 1536 1328 cadaver,
1561 1269 1649 1317 con·

432 1363 524 1427 sistet
550 1359 591 1425 ad
614 1365 713 1446 caput
736 1357 915 1428 cadaveris,
941 1357 1096 1424 incedens
1121 1378 1250 1443 semper
1284 1360 1374 1423 circa
1402 1359 1508 1443 ipsum
1538 1365 1573 1424 et
1604 1357 1648 1424 ad

433 1489 525 1534 suam
550 1469 729 1544 sinistram,
753 1465 858 1531 donec
880 1486 920 1530 eo
942 1466 1125 1531 devenerit.
1477 1521 1480 1528 .

520 1575 586 1640 315
609 1573 715 1648 Quum
744 1572 785 1638 ad
808 1573 927 1648 locum,
952 1593 1016 1656 quo
1040 1572 1193 1638 standum
1224 1573 1299 1649 erit,
1331 1574 1532 1659 pervenerit,
1564 1571 1650 1638 sub-

433 1683 526 1746 sistet
550 1689 583 1746 ot
605 1680 645 1746 ad
669 1700 762 1745 suam
785 1679 1045 1745 commoditatem
1071 1682 1193 1766 poterit
1217 1679 1332 1745 Crucis
1356 1679 1469 1766 pedem
1493 1681 1527 1746 in
1551 1681 1657 1770 pavi-¹

431 1795 542 1855 mento
566 1809 698 1875 ponere,
723 1807 859 1872 eamque
883 1795 1023 1872 utraque
1049 1807 1146 1853 manu
1171 1787 1356 1852 sustinebit.
1457 1781 1463 1794 '

518 1897 591 1960 315.
618 1897 689 1960 Non
713 1895 897 1960 movebitur
921 1893 1005 1966 inde,
1030 1896 1092 1960 nisi
1117 1895 1327 1960 absolutione
1351 1901 1496 1980 peracta.

520 2005 594 2068 316.
620 2003 653 2070 Si
677 2001 818 2068 cadaver
842 1999 1042 2068 efferendum
1068 2003 1112 2068 sit
1134 2001 1176 2068 ad
1199 2004 1444 2078 coemeterium,
1461 2001 1650 2088 proficisce-

433 2119 489 2176 tur
512 2110 552 2175 ad
577 2117 693 2175 nutum
717 2109 980 2186 Caeremoniurii‚
1004 2116 1037 2174 et
1063 2110 1145 2175 illuc
1174 2130 1274 2194 quum
1311 2112 1451 2186 venerit,
1484 2129 1518 2174 se
1551 2111 1650 2177 sistet

431 2218 470 2283 ad
495 2225 594 2305 caput
617 2216 796 2282 cadaveris.

520 2325 594 2390 317.
620 2325 656 2389 In
681 2323 788 2389 reditu
812 2323 852 2388 ad
876 2327 1057 2390 sacrarium
1082 2328 1150 2391 sive
1174 2347 1193 2390 a
1217 2327 1416 2394 coemeterio
1440 2325 1651 2392 6116611119-

433 2433 544 2510 clesia,
569 2431 726 2519 procedet
748 2433 801 2497 via
823 2433 968 2498 breviori
991 2432 1031 2498 ad
1064 2435 1245 2500 sacrarium
1279 2437 1394 2521 ipsum,
1419 2434 1526 2518 ibique
1558 2433 1649 2500 Oru-

433 2559 503 2604 cem
526 2540 668 2627 deponet
691 2545 725 2604 61
747 2541 851 2605 sacris
874 2540 1074 2607 indumentis
1098 2549 1253 2607 exuetur.

518 2648 593 2713 318.
617 2647 674 2714 Siu
697 2647 861 2713 absolutio
885 2647 980 2714 fieret
1003 2669 1104 2734 super
1127 2670 1271 2736 pannum
1296 2652 1428 2736 nigrum
1458 2649 1514 2714 vel
1546 2669 1648 2736 super

432 2757 596 2823 tumulum
619 2760 697 2820 ante
720 2755 838 2820 Altare
861 2762 1018 2834 erectum,
1042 2759 1203 2824 consistet
1227 2758 1267 2823 ad
1285 2759 1414 2824 laevam
1437 2756 1647 2823 celebrantis

432 2867 465 2930 in
489 2866 588 2951 plano
611 2884 631 2929 a
653 2882 757 2929 cornu
780 2863 960 2950 Epistolac.

521 2972 595 3037 219.
621 2970 810 3036 Celebranti
834 2972 1005 3038 incensum
1028 2975 1061 3037 111
1085 2973 1294 3039 thuribulum
1325 2973 1489 3058 ingerenti
1521 2991 1648 3058 appro-

436 3079 608 3165 pinquabit
629 3078 839 3143 dextrorsum
866 3085 900 3144 91
922 3078 1082 3145 fimbriam
1106 3081 1262 3167 pluuialis
1286 3080 1453 3150 sustollet.

519 3187 594 3252 320.
620 3184 826 3252 Conscendet
849 3187 1094 3273 suppedaneum
1128 3209 1202 3254 cum
1236 3187 1444 3262 celebrante,
1473 3188 1574 3253 stabit
1605 3187 1647 3254 ad

433 3295 599 3359 sinistram
624 3295 693 3358 eius
717 3313 897 3359 conversus
921 3294 961 3358 ad
985 3296 1151 3361 tumulum
1175 3297 1245 3360 sive
1269 3294 1309 3359 ad
1333 3315 1476 3381 pannum
1500 3295 1645 3380 nigrum,

433 3421 532 3485 qurum
556 3407 752 3486 aspergetur
775 3407 809 3466 et
832 3400 1086 3468 thurificabitur.

520 3511 593 3577 321.
620 3511 700 3576 Post
723 3512 945 3596 aspersionem
969 3519 1003 3576 et
1025 3511 1305 3578 thurificationem
1329 3507 1546 3577 convertetur
1570 3531 1646 3576 curn

432 3619 630 3685 (1919116116
653 3618 692 3684 ad
717 3618 844 3694 Altare,
868 3625 902 3684 et
925 3620 1025 3683 stabit
1048 3619 1089 3684 ad
1112 3621 1242 3686 laevam
1276 3621 1346 3685 eius
1369 3619 1446 3685 dum
1480 3623 1646 3683 canentur

433 3746 548 3812 preces
571 3735 605 3792 et
627 3729 743 3792 oratio.

520 3833 595 3898 322.
621 3834 790 3919 (lompleta
813 3834 1030 3910 absolutione,
1055 3835 1233 3902 descendet
1263 3856 1337 3901 cum
1372 3833 1572 3901 celebrante
1607 3832 1648 3898 de

435 3945 555 4020 Alteri,
580 3949 615 4008 et
637 3943 726 4008 iacta
748 3943 789 4008 ad
812 3943 897 4008 illud
920 3941 1161 4029 genuflexione,
1187 3966 1260 4011 cum
1292 3964 1331 4009 eo
1365 3941 1483 4008 redibit
1518 3940 1559 4006 ad
1591 3961 1648 4008 sa·

433 4053 587 4129 crarium,
613 4049 666 4116 ubi
690 4059 800 4116 vestes
824 4070 934 4116 sacras
958 4051 1109 4136 deponet.
