4175 5717
522 734 583 797 lte
969 753 1035 799 ure.
1061 751 1107 800 iv.

433 861 607 930 oramentiz
631 861 717 926 duae
740 861 893 924 laternae
926 861 1069 924 maiores
1093 860 1232 924 hastiles
1263 862 1358 925 vitris
1393 859 1532 924 clausae
1555 855 1602 942 (a)
1626 857 1660 922 in

429 968 548 1050 quibus
570 965 681 1032 claudi
705 967 807 1051 possit
830 965 971 1050 candela
993 985 1102 1040 cerem
1126 966 1272 1042 ltituale,
1299 967 1353 1031 vel
1376 965 1527 1040 libellus,
1544 965 1578 1029 in
1593 981 1658 1048 quo

432 1074 473 1137 ad
496 1075 654 1138 maiorem
679 1073 944 1138 commoditatem
969 1074 1013 1137 sit.
1043 1074 1267 1159 transcriptus
1298 1075 1383 1138 ritus
1414 1071 1660 1138 communionis

433 1179 650 1257 intirmorum,
676 1182 768 1245 utin
791 1181 861 1263 ipso
886 1179 1023 1255 ltituali3
1048 1179 1328 1264 superpelliceum
1360 1199 1436 1246 cum
1471 1179 1561 1244 stola
1593 1177 1660 1242 albi

433 1286 565 1361 coloris,
592 1286 703 1350 velum
725 1285 902 1351 humerale
925 1284 993 1350 albi
1016 1285 1149 1360 coloris,
1175 1305 1279 1372 parva
1302 1287 1388 1372 pixis
1405 1304 1482 1350 cum
1503 1283 1662 1370 operculo

433 1403 467 1457 et.
490 1403 583 1458 veste
606 1396 714 1458 serica
736 1393 805 1457 albi
827 1393 962 1466 coloris,
987 1393 1223 1458 baldachinum
1247 1400 1391 1477 quatuor
1414 1393 1521 1458 hastis
1538 1392 1661 1458 instru-

434 1505 535 1572 ctum,
561 1500 615 1564 vel
640 1501 740 1564 etiam
765 1498 912 1564 umbella
935 1499 1058 1564 coloris
1082 1498 1160 1574 albi;
1185 1517 1321 1565 necesse
1339 1505 1391 1564 est
1406 1499 1507 1564 etiam
1525 1501 1565 1562 ut
1579 1495 1663 1562 adsit

433 1605 544 1670 altera
567 1605 715 1671 umbella
738 1607 843 1670 maior
866 1617 1025 1692 cooperta
1052 1627 1095 1672 ex
1126 1613 1221 1692 parte
1253 1608 1418 1692 superiori
1445 1604 1517 1670 tela
1551 1611 1664 1670 cerata

434 1712 502 1776 albi
525 1712 660 1788 coloris,
686 1713 713 1776 si
736 1714 941 1797 contingerit
964 1719 1002 1777 ut
1024 1712 1129 1799 pluat;
1155 1715 1234 1778 iteru
1258 1715 1348 1799 opus'
1364 1717 1417 1778 est
1440 1711 1544 1778 bursa
1559 1711 1665 1776 serica

434 1817 503 1882 albi
526 1818 649 1884 coloris
673 1839 748 1884 cum
772 1819 942 1884 resticulis
966 1819 1057 1884 collo
1081 1817 1285 1905 imponendis
1309 1817 1351 1883 ad
1373 1814 1581 1882 afferendum
1604 1817 1666 1903 pri·

437 1926 541 1988 vatim
567 1925 624 1990 SS.
649 1926 818 1990 Viaticum
842 1933 877 1990 et
901 1944 967 1989 una
990 1925 1047 1990 vel
1070 1925 1155 1990 duae
1179 1925 1331 1990 laternae
1354 1945 1455 1990 manu
1474 1921 1664 2010 gestandae.

523 2034 553 2096 4.
579 2032 613 2097 Si
630 2031 739 2097 aderit
756 2033 1024 2098 confraternitas
1048 2032 1221 2106 laieorum,
1238 2053 1322 2115 quae
1339 2033 1519 2098 comitetur
1535 2029 1593 2096 SS.
1611 2029 1665 2096 Sa·

434 2145 654 2214 crementum,
680 2139 971 2223 praeparabuntur
993 2139 1083 2204 sacci
1106 2138 1305 2204 induendis
1335 2123 1577 2204 confratribus.
1629 2223 1631 2228 Ι

522 2245 552 2308 5.
580 2244 673 2328 Opus
697 2255 749 2311 est
772 2247 871 2311 etiam
896 2249 1045 2312 canistro
1070 2246 1214 2331 oblongo
1230 2266 1305 2311 cum
1322 2245 1508 2322 manubrio,
1533 2263 1598 2328 quo
1618 2263 1666 2310 re·

434 2360 602 2440 ponantur
625 2375 680 2418 res
704 2356 915 2420 necessariae
932 2356 965 2419 in
982 2355 1268 2419 administratione
1287 2354 1419 2430 viatici,
1438 2355 1466 2418 si
1482 2353 1664 2418 necessitas

437 2471 537 2544 cogat
559 2461 600 2526 ad
627 2461 867 2526 immorandum
892 2463 924 2526 in
949 2461 1046 2526 domo
1069 2460 1191 2526 infirmi
1216 2469 1353 2547 propter
1381 2461 1516 2526 nimiam
1548 2457 1669 2526 distan-

438 2567 516 2630 tiam
539 2567 606 2632 loci
629 2569 685 2632 vel
709 2570 938 2652 intemperiem
961 2569 1056 2636 coeli.

526 2674 559 2737 o.
585 2673 693 2748 Quum
718 2674 937 2740 deserendum
967 2677 1033 2741 erit
1065 2675 1121 2742 SS.
1154 2677 1336 2752 Viaticum,
1371 2677 1503 2760 signum
1536 2667 1668 2740 dabitur

437 2799 598 2864 campana
621 2780 796 2856 ecclesiae,
814 2783 909 2846 iuxta
925 2802 1050 2847 morem
1075 2785 1336 2867 uniuscuiusque
1352 2781 1429 2848 loci.
1446 2781 1592 2848 Praeter
1611 2781 1671 2846 Pa·

438 2887 586 2962 rochum,
611 2888 682 2952 sive
705 2888 809 2952 aliunr
834 2888 1059 2964 Sacerdotem,
1077 2890 1133 2972 qui
1156 2891 1229 2954 vice
1247 2891 1319 2955 eius
1334 2889 1509 2974 iungatur,
1525 2887 1670 2954 aderunt
1733 2971 1738 2982 Ι

438 3001 506 3056 tres
530 3001 717 3075 quatuorve
741 2995 857 3059 elerici
888 3015 962 3059 cunr
995 2996 1257 3081 superpelliceis,
1283 3015 1364 3080 quos
1393 2993 1551 3082 supplere
1584 2999 1671 3080 pote

439 3106 520 3165 runt
543 3101 733 3166 confratres
757 3120 854 3166 sacco
877 3101 994 3177 induti,
1020 3105 1048 3167 si
1072 3103 1188 3168 clerici
1211 3102 1394 3188 supradicti
1417 3101 1564 3168 deerunt
1579 3119 1672 3188 prae·

439 3209 554 3272 sertim
572 3209 605 3272 in
622 3210 784 3293 paroeciis
801 3210 982 3276 ruralibus.
999 3211 1196 3277 (lont'ratres
1212 3210 1466 3294 convenientin
1483 3207 1670 3284 ecclesiam:

439 3335 479 3379 ac
503 3317 531 3380 si
555 3315 822 3381 Confraternitas
846 3316 963 3390 deerit,
988 3317 1152 3382 invitandi
1176 3325 1278 3380 erunt
1300 3315 1358 3381 alii
1374 3315 1536 3390 homines,
1554 3313 1673 3400 quibus

440 3420 618 3486 tradentur
642 3424 814 3488 intorticia
837 3423 894 3487 vel
917 3422 1079 3488 candelae
1102 3430 1137 3489 et
1159 3422 1287 3488 duobus
1311 3443 1427 3488 eorum
1450 3421 1538 3488 duae
1562 3441 1676 3508 supra·

442 3527 551 3593 dictae
575 3528 730 3594 laternae
753 3530 893 3595 hastiles
917 3550 993 3596 cum
1017 3529 1166 3596 candelis
1189 3530 1349 3595 accensis.
1374 3528 1438 3596 Uni
1464 3547 1509 3594 ex
1544 3527 1676 3594 confra-

441 3635 549 3700 tribus
575 3636 629 3700 vel
654 3637 752 3702 etiam
776 3636 902 3702 clerico
925 3638 1080 3703 tradetur
1103 3639 1310 3724 campanula,
1336 3641 1370 3702 et
1393 3635 1579 3722 diligenter
1596 3633 1678 3702 indi·

444 3743 577 3808 cabitur
599 3744 716 3808 domus
740 3743 871 3819 infirmi,
891 3744 1051 3828 siquidem
1069 3755 1156 3810 esset
1172 3765 1276 3829 grave
1293 3742 1546 3818 incommodum,
1564 3743 1677 3828 siqua

443 3851 674 3933 aequivocatio
693 3852 915 3934 contingeret,
930 3854 1108 3938 praecipue
1125 3855 1159 3917 in
1176 3852 1347 3938 paroeciis,
1360 3869 1445 3934 quae
1460 3849 1533 3916 late
1549 3855 1677 3936 patent

442 3957 543 4022 Alter
566 3957 713 4022 clericus
736 3959 878 4043 accipiet
901 3961 1075 4024 vasculum
1099 3978 1205 4043 aquae
1228 3965 1364 4024 sanctae
1380 3977 1457 4024 cum
1472 3957 1678 4044 aspersorio,

443 4066 532 4131 alter
555 4064 690 4130 bursam
714 4085 789 4130 cum
813 4066 982 4150 corporali
1006 4075 1040 4131 et.
1064 4065 1301 4152 purificatorio,
1321 4062 1488 4130 tobaleam
1504 4063 1682 4152 explican-

446 4172 521 4236 dam
545 4192 646 4256 super
670 4192 816 4237 mensam
842 4174 875 4236 in
899 4172 995 4236 donro
1019 4171 1140 4237 infirmi
1164 4179 1197 4236 et
1225 4171 1370 4242 Rituale;
1395 4171 1519 4236 tertius
1549 4171 1592 4238 ad
1624 4171 1683 4238 Al·

443 4284 527 4355 tare,
551 4281 585 4343 in
610 4301 674 4363 quo
699 4280 908 4345 custodietur
931 4279 987 4344 SS.
1014 4280 1277 4354 Sacramentum,
1295 4278 1591 4344 deferetalterum
1610 4299 1684 4346 con·

515 4513 557 4580 (a)
578 4514 725 4569 Laternae
754 4512 875 4568 hostiles
899 4512 1143 4584 praescribuntur
1168 4531 1184 4566 a
1208 4511 1340 4570 Concilio
1368 4513 1503 4568 Romano
1531 4513 1639 4572 habito
1667 4531 1685 4572 a

445 4603 525 4656 Sum.
547 4603 630 4658 Pont.
650 4603 812 4660 Benedicta
832 4602 901 4661 Xlll
921 4619 998 4658 aurio
1017 4603 1135 4659 Domini
1156 4605 1231 4660 1725.
1253 4604 1292 4660 tit.
1313 4604 1370 4660 XV
1390 4617 1453 4676 cap.
1474 4603 1541 4661 Vll.
