4175 5717
529 975 591 1044 150
982 993 1048 1044 uus.
1075 989 1109 1043 11.

438 1104 586 1170 cantabit
609 1105 850 1173 Procedcmus
872 1104 912 1171 in
930 1123 1030 1187 pace:
1056 1104 1179 1170 chorus
1204 1098 1417 1188 respondebit
1445 1095 1490 1168 In
1520 1093 1645 1169 nomme

441 1213 580 1280 Christi.
606 1213 728 1280 Amen.
780 1255 784 1262 -

526 1319 579 1384 55.
604 1320 765 1406 Acolythi
789 1341 829 1386 ac
851 1321 1091 1386 thuriferarius
1115 1320 1156 1385 ad
1179 1318 1299 1385 Altare
1322 1315 1559 1404 genuflectent,
1580 1334 1642 1382 con·

438 1433 615 1492 vertentur
638 1427 678 1493 ad
703 1448 820 1494 navem
844 1430 1033 1514 primariam
1059 1428 1231 1505 ecclesiae,
1256 1431 1291 1492 et
1313 1427 1444 1493 initium
1473 1423 1638 1512 processio-

440 1536 490 1598 nis
515 1533 572 1599 fiet
594 1554 678 1619 quae
701 1534 910 1601 ordinabitur
934 1536 1085 1620 sequenti
1110 1537 1249 1601 ratione.

525 1643 578 1708 56.
604 1644 864 1710 Thuriferarius:
890 1643 1118 1711 subdiaconus
1142 1644 1283 1710 (trucem
1306 1648 1443 1728 gestans
1468 1639 1634 1708 interlice-

435 1749 551 1836 lythos
575 1771 649 1816 curn
674 1751 884 1818 candelabris
908 1754 1068 1819 accensis:
1103 1757 1258 1819 cantores
1289 1755 1383 1816 veste
1418 1749 1521 1816 talari
1542 1755 1573 1816 et
1597 1735 1634 1813 su

436 1859 631 1944 perpellicio
654 1858 770 1937 induti,
795 1862 850 1944 qui
867 1861 1051 1926 cantabunt
1066 1861 1280 1946 antiphonam
1298 1858 1448 1926 Adana
1465 1859 1632 1926 ababa*

437 1973 499 2032 etc.
526 1973 560 2032 et
584 1967 729 2050 reliquas
753 1969 917 2055 deinceps,
942 1988 1005 2034 nec
1028 1967 1241 2034 sustinebunt
1272 1966 1445 2032 candelam
1476 1981 1631 2033 accensam¹

437 2074 553 2140 clerici
578 2075 760 2153 seminarii
790 2075 998 2142 Beneficiarii
1029 2097 1089 2143 seu
1119 2076 1346 2142 Mansionarii:
1383 2075 1541 2142 Gauonici
1567 2075 1632 2139 inca·

436 2181 551 2247 dentes
576 2203 688 2249 omnes
712 2183 789 2260 bini,
814 2186 906 2251 acsi
931 2204 994 2269 quo
1019 2187 1053 2250 in
1077 2191 1175 2251 coetu
1199 2205 1242 2249 ex
1260 2183 1460 2270 supradictis
1472 2182 1577 2269 dispar
1590 2198 1632 2246 ru·

436 2309 548 2355 merus
571 2297 669 2368 esset,
696 2289 849 2357 ultimum
872 2312 932 2378 par
955 2292 1122 2359 constabit
1145 2313 1164 2358 e
1190 2293 1308 2358 tribus.
1341 2291 1411 2356 Nisi
1442 2290 1586 2357 Ecclesia
1601 2287 1631 2352 sit

436 2397 617 2482 collegiata
639 2406 699 2465 aut
722 2400 935 2479 cathedralis,
960 2401 1018 2467 sed
1034 2421 1233 2467 numerosus
1250 2401 1294 2465 sit
1306 2398 1442 2476 CleruS,
1459 2389 1552 2485 primi
1566 2397 1631 2462 inca

433 2505 512 2570 dent
536 2508 692 2584 iuniores,
717 2510 875 2593 postremi
906 2509 1022 2575 ordine
1054 2529 1114 2575 suo
1144 2508 1359 2592 antiquiores.
1393 2505 1568 2573 candelam
1592 2519 1630 2588 gt

434 2612 571 2678 stabunt
594 2612 734 2680 dextera
758 2617 813 2699 qui
836 2615 1052 2682 dextrorsum
1076 2615 1240 2693 incedent,
1266 2620 1300 2681 et
1323 2615 1459 2679 sinistra
1490 2614 1543 2699 qui
1569 2609 1629 2676 sini·

434 2727 611 2799 strorsum,
628 2723 739 2788 altera
754 2744 854 2788 mauu
869 2723 1013 2790 biretum
1030 2724 1252 2789 sustinebunt.
1267 2722 1561 2794 Gaeremouiarius,
1573 2717 1628 2784 tun

306 2843 309 2848 '
434 2827 642 2893 ordinabitur
664 2833 844 2916 processio,
869 2833 1080 2918 inpromptu
1104 2831 1239 2897 habebit
1271 2831 1416 2895 biretum
1448 2824 1628 2895 celebrantis

434 2942 467 3000 et
491 2937 637 3015 Diaconi;
663 2946 697 3003 et
720 2959 819 3022 quum
845 2939 1026 3004 celebrans
1051 2960 1126 3004 curn
1155 2939 1300 3003 Diacono
1331 2935 1496 3023 proficisci
1526 2934 1626 3006 debat

433 3043 550 3109 innuet
573 3047 620 3109 eis
645 3053 683 3110 ut
706 3045 920 3134 descendant,
947 3048 1002 3131 qui
1026 3047 1067 3111 de
1091 3046 1201 3111 Altari
1218 3053 1391 3130 postquam
1412 3042 1626 3112 descenderint,

433 3150 699 3237 genuflexionem
723 3153 778 3219 uel
803 3157 1026 3220 reverentiam
1051 3154 1094 3219 ibi
1119 3152 1305 3219 conficient:
1331 3153 1497 3218 Diaconus
1517 3148 1627 3235 accipiet

434 3260 642 3327 Celebrantis
665 3262 808 3327 biretum
840 3264 935 3346 eique
958 3263 1080 3339 tradet,
1113 3260 1231 3326 deinde
1263 3281 1359 3325 suum
1390 3261 1536 3346 recipiet
1564 3255 1626 3322 idem

432 3370 676 3453 processionem
701 3389 842 3453 sequens
866 3369 1011 3435 adstubit
1035 3369 1226 3435 Celebranti
1255 3370 1494 3444 sinistrorsum,
1518 3385 1555 3432 ac
1576 3371 1626 3430 tun

432 3475 501 3561 ipse
524 3483 594 3541 tum
620 3478 801 3543 celebrans
824 3485 923 3564 caput
947 3478 1055 3542 bireto
1079 3477 1284 3562 cooperient.

520 3582 573 3648 57.
598 3586 771 3651 Processio
796 3584 852 3650 fiet
875 3606 934 3671 per
958 3586 1135 3651 ecclesiam
1160 3585 1214 3649 rel
1232 3590 1331 3649 extra
1347 3586 1461 3669 ipsam,
1479 3585 1627 3649 iuxtaue

431 3709 501 3755 rern
525 3692 591 3756 loci
616 3695 727 3778 ipsius.
753 3693 787 3759 Si
812 3694 967 3759 transibit
991 3701 1069 3758 ante
1101 3693 1220 3758 Altare
1252 3692 1308 3757 SS.
1342 3691 1557 3768 Sacramenti,
1583 3703 1627 3773 gt·

431 3796 634 3864 nuflectetur
656 3800 697 3865 ab
721 3802 882 3878 omnibus,
907 3810 1048 3887 excepto
1074 3800 1282 3866 Subdiacono
1317 3800 1458 3865 Crucem
1489 3799 1625 3886 gestante.

431 3904 520 3970 lllud
543 3907 735 3983 notandum,
760 3907 845 3992 quod
870 3910 896 3972 si
920 3908 1006 3995 apud
1031 3910 1159 3972 minora
1183 3908 1316 3973 Altaria
1332 3907 1548 3974 celebrentur
1569 3902 1625 3970 ll'u·

431 4035 486 4078 sae
510 4014 629 4091 lectae,
655 4035 719 4079 uon
745 4021 797 4080 est
820 4016 982 4100 pulsanda
1006 4015 1203 4101 campanula
1227 4015 1267 4081 ad
1292 4015 1445 4084 Sanctus
1475 4002 1626 4100 nequead

431 4122 661 4199 elevationem,
687 4143 727 4187 ne
753 4123 872 4188 Olenus
896 4122 1101 4209 genuflectat
1129 4144 1194 4189 neu
1226 4126 1394 4211 processio
1423 4125 1626 4210 abrumpatur.

432 4231 464 4296 Si
489 4236 587 4296 extra
611 4231 785 4296 ecclesiam
810 4232 923 4309 exibit,
949 4253 1062 4299 omnes
1086 4234 1194 4298 bireto
1219 4234 1411 4319 cooperient
1427 4239 1537 4320 caput,
1557 4243 1629 4296 exce

430 4340 495 4424 ptis
519 4337 735 4410 Subdiacono‚
760 4339 947 4425 Acolytlris,
973 4341 1191 4406 thuriferario
1216 4340 1542 4407 etCaeremoniario.
1559 4333 1629 4405 Side

430 4445 572 4511 ecclesia
604 4466 669 4511 non
703 4445 905 4530 egredietur,
930 4468 1043 4514 omues
1076 4450 1183 4535 eapite
1216 4449 1341 4515 nudato
1373 4450 1479 4527 ibunt,
1511 4449 1630 4532 excepto

430 4553 629 4618 Celebrante
654 4559 687 4619 et
711 4553 866 4618 Diacono.

515 4660 568 4726 58.
593 4659 654 4727 Ubi
677 4663 845 4747 processio
869 4662 908 4728 de
933 4662 1043 4727 Altari
1069 4664 1277 4741 abscesserit,
1303 4664 1453 4731 Sacrista
1476 4685 1551 4732 cum
1571 4662 1633 4729 cle-

428 4767 505 4831 ricis
528 4767 786 4834 inservientibus
810 4771 978 4835 cussinum
1003 4770 1116 4836 album
1141 4778 1176 4837 et
1199 4772 1335 4837 Missale
1359 4793 1434 4838 cum
1459 4777 1634 4859 tegumento

427 4874 525 4938 simili
549 4876 729 4974 substituet
751 4876 911 4954 violace0,
936 4878 1022 4962 quod
1046 4886 1121 4945 erat
1145 4886 1253 4957 antea
1278 4887 1419 4966 reponet
1442 4880 1582 4948 tabellas
1597 4896 1637 4944 se·
