4175 5717
520 769 586 832 :tto
983 785 1049 834 ms.
1074 787 1095 834 1.

521 895 594 961 131.
618 894 824 970 Abstersum,
845 901 887 958 ¹ut
916 913 1026 979 supra,
1060 894 1197 960 calicem
1226 896 1361 962 sinistra
1391 900 1519 962 statuet
1548 899 1654 962 extra

430 1003 615 1090 corporale,
638 999 901 1088 purificatorium
924 1020 1025 1087 super
1048 1021 1124 1068 eum
1148 1001 1318 1081 extendet,
1340 1008 1506 1092 patenam,
1530 1001 1655 1070 deinde

432 1113 554 1198 pullam
577 1110 833 1194 superimponet
857 1113 1000 1193 utraque
1016 1128 1116 1176 manu
1133 1109 1345 1196 complicabit
1367 1109 1551 1198 corporale,
1566 1109 1655 1176 bur-

430 1241 499 1286 sam
522 1220 657 1284 sinistra
678 1218 817 1303 accipiet
839 1221 875 1283 et
897 1223 1023 1284 rectam
1053 1218 1221 1283 sustinens
1245 1219 1280 1283 in
1304 1217 1414 1284 Alteri
1445 1219 1653 1302 sinistraque

429 1347 501 1393 oum
531 1326 681 1412 paullum
711 1325 940 1410 comprimens,
965 1331 1004 1390 ut
1034 1325 1167 1391 facilius
1198 1326 1378 1411 aperiatur,
1406 1324 1585 1412 corporale
1616 1323 1653 1388 in

430 1437 523 1501 illam
542 1434 682 1500 dextera
696 1431 840 1510 inducet,
853 1434 1021 1519 ipsamque
1037 1433 1207 1518 relinquet
1219 1435 1252 1499 in
1264 1434 1365 1521 pleno
1378 1433 1516 1502 Altaria:
1533 1433 1651 1500 velum

430 1548 537 1610 sumet
559 1541 710 1618 dextera,
734 1539 916 1625 explicabit
941 1543 1041 1608 etiam
1073 1561 1172 1608 manu
1203 1543 1350 1622 sinistra,
1374 1549 1474 1628 atque
1505 1545 1654 1630 utraqm

431 1669 530 1716 manu
554 1648 692 1714 calicem
722 1649 793 1734 ipso
825 1650 1005 1735 cooperiet:
1036 1670 1138 1734 super
1169 1649 1309 1716 calicem
1339 1649 1474 1716 bursam
1504 1649 1656 1736 imponet

431 1761 478 1824 ita
493 1763 532 1823 ut
546 1757 618 1822 eius
633 1761 793 1842 apertura
808 1756 853 1821 sit
867 1754 909 1821 ad
924 1762 1042 1843 pectus
1056 1756 1247 1823 Sacerdotis
1260 1775 1433 1835 conversa,
1446 1755 1656 1842 calicemque

431 1866 494 1930 boc
517 1863 613 1928 modo
636 1867 828 1949 coopertum
852 1864 948 1930 sistet
972 1865 1005 1929 in
1030 1863 1138 1930 medio
1161 1864 1282 1943 Alteri,
1307 1870 1346 1931 ut
1369 1885 1413 1930 ex
1435 1871 1531 1952 parte
1552 1867 1656 1930 ante-

433 1973 513 2037 riori
536 1971 666 2056 penitus
690 1971 912 2056 cooperiatur.

523 2078 595 2144 132.
620 2079 671 2143 Ita
699 2077 856 2164 disposito
886 2079 921 2142 in
953 2077 1060 2144 medio
1085 2079 1199 2145 Alteri
1230 2077 1347 2158 calice,
1367 2077 1467 2144 vadet
1488 2079 1523 2144 in
1546 2097 1657 2144 cornu

433 2186 613 2273 Epistolae,
637 2186 824 2270 iunctisque
847 2186 999 2252 manibus
1023 2207 1042 2253 e
1066 2187 1196 2253 Missali
1218 2187 1312 2273 leget
1334 2191 1366 2261 i.
1393 2187 1625 2256 conmenta·

524 2294 595 2359 133.
620 2292 655 2358 Si
677 2295 829 2359 minister
851 2294 1088 2361 transferendo
1112 2295 1245 2361 Missali
1269 2314 1330 2380 par
1354 2314 1420 2361 non
1436 2301 1534 2374 esset,
1550 2294 1659 2362 faciet
1704 2327 1707 2332 ·

432 2404 500 2488 ipse
516 2421 575 2488 per
597 2421 632 2466 se
656 2400 849 2478 Celebrans,
862 2407 901 2467 ut
915 2402 956 2468 de
973 2401 1161 2489 Evangelio
1177 2401 1293 2487 paullo
1311 2407 1390 2468 ante
1405 2402 1510 2470 locuti
1526 2421 1656 2480 sumum

431 2509 586 2575 advertet
607 2514 729 2586 autem,
753 2509 840 2593 quod
862 2511 1031 2576 transiens
1057 2516 1136 2575 ante
1162 2509 1314 2588 Crucem,
1327 2511 1519 2576 reverentia
1533 2515 1587 2577 est
1602 2509 1657 2576 illi

434 2615 596 2683 facienda.
958 2665 965 2676 .

522 2725 593 2790 134.
618 2725 772 2791 Recitato
787 2730 820 2800 t.
840 2725 1054 2804 Communia,
1068 2725 1189 2792 redibit
1204 2727 1238 2791 in
1255 2725 1397 2792 medium
1414 2725 1543 2803 Altera,
1559 2745 1659 2792 oscu-

432 2832 558 2898 labitur
581 2833 676 2910 illud,
700 2852 735 2898 se
759 2837 935 2900 convertet
957 2832 998 2899 ad
1023 2834 1184 2919 populum
1216 2854 1318 2920 super
1349 2833 1516 2900 sinistram
1547 2851 1657 2911 sunm,

432 2941 520 3006 dicet
542 2941 714 3008 Dominus
742 2940 978 3009 vobiscumet
1003 2943 1115 3006 statim
1140 2941 1180 3006 ad
1206 2941 1342 3006 Missale
1371 2945 1573 3018 revertetur,
1600 2939 1658 3006 ubi

433 3048 522 3114 dicet
540 3048 688 3115 Oramus
702 3055 802 3133 atque
818 3051 985 3116 orationes
1003 3049 1166 3126 recitabit,
1181 3054 1218 3114 ut
1233 3050 1395 3135 principio
1408 3049 1538 3126 Missae,
1551 3049 1658 3114 ritum

434 3176 572 3222 servans
595 3156 637 3222 ibi
662 3155 878 3244 descriptum.

524 3263 595 3328 135.
621 3263 793 3340 Oratione,
818 3265 887 3329 sire
911 3263 1117 3329 orationibus
1141 3283 1215 3328 cum
1240 3282 1301 3329 sua
1324 3262 1540 3329 conclusione
1563 3263 1658 3330 reci·

433 3373 520 3447 tatis,
544 3372 680 3437 Missale
704 3371 844 3437 dextera
864 3370 1008 3444 claudet,
1025 3371 1205 3437 advertens
1229 3377 1267 3438 ut
1289 3370 1366 3436 libri
1391 3375 1551 3457 apertura
1574 3389 1660 3458 spe-

435 3485 504 3545 ctet
526 3478 567 3543 ad
591 3478 733 3544 medium
757 3480 897 3544 Altaris.

525 3586 597 3652 136.
623 3585 657 3651 Si
680 3585 769 3652 aliud
794 3586 1017 3673 Evangelium
1040 3606 1059 3651 e
1083 3585 1212 3652 Missali
1239 3586 1306 3651 erit
1335 3584 1523 3672 legendum,
1547 3583 1659 3650 relin-

436 3701 515 3780 quet
537 3693 622 3760 illud
645 3700 809 3780 apertum.

524 3802 595 3867 137.
621 3802 745 3867 iunctis
768 3800 843 3896 inde
870 3801 1021 3867 manibus
1053 3800 1094 3866 ad
1125 3799 1268 3866 medium
1299 3800 1427 3866 Altaria
1459 3797 1591 3876 redibit,
1617 3799 1672 3866 se'

435 3914 610 3978 convertet
626 3908 666 3974 ad
682 3909 841 3994 populum
857 3930 958 3995 super
974 3911 1153 3986 sinistram,
1165 3907 1253 3974 dicet
1269 3907 1442 3975 Domim
1458 3905 1653 3984 volumem,

436 4027 551 4107 postea
574 4018 693 4082 iunctis
719 4016 866 4082 manibus
892 4016 954 4093 Ita,
978 4016 1092 4084 Missa
1115 4024 1175 4084 est.
1200 4015 1235 4081 Si
1259 4014 1435 4081 dicendum
1459 4015 1523 4080 erit
1546 4013 1660 4082 Bene·

437 4129 596 4194 aimoinus
618 4125 776 4200 Domina,
800 4124 888 4190 dicet
911 4124 942 4189 id
966 4131 1040 4211 post
1064 4126 1236 4192 Dominus
1258 4123 1436 4192 achiacum
1470 4128 1505 4188 et
1535 4140 1658 4188 rursus

437 4257 535 4321 super
551 4236 719 4301 sinistram
742 4232 783 4298 ad
807 4233 926 4298 Altare
943 4252 1136 4310 conizersus.
1161 4233 1256 4298 Dicto
1273 4234 1375 4318 igitur
1392 4232 1443 4298 Ite
1458 4229 1575 4296 Missa
1591 4237 1657 4306 eat,

437 4364 456 4406 a
479 4344 620 4408 sinistris
645 4343 712 4407 suis
737 4345 953 4407 convertetur
976 4341 1017 4406 ad
1041 4341 1169 4418 Altare,
1187 4342 1220 4405 in
1237 4361 1301 4424 quo
1325 4339 1487 4425 impositis
1505 4337 1659 4404 manibus

437 4452 567 4526 iunctis,
592 4450 711 4536 regula
733 4450 798 4514 iam
821 4448 954 4525 tradita,
976 4451 1083 4534 capite
1107 4447 1269 4515 inclinato
1294 4446 1447 4513 recitabit
1471 4445 1659 4512 orationem

438 4557 580 4623 Pueear
603 4557 664 4623 tibi
685 4564 748 4623 etc.

527 4663 599 4727 138.
623 4666 744 4730 Postea
768 4664 918 4730 manibus
942 4662 1114 4730 disiunctis
1138 4669 1172 4727 et
1195 4661 1306 4728 Alteri
1328 4661 1500 4748 impositis,
1525 4617 1660 4726 oscula·
1726 4749 1730 4756 Ι
