4175 5717
525 662 569 722 ’δὲ
883 729 887 736 ,
983 673 1048 723 ms.
1073 674 1094 723 ι.

525 783 576 846 75.
601 781 652 847 Ad
676 780 934 847 benedictionem
965 801 1062 866 quam
1096 781 1275 847 Celebrans
1307 782 1504 867 impertitur,
1534 801 1643 866 genua

436 886 557 966 flectet,
581 889 728 973 exceptis
751 887 971 954 Praesulibus·
990 896 1026 953 et
1049 888 1222 955 canonicis
1246 890 1280 954 in
1303 909 1363 954 sua
1394 888 1555 954 Ecclesia.

524 997 577 1061 76.
601 994 652 1059 Ad
675 995 828 1060 ultimum
851 995 1072 1080 Evangelium
1096 995 1197 1061 stabit
1218 993 1365 1081 pedibus.
1536 987 1543 1002 '

524 1105 576 1168 77.
600 1103 638 1166 In
650 1103 755 1168 missis
767 1102 968 1168 solemnibus
980 1102 1153 1169 ferialibus
1165 1109 1255 1169 totus
1268 1102 1389 1169 Clerus
1400 1102 1544 1168 manebit
1555 1106 1645 1188 geni·

436 1212 497 1277 bus
509 1208 604 1276 flexis
616 1209 656 1275 ad
673 1212 839 1276 orationes
855 1218 926 1276 tum
940 1217 1018 1277 ante
1034 1211 1218 1298 Epistolam
1232 1221 1303 1277 tum
1315 1211 1356 1277 ad
1368 1214 1644 1294 postcommunio
1710 1279 1712 1284 .

437 1328 472 1384 et
494 1339 513 1383 a
536 1325 636 1383 cantu
661 1318 801 1403 Trisagii
817 1318 858 1383 ad
873 1324 980 1384 totum
996 1319 1079 1386 Pon
1093 1320 1234 1387 Domini
1248 1325 1312 1386 etc.
1330 1319 1438 1394 Quum
1454 1319 1645 1385 cantabitur

436 1432 468 1499 t.
492 1426 632 1492 Adiuoc
654 1444 718 1492 nos
740 1426 836 1493 Deus
859 1427 892 1491 in
916 1425 1028 1494 iisdem
1044 1428 1153 1493 Missis
1169 1447 1278 1513 genua
1293 1424 1406 1492 flectet
1421 1427 1462 1493 ad
1478 1428 1549 1491 eius
1569 1448 1646 1492 can·

435 1541 506 1598 tum
530 1553 596 1597 una
618 1552 692 1597 cum
709 1533 907 1599 Celebrante
919 1541 953 1599 et
965 1535 1137 1601 Ministris.
1155 1535 1206 1600 Ab
1222 1535 1285 1600 hac
1298 1534 1415 1619 regula
1431 1536 1644 1622 excipiuntur

436 1640 554 1706 Missae
577 1638 723 1716 feriales,
747 1659 830 1725 quae
853 1646 1001 1727 tempore
1023 1641 1173 1728 paschali
1195 1641 1420 1707 celebrantur.

523 1748 575 1810 78.
601 1747 742 1812 Notetur
763 1746 848 1813 illud
871 1749 957 1833 quod
980 1751 1013 1814 in
1031 1749 1181 1836 Epistola
1196 1759 1254 1814 aut
1270 1752 1304 1814 in
1316 1750 1500 1834 Evangelio
1515 1750 1645 1818 debebit

435 1855 572 1939 genibus
596 1855 812 1940 procumbere
835 1875 933 1939 quum
968 1855 1128 1940 quaedam
1158 1863 1323 1922 canentur
1353 1857 1465 1933 verba,
1489 1856 1530 1922 ad
1560 1878 1644 1940 quae
1692 1859 1696 1866 '

434 1959 621 2045 genuflexio
645 1962 892 2047 praescribitur.

510 2181 541 2260 ἓ.
565 2179 595 2242 5.
620 2175 670 2243 De
693 2178 805 2243 Missa
828 2179 974 2245 sonum
994 2179 1132 2246 duobus
1155 2179 1398 2247 assistentibus
1420 2181 1565 2247 curicis.

522 2396 573 2459 79.
599 2393 717 2459 Glerus
741 2390 1031 2476 adgeniculabitur
1050 2391 1091 2457 ad
1107 2393 1364 2469 Confessionem,
1382 2396 1529 2480 exceptis
1546 2394 1645 2459 Prae-

433 2501 560 2565 sulibus
584 2506 617 2564 et
640 2499 815 2564 Canonicis
839 2500 872 2563 in
896 2518 956 2563 sua
980 2498 1141 2575 Ecclesia,
1166 2501 1221 2583 qui
1245 2498 1380 2584 pedibus
1404 2499 1548 2565 stabunt.

520 2609 572 2671 80.
598 2606 705 2671 Stabit
727 2611 838 2670 autem
861 2604 902 2670 ad
925 2606 1113 2682 lutroitum,
1137 2614 1171 2671 et
1194 2604 1235 2670 ad
1257 2605 1377 2691 Kyme,
1394 2604 1499 2670 donec
1515 2626 1535 2670 a
1551 2606 1645 2672 Gela-

433 2715 550 2779 brante
573 2712 778 2778 recitabitur.
803 2712 932 2776 Poterit
954 2710 1085 2795 quidem
1109 2711 1224 2779 sedere
1248 2733 1348 2797 quum
1371 2718 1512 2777 canetur
1523 2713 1642 2799 Kpm'e.

519 2820 571 2884 81.
596 2817 647 2884 Ad
671 2820 908 2884 intonationem
931 2817 1047 2904 hymni
1074 2818 1196 2886 Gtoric
1217 2820 1255 2885 in
1278 2805 1426 2885 succisis
1441 2824 1484 2883 et
1503 2816 1643 2884 doneca

433 2927 630 2993 Celebrante
654 2926 860 3002 recitabitur,
885 2925 984 2990 stabit
1007 2924 1153 3010 pedibus.

520 3034 572 3097 82.
598 3031 786 3097 consident
809 3051 908 3114 quum
936 3031 1057 3098 Gloria
1080 3039 1231 3109 canetur,
1255 3040 1427 3117 postquam
1452 3034 1573 3099 sederit
1588 3036 1644 3100 Ge

432 3142 576 3206 lebrans.

519 3249 571 3312 83.
598 3247 704 3312 Stabit
716 3268 815 3331 quum
827 3247 1016 3311 cantabitur
1032 3247 1204 3314 Dominus
1219 3248 1395 3315 ‘uobiscum
1414 3235 1447 3314 et
1464 3251 1642 3316 orationes.

520 3358 572 3419 84.
597 3355 648 3419 Ad
671 3362 805 3420 cantum
828 3354 1007 3441 Epistolae‚
1032 3353 1208 3420 Gradualis
1231 3361 1290 3420 aut
1313 3356 1454 3420 Tractus
1478 3364 1540 3421 etc.
1569 3377 1644 3421 con·

432 3462 558 3528 sidebit.

520 3570 572 3634 85.
597 3565 648 3634 Ad
672 3569 891 3654 Evangelium
915 3565 1019 3635 donec
1043 3569 1245 3646 cantabitur,
1270 3569 1379 3635 stabit.

519 3678 571 3741 86.
598 3677 705 3750 Quum
728 3678 905 3762 incipietur
931 3677 1041 3743 Credo
1066 3677 1176 3753 stabit,
1201 3676 1319 3742 deinde
1343 3675 1469 3742 sedebit
1492 3680 1578 3743 sicut
1601 3680 1642 3746 ad

435 3785 556 3853 Gloria
578 3785 615 3850 in
638 3784 787 3849 eusebis
810 3784 1102 3850 animadvertendo
1125 3784 1212 3869 quod
1228 3786 1380 3869 superius
1396 3783 1518 3849 dictum
1535 3786 1642 3851 estad

432 3901 565 3957 cantum
590 3896 620 3964 t.
645 3890 689 3957 Et
711 3891 921 3957 incarnatus
945 3898 1007 3956 etc.

519 3999 571 4061 87.
596 3996 647 4061 Ad
670 3997 841 4063 Dominus
863 3997 1041 4065 vobiscum
1057 4007 1092 4063 et
1108 3999 1150 4064 ad
1169 3998 1317 4066 oremus
1333 4006 1412 4066 ante
1428 3996 1642 4067 offertorium

432 4104 532 4170 stabit
554 4101 698 4187 pedibus.

518 4209 571 4273 88.
596 4206 784 4275 Considebit
806 4208 846 4274 ab
871 4205 1049 4277 Offertorio
1074 4212 1240 4296 usquead
1266 4214 1336 4278 Per
1359 4214 1476 4280 omnic
1499 4217 1641 4281 soeculo

431 4325 508 4381 ante
532 4316 786 4380 Praefationem.

517 4424 569 4489 89.
595 4421 645 4487 Ad
669 4422 913 4487 Prasiai-ionem
948 4428 982 4488 et
1011 4424 1051 4488 ad
1085 4424 1271 4509 Trisagium
1302 4435 1492 4513 consurget,
1525 4427 1641 4494 deinde

430 4531 600 4594 submittet
623 4549 732 4611 genua
755 4549 857 4613 usque
881 4528 922 4593 ad
947 4529 1068 4594 Calicis
1092 4531 1311 4597 elevationem
1336 4534 1508 4600 inclusive.
