4175 5717
518 727 584 794 200
972 743 1037 794 nm.
1062 705 1106 793 it.

431 857 464 921 in
487 855 594 919 medio
617 855 724 919 inetur
757 851 830 919 iere
859 854 1039 940 pyramidis
1063 859 1166 929 extet;
1191 853 1231 919 ab
1256 871 1332 930 uno,
1360 861 1395 920 et
1428 849 1537 921 aiteio
1562 850 1642 922 item

430 965 539 1028 latore
561 962 730 1049 parvulos,
754 967 938 1046 tenuesque
972 964 1112 1027 uncinos
1142 961 1273 1039 habeat,
1304 962 1422 1046 quibus
1452 965 1487 1029 in
1518 964 1645 1029 circulo

429 1077 505 1156 apte
535 1066 737 1145 includatur,
773 1074 808 1134 et
840 1067 899 1134 ilat
932 1069 1109 1147 immobile;
1144 1072 1178 1135 in
1213 1087 1340 1135 summo
1375 1069 1468 1137 crux
1502 1070 1646 1156 parvula

431 1179 587 1242 emineat.
1162 1177 1165 1182 ’

520 1284 669 1353 Placete
692 1303 783 1349 more
813 1284 962 1350 Romano
986 1280 1074 1370 (nam
1098 1284 1317 1350 Ambrosiano
1350 1304 1422 1351 eam
1453 1284 1646 1351 describunt

432 1394 518 1458 Acta
532 1392 710 1459 Mediolan.
726 1391 911 1478 Ecclesiae)
928 1391 997 1457 late
1013 1396 1127 1477 pateat
1142 1392 1270 1458 cubitos
1283 1394 1418 1459 circiter
1429 1392 1523 1469 duos,
1545 1393 1646 1480 longe

432 1507 513 1577 tres,
537 1499 663 1577 Fascia,
688 1519 772 1584 quae
795 1500 851 1566 vel
874 1502 963 1566 assui
986 1499 1083 1577 solet,
1107 1501 1163 1566 vel
1187 1498 1345 1587 distingui
1369 1502 1558 1586 inipsamet
1572 1501 1648 1565 Pla·

432 1615 520 1685 neto,
544 1614 583 1674 ut
606 1607 788 1675 Columnae
811 1609 953 1694 speciem
975 1627 996 1672 a
1018 1612 1125 1692 tergo,
1149 1613 1184 1673 et
1207 1607 1323 1673 Crucis
1352 1612 1432 1673 ante
1461 1614 1578 1694 pectus
1601 1607 1647 1673 ei·

430 1714 544 1802 lingat,
568 1715 638 1781 late
661 1716 727 1780 erit
749 1716 854 1781 unciis
871 1721 946 1786 octo
962 1713 1003 1779 ad
1018 1716 1199 1790 minimum,
1215 1714 1359 1781 funiculi
1382 1714 1559 1793 addantur,
1587 1734 1645 1780 seu

431 1820 690 1888 lineaesericae
712 1823 810 1887 inea
832 1827 936 1907 parte,
961 1841 1025 1905 quo
1048 1827 1164 1906 pectus
1193 1823 1329 1907 tegitur,
1353 1824 1400 1887 ita
1430 1822 1584 1907 oblongo,
1608 1829 1648 1888 ut

430 1928 544 1995 reduci
567 1930 695 2014 possint
715 1933 795 1994 ante
816 1933 933 2015 pectus
949 1927 1200 1994 adfirmandam
1216 1928 1400 2006 Planetam,
1413 1949 1457 1994 ne
1480 1925 1605 2030 defluat
1626 1949 1647 1994 a

428 2044 484 2102 ter
509 2056 538 2101 o.

484 2055 678 2211 gPlum'alc
699 2141 742 2209 ad
764 2145 846 2209 imos
870 2161 974 2227 usque
995 2143 1085 2210 talos
1108 2143 1328 2230 protenditur,
1358 2144 1569 2230 longitudine
1591 2164 1648 2210 cu·

431 2253 574 2319 bitonum
597 2255 709 2326 trium,
726 2257 762 2317 et
784 2253 958 2317 unciarum
982 2254 1118 2317 circiter
1140 2272 1200 2318 sex
1224 2258 1391 2330 constans,
1405 2259 1441 2318 et
1462 2273 1522 2338 pro
1546 2256 1647 2320 semi-

307 2438 309 2442 ·
431 2361 551 2426 circuli
574 2362 705 2426 ratione
729 2358 798 2425 late
820 2365 947 2445 patens,
971 2379 992 2424 a
1015 2363 1110 2445 parte
1132 2361 1295 2430 anteriori
1318 2379 1338 2425 a
1370 2379 1498 2426 summo
1519 2360 1560 2426 ad
1583 2380 1648 2427 ex-

431 2475 585 2546 tremum,
609 2467 687 2532 hinc
710 2471 744 2531 et
767 2465 851 2542 inde,
864 2465 1084 2552 auriphrygio
1107 2465 1295 2542 decoratur,
1313 2486 1334 2531 a
1352 2468 1528 2552 posteriori
1551 2473 1646 2554 parte

431 2576 609 2661 caputium,
635 2581 755 2639 ornatu
778 2573 1043 2659 auriphrygiatO,
1056 2575 1111 2657 qui
1135 2575 1294 2639 anteriori
1315 2573 1646 2660 respondeathabet,

432 2681 576 2749 laciniae
606 2702 697 2759 vcro,
730 2683 794 2748 hoc
824 2689 885 2760 est,
920 2683 1084 2768 frangiae,
1108 2683 1257 2749 Romano
1286 2684 1375 2762 Ritu,
1407 2684 1546 2750 latiores
1575 2704 1649 2751 esse

429 2789 551 2855 debent
572 2791 699 2855 circum
721 2791 899 2876 caputium,
924 2790 1096 2856 breviores
1119 2792 1154 2854 in
1178 2792 1245 2855 oris
1279 2788 1443 2857 Pluvialis
1474 2793 1646 2867 extremis,

431 2896 534 2962 fibula
556 2897 717 2961 anteriori
741 2898 893 2962 connecti
917 2896 1015 2962 debet
1038 2897 1204 2972 Pluviale,
1229 2896 1348 2963 additis
1373 2895 1467 2972 binis,
1493 2916 1551 2963 seu
1574 2899 1648 2963 ter'-

433 3006 484 3069 nis
509 3006 639 3070 uncinis
662 3004 850 3091 majoribus,
874 3005 1003 3090 globuli
1027 3004 1175 3070 laciniati
1192 3003 1373 3091 pendentes
1390 3025 1410 3070 a
1426 3008 1558 3090 caputio
1581 3025 1647 3070 non

433 3119 513 3177 sunt
535 3113 676 3198 amplius
698 3114 732 3178 in
755 3133 818 3178 usu
842 3113 983 3179 Romani
1008 3111 1098 3177 Cleri
1121 3113 1314 3178 saecularis.
1401 3169 1404 3176 .

521 3220 697 3285 Pulvinor
716 3238 786 3302 pro
809 3220 951 3286 Missoli
971 3220 1107 3305 plenum
1125 3221 1174 3286 ,sit
1197 3238 1264 3284 non
1287 3219 1409 3305 pluma,
1436 3237 1545 3304 neque
1568 3219 1647 3286 lana

434 3328 583 3410 concisa,¹
600 3326 658 3391 sed
681 3326 760 3391 lana
783 3326 898 3404 solida,
923 3327 1042 3412 pilisve
1073 3328 1229 3403 cervinis,
1252 3327 1353 3412 longe
1384 3333 1497 3412 pateat
1523 3327 1647 3406 cubito,

434 3439 468 3498 et
489 3433 606 3518 paullo
627 3434 779 3518 amplius
804 3435 873 3500 late
897 3436 1002 3499 unciis
1026 3436 1161 3499 circiter
1191 3433 1304 3499 decem
1335 3439 1370 3499 et
1396 3440 1482 3510 octo,
1507 3440 1647 3500 ornetur

434 3541 468 3603 in
498 3546 641 3624 quatuor
673 3541 805 3626 angulis
835 3541 1001 3620 laciniatis
1023 3538 1185 3617 flocculis,
1209 3547 1244 3606 et
1273 3559 1373 3627 opere
1401 3540 1542 3627 simplici
1572 3561 1649 3608 con·

434 3653 565 3712 suatur.
654 3691 656 3696 .

523 3755 815 3842 Pcrificctoriam
836 3775 856 3822 e
878 3756 948 3822 tela
971 3776 1078 3841 neque
1100 3758 1204 3834 tenui,
1229 3775 1336 3841 neque
1359 3773 1473 3822 crassa
1494 3757 1591 3822 nimis
1613 3763 1649 3822 et

434 3864 573 3950 simplici
597 3865 742 3929 sitacus
765 3883 865 3949 opere
889 3864 1088 3930 coniectum:
1102 3862 1291 3929 'latitudine
1314 3864 1489 3928 unciarum
1513 3865 1649 3929 circiter

434 3969 615 4037 octodecim
644 3969 685 4036 ad
716 3972 896 4036 minimum:
917 3971 1129 4057 longitudine
1151 3970 1299 4046 totidem,
1323 3987 1386 4036 nec
1416 3988 1497 4036 vero
1528 3972 1648 4046 minus,

435 4080 468 4142 in
492 4076 598 4143 medio
623 4073 715 4143 Grux
738 4078 882 4164 parvula
904 4097 966 4143 aou
990 4079 1157 4164 pingatur.

524 4184 619 4252 Stolo
642 4205 717 4250 cum
740 4185 901 4250 Planetae
925 4185 1038 4250 colore
1061 4190 1237 4271 congruat,
1254 4191 1289 4249 et
1304 4186 1453 4263 materia,
1469 4186 1570 4270 longe
1586 4206 1648 4252 cu·

435 4292 512 4359 bitis
536 4294 670 4358 circiter
692 4313 762 4369 sen,
789 4300 825 4358 ut
848 4293 936 4358 inira
958 4313 1068 4378 genua
1084 4293 1297 4378 producatur:
1321 4292 1391 4357 late
1414 4300 1524 4358 autem
1542 4295 1647 4359 unciis

436 4421 497 4465 sex
519 4406 639 4486 pateat,
664 4400 815 4476 laciniae,
841 4420 899 4466 seu
916 4401 1068 4487 frangiae
1085 4403 1258 4466 unciarum
1273 4402 1376 4465 trium
1393 4402 1468 4466 sint:
1493 4407 1527 4466 et
1549 4415 1648 4487 prae·¹

436 4514 530 4572 terea
553 4507 676 4573 Cruces
699 4514 769 4574 tros
792 4506 833 4573 de
857 4528 947 4574 more
970 4515 1195 4575 annectantur
1217 4508 1332 4585 eidem,
1359 4510 1393 4572 in
1417 4508 1533 4585 medio,
1557 4514 1591 4573 et
1614 4510 1647 4573 in

437 4618 596 4682 extremis
630 4616 790 4700 pertibus,
820 4636 1056 4701 unaquaequae
1092 4618 1183 4682 Crux
1223 4617 1266 4680 sit
1296 4617 1422 4682 formae
1457 4616 1647 4697 quadratae,
