4175 5717
518 741 583 806 342
981 757 1046 808 xre.
1072 759 1094 806 1.

517 869 547 932 2.
571 869 661 932 Ante
684 867 812 943 Altare,
838 866 892 932 ubi
917 867 1019 932 Sacro
1043 869 1244 944 intererunt,
1268 865 1523 954 praeparabitur
1546 863 1654 932 faldi-

429 977 569 1040 storium
592 995 667 1040 cum
690 973 851 1060 pulvillis,
868 974 924 1040 rel
939 971 1207 1058 genuflexerium
1225 979 1332 1040 strato
1350 981 1385 1040 et
1399 973 1554 1062 pulvillis
1574 993 1657 1040 con·

430 1082 639 1148 venientibus
661 1089 828 1168 cooperto.
851 1079 886 1148 Si
909 1081 1025 1168 plures
1050 1081 1199 1146 Praelati
1224 1087 1333 1158 erunt,
1362 1083 1417 1166 qui
1450 1083 1524 1170 pari
1554 1078 1654 1147 modo

428 1189 615 1276 excipiendi
638 1191 714 1265 sint,
739 1194 908 1255 statuetur
930 1185 1199 1274 genuflexerium
1225 1207 1331 1274 capax
1354 1189 1511 1266 omnium,
1528 1189 1658 1255 instru-

431 1305 521 1363 ctum
544 1303 651 1363 strato
674 1303 797 1363 etcum
815 1295 969 1382 pulvillis
984 1296 1047 1362 sub
1061 1295 1200 1381 genibus
1217 1300 1251 1360 et
1267 1295 1410 1362 brachiis
1428 1295 1655 1382 singulorum.

520 1405 550 1469 3.
574 1403 682 1490 Super
704 1404 816 1478 abaco,
841 1403 897 1468 uel
920 1403 989 1468 alio
1011 1402 1143 1468 decenti
1167 1401 1253 1480 loco,
1277 1404 1310 1467 in
1333 1407 1490 1489 promptu
1515 1403 1584 1468 erit
1607 1403 1657 1466 in·

431 1518 651 1578 strumentum
674 1513 774 1598 pacis,
799 1512 852 1576 cui
875 1530 1056 1597 appensum
1080 1511 1144 1576 erit
1174 1509 1286 1575 velum
1317 1509 1459 1576 sericum
1490 1508 1656 1576 concolor

430 1625 708 1705 paramentorum.
732 1617 1029 1684 Animadvertatur
1053 1625 1174 1694 autem,
1192 1616 1278 1701 quod
1295 1617 1402 1682 malus
1419 1622 1471 1682 est
1487 1637 1570 1684 usus
1591 1635 1655 1704 pro

432 1728 653 1791 instrumento
676 1725 845 1812 praedicto
869 1727 917 1790 uti
941 1732 1071 1812 patena.
1096 1769 1104 1786 .

519 1838 549 1898 4.
575 1832 754 1899 eelebrens
778 1833 818 1899 ad
843 1833 962 1899 Altere
985 1833 1122 1900 accedet
1137 1833 1290 1919 paullulo
1313 1837 1401 1911 ante,
1419 1851 1519 1918 quam
1537 1851 1656 1920 super-

434 1943 546 2006 veniat
569 1941 756 2006 Praelatus:
782 1941 920 2006 calicem
943 1941 1157 2027 praeparabit
1172 1943 1205 2006 in
1223 1939 1338 2016 medio,
1356 1939 1492 2006 Missale
1510 1939 1653 2026 aperiet,

431 2047 549 2113 deinde
572 2069 591 2112 e
614 2047 721 2112 latere
746 2047 921 2134 Evangelii
952 2047 1132 2115 descendet
1155 2047 1195 2114 de
1226 2047 1347 2124 Alteri,
1379 2045 1654 2114 animadvertens

432 2161 470 2219 ut
493 2175 528 2220 se
551 2159 727 2220 convertat
749 2175 849 2240 super
872 2156 1040 2220 sinistram
1064 2175 1158 2220 suam
1181 2153 1258 2220 dum
1282 2152 1470 2231 descendet,
1483 2171 1655 2239 quumque

432 2263 464 2325 in
489 2262 625 2347 planum
648 2261 830 2338 devenerit,
854 2262 999 2326 manebit
1023 2262 1067 2326 ibi
1091 2263 1175 2328 facie
1200 2281 1317 2326 versus
1341 2279 1447 2326 cornu
1464 2251 1655 2346 ¹Epistolae

431 2389 602 2434 conversa.
634 2369 787 2434 Minister
818 2377 941 2446 autem,
973 2375 1011 2435 ut
1041 2369 1176 2446 assolet,
1208 2389 1229 2434 a
1259 2369 1402 2434 sinistris
1440 2365 1655 2434 celebrantis
1701 2379 1705 2388 “

431 2475 731 2561 abgeuiculabitur.
1647 2495 1652 2500 ·

517 2583 549 2648 5.
573 2583 795 2666 Posteaquam
818 2584 960 2649 Praesul
984 2585 1117 2649 venerit
1132 2583 1173 2648 ad
1188 2579 1453 2668 genuflexerium
1470 2591 1539 2648 'seu
1554 2581 1656 2650 faldi-

429 2692 579 2766 storium,
605 2690 786 2756 celebrans
808 2690 975 2777 profunda
990 2701 1066 2756 e'um
1084 2692 1273 2755 reverentia
1289 2689 1461 2766 salutabit,
1483 2708 1656 2776 quumque

430 2799 562 2881 signum
585 2796 626 2863 ab
649 2817 689 2862 eo
712 2797 839 2862 factum
863 2799 927 2864 erit
951 2804 989 2863 ut
1012 2797 1151 2863 Sacrum
1176 2795 1381 2874 exordiatur,
1398 2797 1657 2864 inclinationem

430 2903 471 2968 ad
494 2902 591 2968 illurn
615 2903 812 3000 profundam
835 2904 978 2982 iterabit,
1004 2912 1038 2971 ct
1062 2904 1137 2970 loco
1161 2923 1359 2990 permanens
1384 2902 1508 2982 eodem,
1531 2903 1658 2972 efficiet

428 3012 470 3076 ad
494 3012 633 3078 Crucem
658 3015 879 3078 reverentiam
902 3013 1114 3099 profundam,
1140 3013 1204 3090 vel,
1231 3015 1257 3077 si
1283 3015 1315 3077 in
1340 3012 1450 3078 Altari
1467 3013 1530 3079 illo
1546 3033 1660 3080 asser·

430 3118 563 3183 rabitur
586 3118 643 3184 SS.
669 3119 931 3197 Sacramentum,
955 3117 1233 3204 genuflexionem
1251 3140 1290 3186 ec
1306 3121 1457 3206 paullum
1472 3119 1515 3186 ad
1531 3121 1658 3190 Altare

430 3244 612 3290 conversus
637 3225 771 3291 blissam
795 3226 973 3291 inchoabit.

520 3335 550 3396 6.
576 3332 610 3398 Si
634 3333 811 3399 Praelatus
827 3334 944 3419 paullo
960 3341 1049 3410 ante,
1065 3354 1163 3418 quam
1182 3333 1373 3410 celebrans,
1390 3332 1577 3412 adveniret,
1596 3355 1663 3418 seu¹

430 3446 602 3523 postquam
626 3439 840 3516 celebrasset,
865 3440 971 3506 vellet
993 3442 1096 3534 alteri
1120 3441 1241 3506 blissae
1265 3443 1438 3518 interesse,
1454 3439 1656 3518 Celebrans,

431 3547 495 3610 hoc
518 3566 597 3610 casu
621 3549 757 3612 veniens
781 3554 859 3612 ante
883 3547 1012 3624 Altare,
1039 3547 1199 3614 salutabit
1221 3548 1316 3614 illum
1340 3549 1374 3613 in
1399 3547 1514 3624 medio;
1537 3556 1658 3634 postea

431 3655 653 3717 reverentiam
678 3653 732 3718 vel
755 3651 1031 3739 genuflexionem,
1058 3661 1096 3721 ut
1119 3675 1220 3742 supra
1243 3654 1367 3721 dictum
1391 3661 1452 3734 est,
1469 3655 1511 3722 ad
1532 3655 1658 3724 ditare

430 3757 559 3835 efficiet,
584 3759 828 3845 suppedaneum
859 3761 1071 3840 conscendet,
1103 3763 1240 3829 calicem
1269 3763 1458 3846 etreliqua
1488 3763 1657 3852 disponet,

431 3867 565 3931 blissalo
588 3869 725 3952 aperiet,
750 3867 928 3934 descendet
944 3869 1028 3946 inde,
1046 3869 1319 3953 quemadmodum
1335 3871 1399 3935 iam
1417 3871 1571 3938 innutum
1592 3881 1656 3952 est,

431 3983 465 4040 et
489 3975 627 4040 Sacrum
651 3975 857 4041 exordietur.
970 3975 979 3992 ⁸

519 4085 549 4147 7.
575 4083 731 4149 ltecitans
758 4084 930 4171 Confiteor
946 4085 1019 4149 loco
1036 4083 1164 4150 dicendi
1181 4085 1276 4153 vobis
1291 4089 1429 4172 fratres
1447 4093 1553 4154 ‹st-eos
1568 4089 1656 4172 fra-

432 4196 503 4255 tres
525 4188 614 4254 dicet
644 4189 706 4256 tibi
728 4191 836 4257 Potor
859 4199 894 4256 et
916 4199 948 4258 tc
971 4192 1094 4268 Pater,
1122 4213 1305 4258 conversus
1328 4193 1369 4259 ad
1392 4194 1602 4261 Praesulem.
1621 4195 1656 4262 Si

431 4294 519 4361 forte
542 4297 656 4382 plures
679 4298 835 4364 adessent
857 4300 1006 4365 Praelati
1030 4300 1177 4366 eiusdem
1201 4301 1339 4386 gradus,
1364 4302 1498 4368 videtur
1518 4323 1593 4369 esse
1610 4303 1658 4370 di-

432 4402 571 4468 cendum
594 4405 689 4473 vobis
714 4406 842 4473 Patres
867 4413 901 4472 et
922 4426 983 4472 eos
1008 4408 1145 4475 Patres.

520 4511 550 4573 8.
574 4509 655 4579 Po'st
679 4513 938 4590 Confessionem,
964 4513 1146 4581 Celebrans
1164 4536 1263 4601 quum
1280 4515 1406 4583 dixerit
1425 4515 1585 4596 Oramus,
1607 4519 1657 4584 in·

433 4611 643 4684 clinationem
666 4621 801 4687 iterabit
823 4637 943 4689 versus
966 4621 1171 4700 Praesulem,
1197 4623 1354 4690 ascendet
1377 4623 1498 4691 deinde
1520 4625 1563 4692 ad
1590 4626 1654 4693 Al-

433 4729 505 4784 tare
529 4730 561 4786 et
585 4725 703 4791 Missae
727 4729 986 4794 celebrationem
1010 4732 1077 4793 ritu
1103 4733 1225 4795 usitato
1241 4738 1472 4816 prosequetur.
