4175 5717
519 721 583 786 :340
983 739 1048 785 nm.
1075 741 1095 785 ι.

518 849 548 911 7.
574 847 665 922 Quae
688 853 875 932 sequuntur
898 848 1204 914 animadversiones
1228 870 1285 914 seu
1323 849 1457 926 monita,
1487 847 1531 914 ad
1564 829 1656 914 com·

432 955 623 1021 moditatem
639 957 835 1040 praesertim
851 954 1070 1020 Sacerdotum
1087 975 1205 1020 recens
1218 955 1456 1034 ordinatorum,
1469 955 1656 1022 adiicirnus.

518 1063 548 1128 8.
575 1063 727 1150 Hymnus
753 1061 938 1130 Gloriam
962 1065 1111 1130 arcebis
1136 1067 1206 1129 tum
1230 1064 1363 1143 dicitur,
1386 1083 1487 1150 quum
1519 1065 1554 1130 in
1577 1065 1658 1130 Ma-

429 1172 538 1236 tutino
555 1173 730 1237 recitatum
747 1176 799 1236 est
818 1170 865 1236 Tc
881 1170 1003 1238 Deam.
1021 1173 1246 1258 Excipiuntur
1257 1173 1297 1236 ab
1315 1173 1378 1238 hac
1395 1171 1514 1258 regula
1530 1171 1658 1240 Missae
1681 1151 1685 1164 ¹

431 1281 597 1346 solemnes
620 1279 661 1344 da
684 1278 769 1344 feria
793 1279 836 1343 V.
862 1279 896 1344 in
921 1279 1033 1344 Coena
1057 1280 1186 1345 Domini
1213 1287 1248 1346 ct
1274 1280 1314 1347 de
1347 1279 1490 1346 Sabbata
1525 1285 1658 1356 sancto,

431 1391 463 1455 in
488 1388 606 1472 quibus
630 1387 752 1452 dicitur
779 1385 909 1462 Gloria,
936 1389 1064 1452 etiamsi
1093 1388 1138 1454 l'e
1160 1389 1275 1456 Deum
1291 1391 1324 1454 in
1344 1387 1451 1454 officio
1467 1389 1658 1454 omittatur.

519 1497 549 1562 9.
578 1495 699 1564 Gloria
723 1497 760 1561 im
784 1497 933 1562 excelsis
957 1497 1123 1562 omittitur
1151 1499 1183 1561 in
1215 1497 1365 1564 omnibus
1391 1499 1501 1564 Missis
1532 1499 1659 1564 votivis

430 1605 578 1692 privatis,
604 1623 811 1687 quocumque
836 1603 966 1667 demum
984 1611 1132 1691 tempore
1149 1605 1373 1682 celebrentur,
1391 1611 1532 1692 excepta
1552 1605 1660 1672 Missa

433 1711 651 1798 Angelorum,
676 1715 710 1776 et
734 1710 844 1782 altera
867 1711 990 1776 Beatae
1014 1713 1177 1798 Virginis,
1195 1714 1222 1778 si
1245 1713 1438 1778 celebretur
1453 1715 1485 1778 iu
1506 1711 1659 1780 sabbato.

521 1820 570 1884 10.
596 1819 633 1883 ln
661 1819 756 1884 festis
792 1817 833 1882 de
868 1819 936 1882 ritu
972 1819 1096 1905 duplici
1131 1819 1254 1886 dicitur
1288 1841 1355 1886 una
1381 1827 1513 1887 tantum
1548 1822 1658 1888 oratio

430 1929 494 1993 nisi
518 1935 629 1992 tamen
653 1929 923 1992 commemoratio
947 1927 1060 2012 aliqua
1083 1929 1127 1993 sit
1163 1929 1323 1996 iacienda.
1360 1931 1397 1994 ln
1429 1929 1659 2018 semiduplici-

431 2037 491 2102 bus
516 2041 567 2100 ost
590 2034 736 2100 secunda
758 2041 794 2100 et
816 2037 918 2100 tertia
949 2037 1065 2111 oratio,
1099 2056 1183 2120 quae
1211 2039 1342 2101 variant
1374 2057 1436 2124 pro
1467 2045 1658 2124 temporum

431 2143 603 2228 qualitate:
629 2161 733 2226 quare
749 2141 790 2208 de
813 2143 865 2208 his
890 2143 1086 2208 conferatur
1110 2144 1245 2210 rubrica
1268 2145 1436 2232 generalia
1453 2143 1602 2212 missalis
1618 2145 1659 2214 ad

431 2251 549 2318 titulos
572 2252 617 2316 de
640 2250 1026 2318 commemorationibus
1062 2253 1162 2317 etde
1193 2252 1420 2322 orationibus.
1453 2251 1659 2322 Menandrum

431 2361 531 2426 etiam
555 2357 697 2434 videtur,
722 2357 809 2442 quod
835 2363 935 2442 'quum
954 2358 1088 2424 rubrica
1103 2360 1301 2446 praescribit
1317 2363 1451 2426 tertiam
1464 2361 1659 2428 -orannnem

432 2469 479 2534 ad
502 2465 646 2541 libitam,
678 2465 809 2530 minime
837 2464 1092 2550 intelligendum
1124 2473 1176 2530 est
1205 2487 1306 2552 penas
1341 2466 1557 2534 Sacerdotem
1585 2487 1660 2536 oasa

432 2576 545 2641 dicere
569 2573 624 2640 vel
648 2574 812 2648 omittere,
836 2572 894 2638 sed
919 2575 952 2637 in
975 2573 1114 2639 arbitrio
1140 2575 1210 2639 eius
1235 2593 1307 2640 esse
1330 2595 1429 2640 unam
1453 2575 1495 2642 ad
1525 2575 1661 2644 libitum

434 2685 572 2770 eligere,
597 2703 681 2768 quae
705 2683 806 2748 tertia
828 2685 941 2746 tamen
966 2683 1019 2746 sit.
1038 2682 1155 2766 Siqua
1178 2701 1258 2747 vero
1290 2681 1346 2749 liet
1376 2685 1661 2762 commemoratio,

430 2794 604 2858 omittetur
627 2791 730 2856 tertia
752 2789 862 2855 oratio
886 2787 927 2854 ad
952 2787 1091 2863 libitum,
1117 2789 1263 2856 seeundo
1293 2791 1367 2856 loco
1395 2791 1540 2878 ponetur
1572 2811 1662 2858 eonn-

436 2901 640 2978 memoratio,
663 2919 702 2964 ac
734 2897 838 2963 tertio
870 2897 976 2962 oratio
1008 2897 1069 2960 illa
1092 2917 1175 2981 quae
1206 2897 1350 2966 secundo
1380 2899 1455 2964 loco
1491 2905 1584 2966 esset
1607 2899 1663 2968 di-

436 3009 549 3085 cenda,
574 3007 723 3092 quamvis
747 3005 787 3070 de
812 3005 937 3090 Spiritu
961 3003 1084 3071 Sancto
1111 3010 1170 3070 aut
1193 3005 1233 3070 de
1257 3007 1359 3072 Beata
1390 3007 1533 3095 Virgine
1558 3015 1662 3075 esset.

431 3118 464 3182 Si
487 3117 578 3182 duae
601 3113 773 3180 faciendae
797 3119 898 3178 erunt.
922 3114 1260 3188 commemorationes,
1286 3115 1461 3180 omittetur
1484 3117 1587 3182 etiam
1612 3135 1664 3182 se-

429 3224 546 3300 cunda,
571 3224 661 3288 acsi
692 3222 806 3307 plures
837 3221 1167 3286 commemorationes
1199 3228 1298 3286 erunt
1335 3221 1537 3298 recitandae,
1577 3227 1662 3290 reci·

429 3333 600 3402 tabuntur.
626 3331 706 3396 licet
730 3350 797 3396 non
822 3331 927 3416 possit
949 3331 1079 3395 servari
1096 3349 1254 3394 numerus
1271 3331 1373 3394 trium
1397 3331 1602 3396 orationum.
1620 3333 1660 3398 ln

430 3441 530 3504 Missa
554 3439 752 3505 Sanctorum
775 3437 816 3503 de
840 3439 907 3503 ritu
931 3437 1081 3523 simplici,
1107 3441 1141 3502 et.
1165 3439 1196 3501 in
1224 3437 1315 3502 seriis
1339 3439 1428 3502 inter
1458 3457 1587 3504 annum
1612 3441 1661 3506 di·

431 3555 551 3612 centur
576 3551 659 3620 tres,
684 3546 919 3630 autquinque,
944 3551 1003 3610 aut-
1026 3547 1124 3610 etiam
1149 3553 1273 3631 septem
1297 3547 1474 3610 orationes.
1508 3545 1662 3614 Comme·

430 3655 571 3718 moratio
596 3673 657 3738 pro
683 3651 849 3718 defunctis
873 3653 1058 3740 penultimo
1086 3673 1214 3738 semper
1237 3653 1312 3717 loco
1336 3651 1476 3718 dicetur.

526 3763 575 3825 ll.
601 3761 720 3826 Relate
737 3762 777 3825 ad
802 3763 969 3826 orationes
991 3781 1050 3847 pro
1075 3761 1215 3846 publicis
1238 3760 1494 3826 necessitatibus
1518 3761 1562 3827 ab
1596 3763 1661 3830 Or·

431 3869 559 3935 dinario
584 3871 818 3955 praescriptas,
845 3888 1015 3934 monemus
1046 3868 1132 3952 quod
1165 3867 1282 3933 ultimo
1309 3887 1438 3954 semper
1467 3868 1546 3934 loco
1578 3877 1661 3937 suut¹

432 3975 590 4043 dicendae
616 3981 691 4062 post
715 3996 829 4042 omnes
853 3978 1021 4041 orationes
1046 3996 1065 4041 a
1089 3975 1221 4042 rubrica
1244 3977 1477 4062 praescriptas,
1501 3977 1661 4064 quodque

433 4084 627 4152 recitandae
653 4092 732 4150 sunt
755 4085 852 4149 etiam
871 4087 903 4149 in
920 4085 1071 4152 ecclesiis
1087 4105 1106 4149 a
1122 4085 1348 4150 iurisdictione
1365 4083 1518 4172 Episcopi
1539 4106 1660 4152 exem-

430 4195 504 4280 ptis,
522 4199 556 4258 et
580 4192 620 4257 ab
655 4192 891 4258 ecclesiasticis
927 4201 997 4258 tum
1031 4193 1203 4264 secularis,
1232 4197 1302 4257 tum
1333 4193 1499 4279 regularis
1528 4193 1660 4260 ordinis

432 4302 595 4385 exemptis
619 4305 652 4365 et
680 4301 757 4386 ipsis
782 4300 822 4366 ab
846 4301 917 4365 eius
942 4300 1178 4365 iurisdictione.
1204 4299 1390 4365 Notandum
1415 4306 1536 4378 tamen,
1568 4303 1658 4386 quod

433 4409 460 4486 si
484 4409 591 4472 oratio
616 4407 740 4473 indicta
763 4409 826 4472 orit
846 4427 917 4490 pro
939 4428 979 4474 ro
998 4409 1113 4493 orori,
1138 4408 1310 4474 recitanda
1333 4413 1386 4472 ost
1409 4409 1441 4470 in
1464 4406 1658 4492 duplicibus

432 4514 555 4597 primae
579 4516 694 4581 classis
725 4516 790 4582 sub
821 4517 928 4582 amieo
956 4517 1187 4591 concitatione,
1212 4517 1245 4580 in
1277 4515 1462 4602 duplicibus
1487 4515 1658 4583 secundae

437 4618 552 4684 classis
576 4624 640 4689 suh
664 4644 729 4692 saco
753 4625 983 4692 conclusione.
1009 4626 1077 4689 Nisi
1099 4645 1166 4707 pro
1198 4643 1238 4690 re
1264 4624 1372 4708 ,pram
1398 4625 1450 4698 sit,
1478 4625 1658 4690 omittetur
