4175 5717
522 732 586 795 244
978 748 1043 792 nra.
1071 747 1103 791 ιι.

430 855 575 922 eamdem
599 856 839 920 intonationem
862 853 1040 936 detegetur
1063 869 1159 916 sacra
1182 851 1290 934 imago
1314 871 1372 914 seu
1396 850 1465 916 tela
1490 851 1579 936 picta
1595 869 1651 916 su·

431 984 490 1050 per
513 963 642 1039 Altam,
668 963 731 1026 nisi
755 962 818 1025 iarn
836 960 967 1025 detecta
985 959 1096 1035 suerit,
1115 958 1318 1042 reliquorum
1335 976 1463 1042 quoque
1480 957 1650 1024 Altarium

434 1071 591 1154 imagines
615 1088 675 1154 per
697 1068 873 1134 ecclesiam
897 1067 1107 1151 detegentur,
1136 1073 1171 1131 et
1200 1064 1391 1148 aliquandiu
1425 1064 1653 1150 pulsabuntur

434 1175 649 1261 campanulae
672 1174 714 1239 ad
737 1175 827 1240 iores
850 1175 987 1238 sacrarii
1010 1192 1184 1259 appensae,
1209 1192 1270 1237 nec
1293 1191 1359 1237 non
1382 1191 1562 1257 campanae
1585 1191 1654 1236 om-

434 1305 492 1348 nes
515 1285 549 1346 in
572 1283 659 1347 turri
683 1281 853 1350 ecclesiae,
879 1300 943 1363 qua
966 1287 1078 1344 tamen
1102 1281 1134 1343 in
1158 1299 1195 1344 re
1219 1279 1383 1344 servanda
1406 1285 1458 1344 est
1478 1277 1654 1366 dispositio

436 1391 574 1458 Concilii
599 1390 833 1455 Lateranensis
857 1388 917 1452 sub
941 1389 1053 1452 Leone
1077 1388 1118 1452 X.

523 1498 596 1564 101.
620 1497 800 1563 Celebrans
816 1495 908 1580 leget
923 1493 1096 1579 epistolam
1113 1499 1252 1572 tantum,
1269 1495 1457 1581 expectabit
1472 1494 1553 1560 dum
1570 1493 1657 1566 Sub-

434 1608 592 1672 diaconus
615 1604 775 1690 epistolae
799 1607 932 1668 cantum
955 1601 1148 1684 absolverit,
1173 1607 1210 1667 ut
1229 1601 1490 1668 benedictionem
1507 1601 1572 1688 ipsi
1587 1585 1664 1666 lar·¹

435 1716 556 1800 giatur,
581 1718 615 1778 et
638 1709 867 1777 benedictione
891 1709 1023 1794 largita,
1055 1716 1108 1775 ter
1138 1709 1283 1777 cantabit
1314 1711 1475 1786 Alleluia,
1504 1707 1658 1798 singulis

436 1823 562 1888 vicibus
586 1818 805 1907 respondente
828 1819 941 1894 choro,
972 1816 1250 1894 animadvertens,
1281 1825 1318 1884 ut
1351 1837 1550 1902 unaquaque
1581 1817 1659 1884 viee

438 1929 575 1996 attollat
597 1947 711 1992 vocem
735 1926 925 2002 hemitonio,
950 1924 1036 2009 quod
1060 1924 1161 1990 faciet
1184 1926 1281 1990 etiam
1313 1930 1486 1990 cantorum
1515 1925 1659 1992 chorus.

528 2035 600 2099 102.
625 2033 733 2108 Quum
756 2031 944 2098 cantabitur
967 2031 1128 2106 Alleluia,
1154 2030 1272 2098 (llerus
1294 2033 1328 2096 ιιι
1351 2032 1454 2098 choro
1478 2037 1582 2117 caput
1596 2051 1662 2096 nu·

440 2143 529 2208 dabit
552 2148 586 2206 et
609 2145 789 2225 consurget
811 2159 851 2204 ac
873 2145 947 2224 post
969 2140 1147 2223 repetitum
1171 2140 1272 2204 tertia
1294 2140 1366 2205 vice
1399 2158 1420 2205 a
1449 2139 1660 2216 cantoribus,

439 2270 556 2315 rursus
581 2247 716 2314 sedebit:
740 2253 822 2312 tunc
840 2245 1020 2312 (lelebrans
1035 2253 1154 2331 perget
1168 2247 1282 2332 legere
1297 2246 1500 2312 versiculum
1517 2251 1554 2312 et
1569 2231 1664 2312 trao-

438 2365 520 2432 tum;
545 2356 698 2430 Ministri,
722 2375 822 2438 quum
846 2354 1035 2420 cantabitur
1058 2354 1218 2430 Alleluia,
1243 2354 1421 2422 adstabunt
1450 2353 1661 2432 Celebranti,

442 2469 478 2529 ut
502 2465 535 2527 ιιι
560 2464 709 2526 introitu.
735 2461 842 2537 Quum
868 2461 987 2529 Clarus
1011 2459 1276 2538 Cathedralibus,
1300 2468 1359 2526 aut
1382 2459 1580 2547 collegiatis
1604 2459 1665 2528 ad·

439 2570 547 2636 dictus
570 2567 738 2634 dimittere
762 2567 880 2635 debeat
903 2588 1022 2652 cappas
1038 2588 1112 2633 cum
1129 2568 1273 2653 pellibus
1297 2569 1501 2635 armellineis
1525 2567 1569 2654 (si
1591 2569 1663 2636 hu-

443 2676 583 2743 iusmodi
606 2676 783 2763 privilegio
807 2673 954 2759 fruatur)
978 2675 1019 2739 ad
1043 2681 1177 2739 cantum
1193 2674 1342 2742 Alleluia
1366 2681 1440 2760 post
1463 2675 1664 2761 Epistolam,

441 2806 482 2850 ne
506 2785 630 2848 chorus
655 2784 864 2866 relinquatur
887 2784 1039 2848 totaliter
1063 2803 1199 2858 vacuus,
1224 2782 1389 2848 dimidium
1413 2783 1664 2850 Canonieorum

439 2901 473 2957 et
495 2889 785 2955 beneficiariorum
809 2890 943 2956 recedet
966 2891 999 2954 in
1022 2891 1204 2955 sacrarium
1230 2891 1290 2956 sub
1314 2889 1410 2955 finem
1437 2890 1570 2968 Gloria,
1596 2891 1665 2958 ibi-

440 3019 503 3082 que
527 2998 667 3063 dimissis
691 2999 801 3083 cappis
824 2997 963 3062 induent
985 2998 1265 3083 superpelliceum
1282 2998 1336 3063 vel
1353 3016 1487 3084 cappam
1504 3003 1665 3066 ornatam

440 3107 546 3172 serico
564 3112 598 3170 et
616 3110 831 3171 revertentur
854 3107 888 3169 ιιι
911 3105 1014 3170 choro
1038 3107 1151 3170 statim
1174 3126 1214 3171 ac
1238 3104 1349 3171 finitus
1365 3106 1431 3171 erit
1447 3110 1568 3170 cantus
1585 3107 1667 3194 Epi·

443 3214 559 3280 stolae.
585 3214 667 3278 Tum
691 3212 861 3278 discedent
883 3214 997 3288 ceteri,
1011 3214 1065 3297 qui
1083 3215 1304 3279 remanserint
1319 3215 1351 3279 in
1368 3213 1480 3288 choro,
1499 3215 1667 3282 recedent

444 3325 476 3386 in
501 3322 684 3387 sacrarium
707 3321 746 3385 ad
771 3341 899 3406 cappas,
925 3327 1095 3406 utsupra,
1120 3321 1339 3398 dimittendas,
1364 3322 1483 3390 deinde
1506 3325 1553 3389 in.
1575 3325 1667 3392 cho·-

444 3451 519 3495 rum
542 3429 707 3496 redibunt.

537 3537 609 3600 103.
635 3535 684 3600 Ad
708 3540 842 3600 cantum
866 3535 1040 3620 Evangelii
1063 3535 1223 3622 Acolythi
1257 3555 1324 3602 non
1355 3537 1509 3604 deferent
1544 3539 1670 3608 cande-

444 3645 550 3720 labra,
575 3643 632 3709 sed
656 3645 814 3709 assistent
836 3644 957 3708 iunctis
981 3643 1140 3708 manibus.
1159 3644 1230 3708 Non
1246 3643 1376 3710 dicetur
1392 3665 1454 3712 nec
1469 3647 1668 3715 cantabitur

452 3753 573 3828 Credo,
599 3751 656 3816 sed
681 3751 861 3816 celebrans
885 3751 1032 3816 cantabit
1056 3751 1226 3818 Dominus
1249 3752 1425 3821 wbismum
1448 3761 1483 3820 et
1501 3752 1668 3834 Oramus,

446 3860 515 3924 siue
539 3859 706 3923 versiculo
731 3854 910 3924 Offertorii.

537 3965 608 4030 104.
633 3965 706 4029 Νοιι
729 3965 858 4031 dicetur
880 3965 1005 4051 Agnus
1020 3968 1087 4033 Dei
1100 3987 1162 4032 nec
1181 3967 1312 4033 dabitur
1323 3979 1402 4053 pam
1419 3967 1558 4053 ideoque
1580 3969 1668 4038 Sub-

444 4075 601 4139 diaconus
625 4093 690 4137 non
714 4073 870 4142 ascendet
891 4073 931 4138 ad
954 4074 1127 4140 dexteram
1151 4075 1369 4142 celebrantis.
1393 4077 1575 4160 Postquam
1603 4077 1664 4144 Ge·

444 4182 578 4246 lebrans
601 4181 634 4243 in
659 4179 803 4245 Calicem
825 4179 993 4245 demiserit
1015 4183 1214 4266 particulam
1238 4183 1372 4248 Hostiae
1395 4182 1436 4248 ad
1465 4182 1526 4248 illa
1557 4183 1666 4250 verba

452 4288 549 4355 Hace
571 4288 779 4364 coutumiutio,
805 4286 948 4353 Calicem
973 4289 1137 4355 Diaconus
1160 4295 1261 4374 teget.
1287 4290 1466 4354 celebrans
1489 4309 1565 4354 curn
1583 4291 1666 4356 Dia-

446 4416 528 4461 cono
552 4393 762 4478 genuflectet:
786 4395 939 4459 recitabit
962 4396 1126 4480 triplicem
1150 4398 1331 4460 orationem
1354 4401 1546 4462 consuetam
1581 4403 1663 4464 ante

449 4504 710 4566 communionem
734 4502 855 4566 iunctis
878 4502 1027 4568 manibus
1050 4504 1084 4566 in
1108 4503 1228 4578 Alteri,
1253 4504 1415 4568 Diaconos
1440 4503 1596 4570 transibit
1618 4504 1663 4572 ad

450 4609 614 4672 sinistram
648 4615 681 4674 et
716 4608 940 4674 Subdiaconus
974 4610 1130 4675 ascendet
1163 4610 1203 4676 ad
1238 4611 1409 4678 dexteram
1442 4611 1663 4692 Celebrautis,

454 4719 594 4797 uterque
618 4714 881 4798 genuflexionem
904 4717 1046 4782 iterabit
