<?xml version="1.0" encoding="UTF-8"?>
<!DOCTYPE html PUBLIC "-//W3C//DTD XHTML 1.0 Transitional//EN"
    "http://www.w3.org/TR/xhtml1/DTD/xhtml1-transitional.dtd">
<html xmlns="http://www.w3.org/1999/xhtml" xml:lang="en" lang="en">
 <head>
  <title>
</title>
<meta http-equiv="Content-Type" content="text/html;charset=utf-8" />
  <meta name='ocr-system' content='tesseract 3.04.00' />
  <meta name='ocr-capabilities' content='ocr_page ocr_carea ocr_par ocr_line ocrx_word'/>
</head>
<body>
  <div class='ocr_page' id='page_1' title='image "./manualesacrarum00martgoog_0534.png"; bbox 0 0 4175 5717; ppageno 0'>
   <div class='ocr_carea' id='block_1_1' title="bbox 531 728 1111 791">
    <p class='ocr_par' dir='ltr' id='par_1_1' title="bbox 531 728 1111 791">
     <span class='ocr_line' id='line_1_1' title="bbox 531 728 1111 791; baseline -0.003 -1"><span class='ocrx_word' id='word_1_1' title='bbox 531 728 593 791; x_wconf 95' lang='grc'>144</span> <span class='ocrx_word' id='word_1_2' title='bbox 985 743 1051 790; x_wconf 70' lang='lat' dir='ltr'>rau.</span> <span class='ocrx_word' id='word_1_3' title='bbox 1077 744 1111 790; x_wconf 90' lang='lat'>11.</span> 
     </span>
    </p>
   </div>
   <div class='ocr_carea' id='block_1_2' title="bbox 436 848 1675 1365">
    <p class='ocr_par' dir='ltr' id='par_1_2' title="bbox 438 848 1674 1042">
     <span class='ocr_line' id='line_1_2' title="bbox 438 848 1674 937; baseline 0.001 -20"><span class='ocrx_word' id='word_1_4' title='bbox 438 870 497 917; x_wconf 92' lang='lat' dir='ltr'>cea</span> <span class='ocrx_word' id='word_1_5' title='bbox 520 871 596 916; x_wconf 91' lang='lat' dir='ltr'>cum</span> <span class='ocrx_word' id='word_1_6' title='bbox 620 850 865 937; x_wconf 90' lang='lat' dir='ltr'>superpelliceo</span> <span class='ocrx_word' id='word_1_7' title='bbox 889 869 950 935; x_wconf 91' lang='lat' dir='ltr'>pro</span> <span class='ocrx_word' id='word_1_8' title='bbox 974 849 1155 915; x_wconf 83' lang='lat' dir='ltr'>Sacerdote</span> <span class='ocrx_word' id='word_1_9' title='bbox 1180 851 1235 934; x_wconf 92' lang='lat' dir='ltr'>qui</span> <span class='ocrx_word' id='word_1_10' title='bbox 1261 848 1533 916; x_wconf 89' lang='lat' dir='ltr'>distributionem</span> <span class='ocrx_word' id='word_1_11' title='bbox 1567 869 1674 918; x_wconf 80' lang='lat' dir='ltr'>exse-</span> 
     </span>
     <span class='ocr_line' id='line_1_3' title="bbox 441 964 573 1042; baseline 0.008 -22"><span class='ocrx_word' id='word_1_12' title='bbox 441 964 573 1042; x_wconf 84' lang='lat' dir='ltr'>quatur.</span> 
     </span>
    </p>

    <p class='ocr_par' dir='ltr' id='par_1_3' title="bbox 436 1064 1675 1365">
     <span class='ocr_line' id='line_1_4' title="bbox 528 1064 1674 1152; baseline 0.003 -23"><span class='ocrx_word' id='word_1_13' title='bbox 528 1066 576 1130; x_wconf 99' lang='grc'>10.</span> <span class='ocrx_word' id='word_1_14' title='bbox 603 1065 783 1150; x_wconf 84' lang='lat' dir='ltr'>Eligentur</span> <span class='ocrx_word' id='word_1_15' title='bbox 807 1066 909 1129; x_wconf 87' lang='lat' dir='ltr'>etiam</span> <span class='ocrx_word' id='word_1_16' title='bbox 933 1064 1100 1140; x_wconf 74' lang='lat' dir='ltr'><strong>custodes,</strong></span> <span class='ocrx_word' id='word_1_17' title='bbox 1125 1085 1184 1130; x_wconf 92' lang='lat' dir='ltr'>seu</span> <span class='ocrx_word' id='word_1_18' title='bbox 1209 1064 1271 1130; x_wconf 85' lang='lat' dir='ltr'>viri</span> <span class='ocrx_word' id='word_1_19' title='bbox 1296 1064 1406 1130; x_wconf 90' lang='lat' dir='ltr'>idonei</span> <span class='ocrx_word' id='word_1_20' title='bbox 1440 1067 1497 1149; x_wconf 92' lang='lat' dir='ltr'>qui</span> <span class='ocrx_word' id='word_1_21' title='bbox 1529 1070 1674 1152; x_wconf 88' lang='lat' dir='ltr'>pertur-</span> 
     </span>
     <span class='ocr_line' id='line_1_5' title="bbox 437 1172 1675 1259; baseline 0.005 -23"><span class='ocrx_word' id='word_1_22' title='bbox 437 1175 603 1239; x_wconf 88' lang='lat' dir='ltr'>bationem</span> <span class='ocrx_word' id='word_1_23' title='bbox 629 1175 741 1259; x_wconf 90' lang='lat' dir='ltr'>populi</span> <span class='ocrx_word' id='word_1_24' title='bbox 766 1173 975 1259; x_wconf 66' lang='lat' dir='ltr'>prohibeant</span> <span class='ocrx_word' id='word_1_25' title='bbox 1000 1192 1118 1237; x_wconf 90' lang='lat' dir='ltr'>verum</span> <span class='ocrx_word' id='word_1_26' title='bbox 1149 1172 1338 1238; x_wconf 85' lang='lat' dir='ltr'>huiusmodi</span> <span class='ocrx_word' id='word_1_27' title='bbox 1371 1175 1543 1256; x_wconf 77' lang='lat' dir='ltr'>negotium</span> <span class='ocrx_word' id='word_1_28' title='bbox 1579 1193 1675 1242; x_wconf 88' lang='lat' dir='ltr'>nun·</span> 
     </span>
     <span class='ocr_line' id='line_1_6' title="bbox 436 1280 1430 1365; baseline 0.006 -25"><span class='ocrx_word' id='word_1_29' title='bbox 436 1302 533 1364; x_wconf 73' lang='lat' dir='ltr'>ipram</span> <span class='ocrx_word' id='word_1_30' title='bbox 557 1280 691 1346; x_wconf 88' lang='lat' dir='ltr'>dabitur</span> <span class='ocrx_word' id='word_1_31' title='bbox 713 1281 884 1356; x_wconf 79' lang='lat' dir='ltr'>militibus,</span> <span class='ocrx_word' id='word_1_32' title='bbox 912 1280 1019 1345; x_wconf 88' lang='lat' dir='ltr'>multo</span> <span class='ocrx_word' id='word_1_33' title='bbox 1043 1281 1152 1344; x_wconf 90' lang='lat' dir='ltr'>minus</span> <span class='ocrx_word' id='word_1_34' title='bbox 1176 1280 1430 1365; x_wconf 78' lang='lat' dir='ltr'>apparitoribus.</span> 
     </span>
    </p>
   </div>
   <div class='ocr_carea' id='block_1_3' title="bbox 919 1495 1180 1578">
    <p class='ocr_par' dir='ltr' id='par_1_4' title="bbox 919 1495 1180 1578">
     <span class='ocr_line' id='line_1_7' title="bbox 919 1495 1180 1578; baseline 0 -19"><span class='ocrx_word' id='word_1_35' title='bbox 919 1495 964 1560; x_wconf 84' lang='lat' dir='ltr'>Ia</span> <span class='ocrx_word' id='word_1_36' title='bbox 986 1496 1180 1578; x_wconf 79' lang='lat' dir='ltr'>functione.</span> 
     </span>
    </p>
   </div>
   <div class='ocr_carea' id='block_1_4' title="bbox 430 1708 1677 4794">
    <p class='ocr_par' dir='ltr' id='par_1_5' title="bbox 435 1708 1677 2117">
     <span class='ocr_line' id='line_1_8' title="bbox 527 1708 1673 1795; baseline 0.003 -22"><span class='ocrx_word' id='word_1_37' title='bbox 527 1710 576 1773; x_wconf 94' lang='lat'>11.</span> <span class='ocrx_word' id='word_1_38' title='bbox 601 1708 778 1774; x_wconf 77' lang='lat' dir='ltr'>1&#39;unctioni</span> <span class='ocrx_word' id='word_1_39' title='bbox 802 1709 897 1774; x_wconf 88' lang='lat' dir='ltr'>locus</span> <span class='ocrx_word' id='word_1_40' title='bbox 922 1715 974 1774; x_wconf 92' lang='lat' dir='ltr'>est</span> <span class='ocrx_word' id='word_1_41' title='bbox 990 1719 1064 1795; x_wconf 84' lang='lat' dir='ltr'>post</span> <span class='ocrx_word' id='word_1_42' title='bbox 1081 1710 1204 1775; x_wconf 83' lang='lat' dir='ltr'>Horam</span> <span class='ocrx_word' id='word_1_43' title='bbox 1229 1711 1362 1774; x_wconf 84' lang='lat' dir='ltr'>tertiam</span> <span class='ocrx_word' id='word_1_44' title='bbox 1380 1711 1470 1784; x_wconf 87' lang='lat' dir='ltr'>iniis</span> <span class='ocrx_word' id='word_1_45' title='bbox 1492 1711 1673 1790; x_wconf 80' lang='lat' dir='ltr'>Ecclesiia,</span> 
     </span>
     <span class='ocr_line' id='line_1_9' title="bbox 436 1815 1674 1904; baseline 0.003 -24"><span class='ocrx_word' id='word_1_46' title='bbox 436 1839 520 1904; x_wconf 81' lang='lat' dir='ltr'>quae</span> <span class='ocrx_word' id='word_1_47' title='bbox 544 1815 687 1881; x_wconf 88' lang='lat' dir='ltr'>officium</span> <span class='ocrx_word' id='word_1_48' title='bbox 711 1836 873 1901; x_wconf 84' lang='lat' dir='ltr'>peragere</span> <span class='ocrx_word' id='word_1_49' title='bbox 896 1821 1067 1882; x_wconf 87' lang='lat' dir='ltr'>tenentur.</span> <span class='ocrx_word' id='word_1_50' title='bbox 1093 1816 1127 1882; x_wconf 92' lang='lat' dir='ltr'>Si</span> <span class='ocrx_word' id='word_1_51' title='bbox 1152 1817 1215 1882; x_wconf 91' lang='lat' dir='ltr'>hoc</span> <span class='ocrx_word' id='word_1_52' title='bbox 1239 1818 1361 1882; x_wconf 85' lang='lat' dir='ltr'>festum</span> <span class='ocrx_word' id='word_1_53' title='bbox 1390 1819 1424 1882; x_wconf 95' lang='lat' dir='ltr'>in</span> <span class='ocrx_word' id='word_1_54' title='bbox 1459 1819 1674 1884; x_wconf 85' lang='lat' dir='ltr'>Dominieam</span> 
     </span>
     <span class='ocr_line' id='line_1_10' title="bbox 437 1922 1677 2010; baseline 0.003 -20"><span class='ocrx_word' id='word_1_55' title='bbox 437 1924 600 1998; x_wconf 91' lang='lat' dir='ltr'>inciderit,</span> <span class='ocrx_word' id='word_1_56' title='bbox 624 1929 702 1988; x_wconf 89' lang='lat' dir='ltr'>ante</span> <span class='ocrx_word' id='word_1_57' title='bbox 725 1922 940 1988; x_wconf 85' lang='lat' dir='ltr'>candelarum</span> <span class='ocrx_word' id='word_1_58' title='bbox 965 1922 1238 2000; x_wconf 83' lang='lat' dir='ltr'>benedictionem,</span> <span class='ocrx_word' id='word_1_59' title='bbox 1262 1926 1410 2010; x_wconf 86' lang='lat' dir='ltr'>aspersio</span> <span class='ocrx_word' id='word_1_60' title='bbox 1434 1944 1541 2010; x_wconf 90' lang='lat' dir='ltr'>aquae</span> <span class='ocrx_word' id='word_1_61' title='bbox 1570 1925 1677 1994; x_wconf 87' lang='lat' dir='ltr'>bene-</span> 
     </span>
     <span class='ocr_line' id='line_1_11' title="bbox 435 2030 1592 2117; baseline -0.001 -18"><span class='ocrx_word' id='word_1_62' title='bbox 435 2034 545 2099; x_wconf 88' lang='lat' dir='ltr'>dictae</span> <span class='ocrx_word' id='word_1_63' title='bbox 567 2030 625 2096; x_wconf 84' lang='grc'>161</span> <span class='ocrx_word' id='word_1_64' title='bbox 647 2030 761 2096; x_wconf 91' lang='lat' dir='ltr'>eodem</span> <span class='ocrx_word' id='word_1_65' title='bbox 784 2030 899 2096; x_wconf 88' lang='lat' dir='ltr'>ordine</span> <span class='ocrx_word' id='word_1_66' title='bbox 922 2050 962 2095; x_wconf 92' lang='lat' dir='ltr'>ac</span> <span class='ocrx_word' id='word_1_67' title='bbox 986 2032 1138 2117; x_wconf 85' lang='lat' dir='ltr'>superius</span> <span class='ocrx_word' id='word_1_68' title='bbox 1162 2051 1232 2117; x_wconf 89' lang='lat' dir='ltr'>cap.</span> <span class='ocrx_word' id='word_1_69' title='bbox 1258 2033 1316 2098; x_wconf 90' lang='lat' dir='ltr'>IX.</span> <span class='ocrx_word' id='word_1_70' title='bbox 1342 2031 1501 2098; x_wconf 91' lang='lat' dir='ltr'>traditum</span> <span class='ocrx_word' id='word_1_71' title='bbox 1526 2039 1592 2100; x_wconf 84' lang='lat' dir='ltr'>est.</span> 
     </span>
    </p>

    <p class='ocr_par' dir='ltr' id='par_1_6' title="bbox 433 2137 1674 2868">
     <span class='ocr_line' id='line_1_12' title="bbox 527 2137 1672 2224; baseline 0.003 -21"><span class='ocrx_word' id='word_1_72' title='bbox 527 2139 576 2207; x_wconf 80' lang='lat'>12.</span> <span class='ocrx_word' id='word_1_73' title='bbox 602 2139 694 2205; x_wconf 91' lang='lat' dir='ltr'>Hora</span> <span class='ocrx_word' id='word_1_74' title='bbox 716 2139 917 2223; x_wconf 86' lang='lat' dir='ltr'>praestituta</span> <span class='ocrx_word' id='word_1_75' title='bbox 940 2137 1056 2204; x_wconf 91' lang='lat' dir='ltr'>clerici</span> <span class='ocrx_word' id='word_1_76' title='bbox 1079 2140 1375 2224; x_wconf 86' lang='lat' dir='ltr'>congregabuntur</span> <span class='ocrx_word' id='word_1_77' title='bbox 1398 2141 1432 2204; x_wconf 93' lang='lat' dir='ltr'>in</span> <span class='ocrx_word' id='word_1_78' title='bbox 1466 2141 1672 2220; x_wconf 86' lang='lat' dir='ltr'>sacrarium,</span> 
     </span>
     <span class='ocr_line' id='line_1_13' title="bbox 436 2244 1674 2336; baseline 0.002 -25"><span class='ocrx_word' id='word_1_79' title='bbox 436 2248 618 2313; x_wconf 91' lang='lat' dir='ltr'>induentur</span> <span class='ocrx_word' id='word_1_80' title='bbox 641 2244 886 2331; x_wconf 89' lang='lat' dir='ltr'>superpelliceo</span> <span class='ocrx_word' id='word_1_81' title='bbox 910 2265 950 2310; x_wconf 90' lang='grc'>66</span> <span class='ocrx_word' id='word_1_82' title='bbox 973 2245 1117 2310; x_wconf 85' lang='lat' dir='ltr'>Ministri</span> <span class='ocrx_word' id='word_1_83' title='bbox 1142 2245 1260 2312; x_wconf 88' lang='lat' dir='ltr'>deinde</span> <span class='ocrx_word' id='word_1_84' title='bbox 1284 2253 1318 2312; x_wconf 92' lang='grc'>61</span> <span class='ocrx_word' id='word_1_85' title='bbox 1342 2246 1525 2314; x_wconf 78' lang='lat' dir='ltr'>celebrans</span> <span class='ocrx_word' id='word_1_86' title='bbox 1550 2266 1591 2314; x_wconf 89' lang='lat' dir='ltr'>se</span> <span class='ocrx_word' id='word_1_87' title='bbox 1607 2267 1674 2336; x_wconf 81' lang='lat' dir='ltr'>pa-</span> 
     </span>
     <span class='ocr_line' id='line_1_14' title="bbox 436 2352 1673 2440; baseline 0.002 -21"><span class='ocrx_word' id='word_1_88' title='bbox 436 2355 601 2420; x_wconf 87' lang='lat' dir='ltr'>rabuntur</span> <span class='ocrx_word' id='word_1_89' title='bbox 626 2361 663 2418; x_wconf 90' lang='lat' dir='ltr'>ut</span> <span class='ocrx_word' id='word_1_90' title='bbox 685 2373 755 2439; x_wconf 90' lang='lat' dir='ltr'>cap.</span> <span class='ocrx_word' id='word_1_91' title='bbox 774 2353 832 2419; x_wconf 90' lang='lat' dir='ltr'>IV.</span> <span class='ocrx_word' id='word_1_92' title='bbox 851 2372 940 2417; x_wconf 91' lang='lat' dir='ltr'>num.</span> <span class='ocrx_word' id='word_1_93' title='bbox 961 2353 1010 2418; x_wconf 91' lang='grc'>14.</span> <span class='ocrx_word' id='word_1_94' title='bbox 1030 2352 1223 2428; x_wconf 79' lang='lat' dir='ltr'>celebrans,</span> <span class='ocrx_word' id='word_1_95' title='bbox 1242 2363 1372 2440; x_wconf 88' lang='lat' dir='ltr'>sumpta</span> <span class='ocrx_word' id='word_1_96' title='bbox 1387 2354 1485 2430; x_wconf 87' lang='lat' dir='ltr'>stola,</span> <span class='ocrx_word' id='word_1_97' title='bbox 1502 2353 1673 2424; x_wconf 88' lang='lat' dir='ltr'>induetur</span> 
     </span>
     <span class='ocr_line' id='line_1_15' title="bbox 436 2458 1672 2547; baseline 0.004 -22"><span class='ocrx_word' id='word_1_98' title='bbox 436 2461 577 2547; x_wconf 89' lang='lat' dir='ltr'>pluviali</span> <span class='ocrx_word' id='word_1_99' title='bbox 592 2458 752 2536; x_wconf 90' lang='lat' dir='ltr'>violaceo,</span> <span class='ocrx_word' id='word_1_100' title='bbox 769 2466 804 2526; x_wconf 92' lang='grc'>61</span> <span class='ocrx_word' id='word_1_101' title='bbox 820 2461 964 2525; x_wconf 84' lang='lat' dir='ltr'>Ministri</span> <span class='ocrx_word' id='word_1_102' title='bbox 981 2480 1040 2546; x_wconf 89' lang='lat' dir='ltr'>pro</span> <span class='ocrx_word' id='word_1_103' title='bbox 1058 2459 1236 2526; x_wconf 89' lang='lat' dir='ltr'>dalmatica</span> <span class='ocrx_word' id='word_1_104' title='bbox 1252 2467 1285 2526; x_wconf 93' lang='lat' dir='ltr'>et</span> <span class='ocrx_word' id='word_1_105' title='bbox 1303 2460 1466 2528; x_wconf 86' lang='lat' dir='ltr'>tunicella</span> <span class='ocrx_word' id='word_1_106' title='bbox 1477 2461 1672 2530; x_wconf 84' lang='lat' dir='ltr'>induentur</span> 
     </span>
     <span class='ocr_line' id='line_1_16' title="bbox 435 2567 1670 2655; baseline 0.003 -22"><span class='ocrx_word' id='word_1_107' title='bbox 435 2570 577 2655; x_wconf 90' lang='lat' dir='ltr'>planetis</span> <span class='ocrx_word' id='word_1_108' title='bbox 601 2568 741 2653; x_wconf 84' lang='lat' dir='ltr'>plicatis,</span> <span class='ocrx_word' id='word_1_109' title='bbox 766 2569 793 2632; x_wconf 92' lang='lat' dir='ltr'>si</span> <span class='ocrx_word' id='word_1_110' title='bbox 817 2567 868 2632; x_wconf 90' lang='lat' dir='ltr'>bis</span> <span class='ocrx_word' id='word_1_111' title='bbox 893 2569 942 2632; x_wconf 93' lang='lat' dir='ltr'>uti</span> <span class='ocrx_word' id='word_1_112' title='bbox 967 2567 1081 2634; x_wconf 86' lang='lat' dir='ltr'>licebit</span> <span class='ocrx_word' id='word_1_113' title='bbox 1104 2570 1138 2633; x_wconf 91' lang='lat' dir='ltr'>in</span> <span class='ocrx_word' id='word_1_114' title='bbox 1154 2569 1296 2634; x_wconf 91' lang='lat' dir='ltr'>ecclesia</span> <span class='ocrx_word' id='word_1_115' title='bbox 1312 2570 1346 2634; x_wconf 93' lang='lat' dir='ltr'>in</span> <span class='ocrx_word' id='word_1_116' title='bbox 1362 2589 1428 2653; x_wconf 91' lang='lat' dir='ltr'>qua</span> <span class='ocrx_word' id='word_1_117' title='bbox 1443 2567 1501 2636; x_wconf 88' lang='lat' dir='ltr'>flet</span> <span class='ocrx_word' id='word_1_118' title='bbox 1520 2569 1670 2648; x_wconf 85' lang='lat' dir='ltr'>functio,</span> 
     </span>
     <span class='ocr_line' id='line_1_17' title="bbox 433 2674 1673 2752; baseline 0.005 -14"><span class='ocrx_word' id='word_1_119' title='bbox 433 2698 529 2742; x_wconf 75' lang='lat' dir='ltr'>secus</span> <span class='ocrx_word' id='word_1_120' title='bbox 554 2675 788 2741; x_wconf 88' lang='lat' dir='ltr'>ministrabunt</span> <span class='ocrx_word' id='word_1_121' title='bbox 810 2675 887 2740; x_wconf 92' lang='lat' dir='ltr'>alba</span> <span class='ocrx_word' id='word_1_122' title='bbox 909 2680 1041 2740; x_wconf 87' lang='lat' dir='ltr'>tantum</span> <span class='ocrx_word' id='word_1_123' title='bbox 1066 2674 1182 2752; x_wconf 93' lang='lat' dir='ltr'>induti,</span> <span class='ocrx_word' id='word_1_124' title='bbox 1207 2683 1242 2741; x_wconf 92' lang='lat' dir='ltr'>et</span> <span class='ocrx_word' id='word_1_125' title='bbox 1264 2675 1429 2742; x_wconf 89' lang='lat' dir='ltr'>Diaconus</span> <span class='ocrx_word' id='word_1_126' title='bbox 1452 2675 1578 2744; x_wconf 86' lang='lat' dir='ltr'>stolam</span> <span class='ocrx_word' id='word_1_127' title='bbox 1599 2675 1673 2744; x_wconf 82' lang='lat' dir='ltr'>dia·</span> 
     </span>
     <span class='ocr_line' id='line_1_18' title="bbox 433 2761 1103 2868; baseline -0.001 -18"><span class='ocrx_word' id='word_1_128' title='bbox 433 2761 584 2850; x_wconf 83' lang='lat' dir='ltr'>cbnalem</span> <span class='ocrx_word' id='word_1_129' title='bbox 608 2802 709 2868; x_wconf 90' lang='lat' dir='ltr'>super</span> <span class='ocrx_word' id='word_1_130' title='bbox 730 2782 840 2847; x_wconf 88' lang='lat' dir='ltr'>albam</span> <span class='ocrx_word' id='word_1_131' title='bbox 864 2783 925 2848; x_wconf 91' lang='lat' dir='ltr'>sibi</span> <span class='ocrx_word' id='word_1_132' title='bbox 949 2784 1103 2868; x_wconf 89' lang='lat' dir='ltr'>imponet.</span> 
     </span>
    </p>

    <p class='ocr_par' dir='ltr' id='par_1_7' title="bbox 433 2889 1672 3280">
     <span class='ocr_line' id='line_1_19' title="bbox 525 2889 1672 2980; baseline 0.003 -24"><span class='ocrx_word' id='word_1_133' title='bbox 525 2893 574 2958; x_wconf 85' lang='lat'>13.</span> <span class='ocrx_word' id='word_1_134' title='bbox 601 2889 883 2956; x_wconf 79' lang='lat' dir='ltr'>praecedentibus</span> <span class='ocrx_word' id='word_1_135' title='bbox 899 2889 1078 2975; x_wconf 82' lang='lat' dir='ltr'>Acolythis</span> <span class='ocrx_word' id='word_1_136' title='bbox 1095 2911 1170 2956; x_wconf 91' lang='lat' dir='ltr'>cum</span> <span class='ocrx_word' id='word_1_137' title='bbox 1183 2891 1393 2958; x_wconf 87' lang='lat' dir='ltr'>candelabris</span> <span class='ocrx_word' id='word_1_138' title='bbox 1410 2893 1573 2972; x_wconf 84' lang='lat' dir='ltr'>accensis,</span> <span class='ocrx_word' id='word_1_139' title='bbox 1590 2913 1672 2980; x_wconf 92' lang='lat' dir='ltr'>pro-</span> 
     </span>
     <span class='ocr_line' id='line_1_20' title="bbox 434 2997 1669 3086; baseline 0.003 -20"><span class='ocrx_word' id='word_1_140' title='bbox 434 3001 553 3066; x_wconf 89' lang='lat' dir='ltr'>cedent</span> <span class='ocrx_word' id='word_1_141' title='bbox 576 2999 618 3064; x_wconf 92' lang='lat' dir='ltr'>ad</span> <span class='ocrx_word' id='word_1_142' title='bbox 642 2998 771 3075; x_wconf 85' lang='lat' dir='ltr'>Altare,</span> <span class='ocrx_word' id='word_1_143' title='bbox 795 3018 835 3063; x_wconf 91' lang='lat' dir='ltr'>ac</span> <span class='ocrx_word' id='word_1_144' title='bbox 860 2997 1042 3066; x_wconf 85' lang='lat' dir='ltr'>Celebrans</span> <span class='ocrx_word' id='word_1_145' title='bbox 1066 2997 1192 3064; x_wconf 85' lang='lat' dir='ltr'>medius</span> <span class='ocrx_word' id='word_1_146' title='bbox 1227 3000 1316 3065; x_wconf 89' lang='lat' dir='ltr'>inter</span> <span class='ocrx_word' id='word_1_147' title='bbox 1347 3000 1520 3066; x_wconf 90' lang='lat' dir='ltr'>Ministros</span> <span class='ocrx_word' id='word_1_148' title='bbox 1551 3001 1669 3086; x_wconf 86' lang='lat' dir='ltr'>capite</span> 
     </span>
     <span class='ocr_line' id='line_1_21' title="bbox 433 3103 1669 3194; baseline 0.002 -22"><span class='ocrx_word' id='word_1_149' title='bbox 433 3114 549 3194; x_wconf 88' lang='lat' dir='ltr'>operto</span> <span class='ocrx_word' id='word_1_150' title='bbox 574 3105 715 3182; x_wconf 90' lang='lat' dir='ltr'>incedet,</span> <span class='ocrx_word' id='word_1_151' title='bbox 740 3111 840 3188; x_wconf 84' lang='lat' dir='ltr'>atque</span> <span class='ocrx_word' id='word_1_152' title='bbox 863 3105 919 3169; x_wconf 92' lang='lat' dir='ltr'>isti</span> <span class='ocrx_word' id='word_1_153' title='bbox 941 3103 1086 3170; x_wconf 87' lang='lat' dir='ltr'>fimbrias</span> <span class='ocrx_word' id='word_1_154' title='bbox 1116 3105 1274 3191; x_wconf 88' lang='lat' dir='ltr'>pluvialis</span> <span class='ocrx_word' id='word_1_155' title='bbox 1309 3105 1528 3172; x_wconf 83' lang='lat' dir='ltr'>Celebrantis&#39;</span> <span class='ocrx_word' id='word_1_156' title='bbox 1556 3109 1669 3174; x_wconf 78' lang='lat' dir='ltr'>susti-</span> 
     </span>
     <span class='ocr_line' id='line_1_22' title="bbox 436 3216 571 3280; baseline -0.007 -2"><span class='ocrx_word' id='word_1_157' title='bbox 436 3216 571 3280; x_wconf 88' lang='lat' dir='ltr'>nebunt.</span> 
     </span>
    </p>

    <p class='ocr_par' dir='ltr' id='par_1_8' title="bbox 432 3319 1675 3622">
     <span class='ocr_line' id='line_1_23' title="bbox 524 3319 1675 3404; baseline 0.006 -20"><span class='ocrx_word' id='word_1_158' title='bbox 524 3322 573 3385; x_wconf 86' lang='grc'>14.</span> <span class='ocrx_word' id='word_1_159' title='bbox 600 3321 634 3386; x_wconf 85' lang='lat' dir='ltr'>Si</span> <span class='ocrx_word' id='word_1_160' title='bbox 658 3319 900 3386; x_wconf 92' lang='lat' dir='ltr'>transeundum</span> <span class='ocrx_word' id='word_1_161' title='bbox 925 3321 968 3384; x_wconf 93' lang='lat' dir='ltr'>sit</span> <span class='ocrx_word' id='word_1_162' title='bbox 991 3325 1070 3383; x_wconf 85' lang='lat' dir='ltr'>ante</span> <span class='ocrx_word' id='word_1_163' title='bbox 1105 3320 1223 3386; x_wconf 80' lang='lat' dir='ltr'>Altare</span> <span class='ocrx_word' id='word_1_164' title='bbox 1255 3321 1311 3386; x_wconf 89' lang='lat' dir='ltr'>SS.</span> <span class='ocrx_word' id='word_1_165' title='bbox 1348 3321 1566 3398; x_wconf 87' lang='lat' dir='ltr'>Sacramenti,</span> <span class='ocrx_word' id='word_1_166' title='bbox 1604 3325 1675 3404; x_wconf 85' lang='lat' dir='ltr'>vel¹</span> 
     </span>
     <span class='ocr_line' id='line_1_24' title="bbox 432 3428 1667 3513; baseline 0.005 -21"><span class='ocrx_word' id='word_1_167' title='bbox 432 3435 511 3494; x_wconf 87' lang='lat' dir='ltr'>ante</span> <span class='ocrx_word' id='word_1_168' title='bbox 534 3429 626 3494; x_wconf 86' lang='lat' dir='ltr'>aliud</span> <span class='ocrx_word' id='word_1_169' title='bbox 649 3431 682 3493; x_wconf 91' lang='lat' dir='ltr'>in</span> <span class='ocrx_word' id='word_1_170' title='bbox 706 3449 770 3513; x_wconf 92' lang='lat' dir='ltr'>quo</span> <span class='ocrx_word' id='word_1_171' title='bbox 793 3429 965 3513; x_wconf 87' lang='lat' dir='ltr'>expositae</span> <span class='ocrx_word' id='word_1_172' title='bbox 993 3435 1106 3494; x_wconf 85' lang='lat' dir='ltr'>essent</span> <span class='ocrx_word' id='word_1_173' title='bbox 1140 3429 1172 3494; x_wconf 90' lang='lat' dir='ltr'>S.</span> <span class='ocrx_word' id='word_1_174' title='bbox 1205 3428 1388 3513; x_wconf 83' lang='lat' dir='ltr'>Reliquiae,</span> <span class='ocrx_word' id='word_1_175' title='bbox 1422 3428 1667 3498; x_wconf 86' lang='lat' dir='ltr'>observabitur</span> 
     </span>
     <span class='ocr_line' id='line_1_25' title="bbox 433 3534 1303 3622; baseline 0 -22"><span class='ocrx_word' id='word_1_176' title='bbox 433 3536 522 3618; x_wconf 88' lang='lat' dir='ltr'>quod</span> <span class='ocrx_word' id='word_1_177' title='bbox 546 3556 616 3621; x_wconf 92' lang='lat' dir='ltr'>cap.</span> <span class='ocrx_word' id='word_1_178' title='bbox 642 3536 700 3601; x_wconf 93' lang='lat' dir='ltr'>1V.</span> <span class='ocrx_word' id='word_1_179' title='bbox 726 3555 815 3600; x_wconf 88' lang='lat' dir='ltr'>num.</span> <span class='ocrx_word' id='word_1_180' title='bbox 838 3536 892 3600; x_wconf 81' lang='lat'>20.</span> <span class='ocrx_word' id='word_1_181' title='bbox 917 3537 980 3599; x_wconf 93' lang='lat' dir='ltr'>iam</span> <span class='ocrx_word' id='word_1_182' title='bbox 1004 3534 1205 3622; x_wconf 84' lang='lat' dir='ltr'>descriptum</span> <span class='ocrx_word' id='word_1_183' title='bbox 1229 3537 1303 3602; x_wconf 83' lang='lat' dir='ltr'>fuit.</span> 
     </span>
    </p>

    <p class='ocr_par' dir='ltr' id='par_1_9' title="bbox 434 3641 1664 3838">
     <span class='ocr_line' id='line_1_26' title="bbox 524 3641 1664 3731; baseline 0.006 -24"><span class='ocrx_word' id='word_1_184' title='bbox 524 3644 572 3708; x_wconf 85' lang='lat'>15.</span> <span class='ocrx_word' id='word_1_185' title='bbox 598 3645 636 3708; x_wconf 90' lang='lat' dir='ltr'>ln</span> <span class='ocrx_word' id='word_1_186' title='bbox 659 3643 750 3708; x_wconf 91' lang='lat' dir='ltr'>aditu</span> <span class='ocrx_word' id='word_1_187' title='bbox 774 3644 869 3708; x_wconf 85' lang='lat' dir='ltr'>chori</span> <span class='ocrx_word' id='word_1_188' title='bbox 892 3645 991 3708; x_wconf 93' lang='lat' dir='ltr'>etiam</span> <span class='ocrx_word' id='word_1_189' title='bbox 1015 3641 1073 3708; x_wconf 85' lang='lat' dir='ltr'>fiet</span> <span class='ocrx_word' id='word_1_190' title='bbox 1096 3644 1182 3728; x_wconf 91' lang='lat' dir='ltr'>quod</span> <span class='ocrx_word' id='word_1_191' title='bbox 1207 3644 1321 3711; x_wconf 88' lang='lat' dir='ltr'>eodem</span> <span class='ocrx_word' id='word_1_192' title='bbox 1345 3646 1453 3731; x_wconf 87' lang='lat' dir='ltr'>capite</span> <span class='ocrx_word' id='word_1_193' title='bbox 1476 3665 1568 3712; x_wconf 89' lang='lat' dir='ltr'>num.</span> <span class='ocrx_word' id='word_1_194' title='bbox 1603 3647 1664 3716; x_wconf 84' lang='lat'>21.</span> 
     </span>
     <span class='ocr_line' id='line_1_27' title="bbox 434 3750 1332 3838; baseline -0.001 -21"><span class='ocrx_word' id='word_1_195' title='bbox 434 3754 540 3817; x_wconf 90' lang='lat' dir='ltr'>relate</span> <span class='ocrx_word' id='word_1_196' title='bbox 563 3751 605 3816; x_wconf 92' lang='lat' dir='ltr'>ad</span> <span class='ocrx_word' id='word_1_197' title='bbox 629 3752 835 3816; x_wconf 88' lang='lat' dir='ltr'>reverentias</span> <span class='ocrx_word' id='word_1_198' title='bbox 859 3750 1065 3838; x_wconf 82' lang='lat' dir='ltr'>peragendas</span> <span class='ocrx_word' id='word_1_199' title='bbox 1090 3751 1248 3817; x_wconf 83' lang='lat' dir='ltr'>traditum</span> <span class='ocrx_word' id='word_1_200' title='bbox 1271 3758 1332 3818; x_wconf 91' lang='lat' dir='ltr'>est.</span> 
     </span>
    </p>

    <p class='ocr_par' dir='ltr' id='par_1_10' title="bbox 433 3859 1668 4270">
     <span class='ocr_line' id='line_1_28' title="bbox 525 3859 1667 3946; baseline 0.007 -23"><span class='ocrx_word' id='word_1_201' title='bbox 525 3859 573 3924; x_wconf 88' lang='grc'>16.</span> <span class='ocrx_word' id='word_1_202' title='bbox 599 3859 744 3925; x_wconf 75' lang='lat' dir='ltr'>chorum</span> <span class='ocrx_word' id='word_1_203' title='bbox 768 3859 942 3935; x_wconf 86' lang='lat' dir='ltr'>intrantes,</span> <span class='ocrx_word' id='word_1_204' title='bbox 967 3860 1112 3925; x_wconf 87' lang='lat' dir='ltr'>Ministri</span> <span class='ocrx_word' id='word_1_205' title='bbox 1134 3859 1283 3946; x_wconf 89' lang='lat' dir='ltr'>deposita</span> <span class='ocrx_word' id='word_1_206' title='bbox 1299 3859 1406 3926; x_wconf 88' lang='lat' dir='ltr'>bireta</span> <span class='ocrx_word' id='word_1_207' title='bbox 1421 3860 1559 3928; x_wconf 88' lang='lat' dir='ltr'>tradent</span> <span class='ocrx_word' id='word_1_208' title='bbox 1579 3861 1667 3930; x_wconf 78' lang='lat' dir='ltr'>Gae-</span> 
     </span>
     <span class='ocr_line' id='line_1_29' title="bbox 434 3955 1668 4053; baseline 0.006 -21"><span class='ocrx_word' id='word_1_209' title='bbox 434 3969 644 4044; x_wconf 83' lang='lat' dir='ltr'>remoniario</span> <span class='ocrx_word' id='word_1_210' title='bbox 670 3964 854 4034; x_wconf 83' lang='lat' dir='ltr'>Celebrans</span> <span class='ocrx_word' id='word_1_211' title='bbox 877 3973 988 4033; x_wconf 92' lang='lat' dir='ltr'>autem</span> <span class='ocrx_word' id='word_1_212' title='bbox 1019 3989 1116 4034; x_wconf 86' lang='lat' dir='ltr'>suum</span> <span class='ocrx_word' id='word_1_213' title='bbox 1149 3968 1240 4034; x_wconf 89' lang='lat' dir='ltr'>dabit</span> <span class='ocrx_word' id='word_1_214' title='bbox 1270 3968 1426 4044; x_wconf 90' lang='lat' dir='ltr'>Diacono,</span> <span class='ocrx_word' id='word_1_215' title='bbox 1457 3970 1515 4053; x_wconf 91' lang='lat' dir='ltr'>qui</span> <span class='ocrx_word' id='word_1_216' title='bbox 1550 3955 1668 4040; x_wconf 85' lang='lat' dir='ltr'>eidem¹</span> 
     </span>
     <span class='ocr_line' id='line_1_30' title="bbox 433 4074 1664 4162; baseline 0.006 -24"><span class='ocrx_word' id='word_1_217' title='bbox 433 4076 637 4140; x_wconf 89' lang='lat' dir='ltr'>transmittet</span> <span class='ocrx_word' id='word_1_218' title='bbox 662 4074 939 4150; x_wconf 75' lang='lat' dir='ltr'>caeremoniarim</span> <span class='ocrx_word' id='word_1_219' title='bbox 965 4075 1018 4139; x_wconf 94' lang='lat' dir='ltr'>hic</span> <span class='ocrx_word' id='word_1_220' title='bbox 1041 4083 1153 4141; x_wconf 91' lang='lat' dir='ltr'>autem</span> <span class='ocrx_word' id='word_1_221' title='bbox 1177 4095 1216 4141; x_wconf 92' lang='lat' dir='ltr'>ea</span> <span class='ocrx_word' id='word_1_222' title='bbox 1240 4082 1341 4161; x_wconf 87' lang='lat' dir='ltr'>ponet</span> <span class='ocrx_word' id='word_1_223' title='bbox 1363 4075 1420 4141; x_wconf 92' lang='lat' dir='ltr'>vel</span> <span class='ocrx_word' id='word_1_224' title='bbox 1435 4077 1513 4162; x_wconf 92' lang='lat' dir='ltr'>poni</span> <span class='ocrx_word' id='word_1_225' title='bbox 1529 4075 1664 4154; x_wconf 86' lang='lat' dir='ltr'>iubebit</span> 
     </span>
     <span class='ocr_line' id='line_1_31' title="bbox 433 4182 1364 4270; baseline -0.001 -23"><span class='ocrx_word' id='word_1_226' title='bbox 433 4186 464 4247; x_wconf 90' lang='lat' dir='ltr'>in</span> <span class='ocrx_word' id='word_1_227' title='bbox 489 4204 622 4249; x_wconf 84' lang='lat' dir='ltr'>scamno</span> <span class='ocrx_word' id='word_1_228' title='bbox 646 4203 706 4270; x_wconf 80' lang='lat' dir='ltr'>pro</span> <span class='ocrx_word' id='word_1_229' title='bbox 731 4182 929 4249; x_wconf 85' lang='grc'><strong>0616116116</strong></span> <span class='ocrx_word' id='word_1_230' title='bbox 953 4189 988 4247; x_wconf 89' lang='grc'>61</span> <span class='ocrx_word' id='word_1_231' title='bbox 1011 4184 1172 4249; x_wconf 84' lang='lat' dir='ltr'>Ministris</span> <span class='ocrx_word' id='word_1_232' title='bbox 1195 4191 1364 4270; x_wconf 89' lang='lat' dir='ltr'>apparato.</span> 
     </span>
    </p>

    <p class='ocr_par' dir='ltr' id='par_1_11' title="bbox 430 4290 1658 4794">
     <span class='ocr_line' id='line_1_32' title="bbox 522 4290 1658 4377; baseline 0.004 -21"><span class='ocrx_word' id='word_1_233' title='bbox 522 4294 571 4356; x_wconf 83' lang='lat'>17.</span> <span class='ocrx_word' id='word_1_234' title='bbox 598 4291 778 4358; x_wconf 74' lang='lat' dir='ltr'>celebrans</span> <span class='ocrx_word' id='word_1_235' title='bbox 802 4310 877 4355; x_wconf 90' lang='lat' dir='ltr'>eum</span> <span class='ocrx_word' id='word_1_236' title='bbox 901 4290 1062 4356; x_wconf 89' lang='lat' dir='ltr'>Ministris</span> <span class='ocrx_word' id='word_1_237' title='bbox 1098 4312 1294 4377; x_wconf 84' lang='lat' dir='ltr'>progressus</span> <span class='ocrx_word' id='word_1_238' title='bbox 1324 4298 1403 4357; x_wconf 88' lang='lat' dir='ltr'>ante</span> <span class='ocrx_word' id='word_1_239' title='bbox 1435 4291 1564 4370; x_wconf 81' lang='lat' dir='ltr'>Altare,</span> <span class='ocrx_word' id='word_1_240' title='bbox 1596 4313 1658 4360; x_wconf 88' lang='lat' dir='ltr'>re-</span> 
     </span>
     <span class='ocr_line' id='line_1_33' title="bbox 430 4396 1656 4486; baseline 0.007 -26"><span class='ocrx_word' id='word_1_241' title='bbox 430 4402 613 4463; x_wconf 85' lang='lat' dir='ltr'>verentiam</span> <span class='ocrx_word' id='word_1_242' title='bbox 637 4400 738 4463; x_wconf 81' lang='lat' dir='ltr'>faciet</span> <span class='ocrx_word' id='word_1_243' title='bbox 761 4397 802 4463; x_wconf 85' lang='lat' dir='ltr'>ad</span> <span class='ocrx_word' id='word_1_244' title='bbox 827 4398 976 4474; x_wconf 82' lang='lat' dir='ltr'>Crucem,</span> <span class='ocrx_word' id='word_1_245' title='bbox 1003 4399 1146 4463; x_wconf 87' lang='lat' dir='ltr'>Ministri</span> <span class='ocrx_word' id='word_1_246' title='bbox 1163 4406 1274 4463; x_wconf 91' lang='lat' dir='ltr'>autem</span> <span class='ocrx_word' id='word_1_247' title='bbox 1302 4396 1578 4483; x_wconf 80' lang='lat' dir='ltr'>genuflexionem,</span> <span class='ocrx_word' id='word_1_248' title='bbox 1597 4402 1656 4486; x_wconf 92' lang='lat' dir='ltr'>qui</span> 
     </span>
     <span class='ocr_line' id='line_1_34' title="bbox 431 4505 1652 4586; baseline 0.01 -22"><span class='ocrx_word' id='word_1_249' title='bbox 431 4508 591 4571; x_wconf 87' lang='lat' dir='ltr'>tamensi</span> <span class='ocrx_word' id='word_1_250' title='bbox 622 4508 750 4573; x_wconf 86' lang='lat' dir='ltr'>fuerint</span> <span class='ocrx_word' id='word_1_251' title='bbox 781 4506 939 4572; x_wconf 75' lang='lat' dir='ltr'>canonici</span> <span class='ocrx_word' id='word_1_252' title='bbox 970 4511 1004 4570; x_wconf 91' lang='grc'>61</span> <span class='ocrx_word' id='word_1_253' title='bbox 1039 4508 1072 4570; x_wconf 92' lang='lat' dir='ltr'>in</span> <span class='ocrx_word' id='word_1_254' title='bbox 1104 4526 1164 4571; x_wconf 90' lang='lat' dir='ltr'>sua</span> <span class='ocrx_word' id='word_1_255' title='bbox 1197 4505 1349 4572; x_wconf 85' lang='lat' dir='ltr'>Ecclesia</span> <span class='ocrx_word' id='word_1_256' title='bbox 1376 4509 1652 4586; x_wconf 83' lang='lat' dir='ltr'>ministraverint,</span> 
     </span>
     <span class='ocr_line' id='line_1_35' title="bbox 433 4608 1651 4699; baseline 0.01 -29"><span class='ocrx_word' id='word_1_257' title='bbox 433 4608 495 4672; x_wconf 91' lang='lat' dir='ltr'>hac</span> <span class='ocrx_word' id='word_1_258' title='bbox 519 4613 590 4676; x_wconf 86' lang='lat' dir='ltr'>vice</span> <span class='ocrx_word' id='word_1_259' title='bbox 615 4614 744 4690; x_wconf 92' lang='lat' dir='ltr'>nedum,</span> <span class='ocrx_word' id='word_1_260' title='bbox 769 4614 950 4680; x_wconf 86' lang='lat' dir='ltr'>sedetiam</span> <span class='ocrx_word' id='word_1_261' title='bbox 974 4614 1128 4699; x_wconf 87' lang='lat' dir='ltr'>deinceps</span> <span class='ocrx_word' id='word_1_262' title='bbox 1153 4634 1218 4680; x_wconf 91' lang='lat' dir='ltr'>non</span> <span class='ocrx_word' id='word_1_263' title='bbox 1242 4612 1509 4699; x_wconf 84' lang='lat' dir='ltr'>genuflexionem</span> <span class='ocrx_word' id='word_1_264' title='bbox 1525 4615 1651 4683; x_wconf 83' lang='lat' dir='ltr'>facient·</span> 
     </span>
     <span class='ocr_line' id='line_1_36' title="bbox 431 4715 981 4794; baseline 0.011 -16"><span class='ocrx_word' id='word_1_265' title='bbox 431 4715 472 4778; x_wconf 87' lang='lat' dir='ltr'>ad</span> <span class='ocrx_word' id='word_1_266' title='bbox 497 4715 645 4794; x_wconf 85' lang='lat' dir='ltr'>Crucem,</span> <span class='ocrx_word' id='word_1_267' title='bbox 669 4721 726 4785; x_wconf 88' lang='lat' dir='ltr'>sed</span> <span class='ocrx_word' id='word_1_268' title='bbox 749 4723 981 4788; x_wconf 88' lang='lat' dir='ltr'>reverentiam.</span> 
     </span>
    </p>
   </div>
   <div class='ocr_carea' id='block_1_5' title="bbox 0 0 2092 5717">
    <p class='ocr_par' dir='ltr' id='par_1_12' title="bbox 0 0 2092 5717">
     <span class='ocr_line' id='line_1_37' title="bbox 0 0 2092 5717; baseline 0 2"><span class='ocrx_word' id='word_1_269' title='bbox 0 0 2092 5717; x_wconf 95' lang='lat' dir='ltr'> </span> 
     </span>
    </p>
   </div>
  </div>
 </body>
</html>
