<?xml version="1.0" encoding="UTF-8"?>
<!DOCTYPE html PUBLIC "-//W3C//DTD XHTML 1.0 Transitional//EN"
    "http://www.w3.org/TR/xhtml1/DTD/xhtml1-transitional.dtd">
<html xmlns="http://www.w3.org/1999/xhtml" xml:lang="en" lang="en">
 <head>
  <title>
</title>
<meta http-equiv="Content-Type" content="text/html;charset=utf-8" />
  <meta name='ocr-system' content='tesseract 3.04.00' />
  <meta name='ocr-capabilities' content='ocr_page ocr_carea ocr_par ocr_line ocrx_word'/>
</head>
<body>
  <div class='ocr_page' id='page_1' title='image "./manualesacrarum00martgoog_0308.png"; bbox 0 0 4175 5717; ppageno 0'>
   <div class='ocr_carea' id='block_1_1' title="bbox 516 707 1090 799">
    <p class='ocr_par' dir='ltr' id='par_1_1' title="bbox 516 707 1090 799">
     <span class='ocr_line' id='line_1_1' title="bbox 516 707 1090 799; baseline 0.002 -31"><span class='ocrx_word' id='word_1_1' title='bbox 516 707 579 768; x_wconf 70' lang='grc'><strong>’2811</strong></span> <span class='ocrx_word' id='word_1_2' title='bbox 856 787 863 799; x_wconf 89' lang='lat'>.</span> <span class='ocrx_word' id='word_1_3' title='bbox 979 728 1043 772; x_wconf 79' lang='lat' dir='ltr'>nra.</span> <span class='ocrx_word' id='word_1_4' title='bbox 1070 727 1090 772; x_wconf 91' lang='lat'>1.</span> 
     </span>
    </p>
   </div>
   <div class='ocr_carea' id='block_1_2' title="bbox 301 831 1656 1456">
    <p class='ocr_par' dir='ltr' id='par_1_2' title="bbox 301 831 1656 1113">
     <span class='ocr_line' id='line_1_2' title="bbox 519 831 1654 917; baseline 0.005 -23"><span class='ocrx_word' id='word_1_5' title='bbox 519 832 592 895; x_wconf 84' lang='grc'><strong>473.</strong></span> <span class='ocrx_word' id='word_1_6' title='bbox 619 831 668 895; x_wconf 79' lang='lat' dir='ltr'>Ad</span> <span class='ocrx_word' id='word_1_7' title='bbox 694 833 922 917; x_wconf 74' lang='lat' dir='ltr'>repetitionem</span> <span class='ocrx_word' id='word_1_8' title='bbox 946 843 980 912; x_wconf 73' lang='lat' dir='ltr'>m.</span> <span class='ocrx_word' id='word_1_9' title='bbox 1007 832 1134 899; x_wconf 80' lang='lat' dir='ltr'>Libero</span> <span class='ocrx_word' id='word_1_10' title='bbox 1156 854 1219 908; x_wconf 84' lang='lat' dir='ltr'>me,</span> <span class='ocrx_word' id='word_1_11' title='bbox 1244 835 1389 901; x_wconf 80' lang='lat' dir='ltr'><strong><em>Domine</em></strong></span> <span class='ocrx_word' id='word_1_12' title='bbox 1403 835 1577 900; x_wconf 87' lang='lat' dir='ltr'>incensum</span> <span class='ocrx_word' id='word_1_13' title='bbox 1603 836 1654 900; x_wconf 90' lang='lat' dir='ltr'>in-</span> 
     </span>
     <span class='ocr_line' id='line_1_3' title="bbox 431 936 1656 1010; baseline 0.007 -9"><span class='ocrx_word' id='word_1_14' title='bbox 431 936 548 1002; x_wconf 83' lang='lat' dir='ltr'>fundet</span> <span class='ocrx_word' id='word_1_15' title='bbox 571 940 604 1002; x_wconf 93' lang='lat' dir='ltr'>in</span> <span class='ocrx_word' id='word_1_16' title='bbox 628 938 837 1004; x_wconf 92' lang='lat' dir='ltr'>thuribulum</span> <span class='ocrx_word' id='word_1_17' title='bbox 861 959 935 1004; x_wconf 90' lang='lat' dir='ltr'>cum</span> <span class='ocrx_word' id='word_1_18' title='bbox 959 940 1106 1005; x_wconf 84' lang='lat' dir='ltr'>formula</span> <span class='ocrx_word' id='word_1_19' title='bbox 1129 947 1288 1010; x_wconf 88' lang='lat' dir='ltr'>consueta</span> <span class='ocrx_word' id='word_1_20' title='bbox 1312 941 1364 1007; x_wconf 88' lang='lat' dir='ltr'>Ab</span> <span class='ocrx_word' id='word_1_21' title='bbox 1387 941 1445 1009; x_wconf 84' lang='lat' dir='ltr'>illo</span> <span class='ocrx_word' id='word_1_22' title='bbox 1467 942 1656 1010; x_wconf 65' lang='lat' dir='ltr'>tenemen-</span> 
     </span>
     <span class='ocr_line' id='line_1_4' title="bbox 301 1046 828 1113; baseline 0.004 -4"><span class='ocrx_word' id='word_1_23' title='bbox 301 1053 306 1062; x_wconf 89' lang='lat'>&#39;</span> <span class='ocrx_word' id='word_1_24' title='bbox 428 1047 480 1110; x_wconf 78' lang='grc'>111</span> <span class='ocrx_word' id='word_1_25' title='bbox 503 1052 565 1111; x_wconf 91' lang='lat' dir='ltr'>etc.</span> <span class='ocrx_word' id='word_1_26' title='bbox 591 1053 624 1110; x_wconf 91' lang='lat' dir='ltr'>et</span> <span class='ocrx_word' id='word_1_27' title='bbox 648 1046 828 1113; x_wconf 75' lang='lat' dir='ltr'>benedicet.</span> 
     </span>
    </p>

    <p class='ocr_par' dir='ltr' id='par_1_3' title="bbox 430 1154 1655 1350">
     <span class='ocr_line' id='line_1_5' title="bbox 516 1154 1655 1230; baseline 0.007 -14"><span class='ocrx_word' id='word_1_28' title='bbox 516 1156 590 1217; x_wconf 87' lang='grc'><strong>474.</strong></span> <span class='ocrx_word' id='word_1_29' title='bbox 615 1154 666 1218; x_wconf 75' lang='lat' dir='ltr'>nd</span> <span class='ocrx_word' id='word_1_30' title='bbox 691 1154 809 1220; x_wconf 82' lang='lat' dir='ltr'>Altare</span> <span class='ocrx_word' id='word_1_31' title='bbox 833 1156 928 1221; x_wconf 89' lang='lat' dir='ltr'>deinc</span> <span class='ocrx_word' id='word_1_32' title='bbox 951 1176 971 1220; x_wconf 86' lang='lat' dir='ltr'>a</span> <span class='ocrx_word' id='word_1_33' title='bbox 994 1156 1102 1222; x_wconf 88' lang='lat' dir='ltr'>latere</span> <span class='ocrx_word' id='word_1_34' title='bbox 1122 1155 1288 1230; x_wconf 84' lang='lat' dir='ltr'>ascendet,</span> <span class='ocrx_word' id='word_1_35' title='bbox 1307 1159 1529 1223; x_wconf 80' lang='lat' dir='ltr'>reverentiam</span> <span class='ocrx_word' id='word_1_36' title='bbox 1546 1157 1655 1224; x_wconf 72' lang='lat' dir='ltr'>saciet</span> 
     </span>
     <span class='ocr_line' id='line_1_6' title="bbox 430 1260 1531 1350; baseline 0.001 -23"><span class='ocrx_word' id='word_1_37' title='bbox 430 1260 540 1336; x_wconf 87' lang='lat' dir='ltr'>Cruci,</span> <span class='ocrx_word' id='word_1_38' title='bbox 564 1282 664 1345; x_wconf 91' lang='lat' dir='ltr'>quum</span> <span class='ocrx_word' id='word_1_39' title='bbox 687 1266 878 1348; x_wconf 85' lang='lat' dir='ltr'>pervenerit</span> <span class='ocrx_word' id='word_1_40' title='bbox 903 1265 936 1329; x_wconf 94' lang='lat' dir='ltr'>in</span> <span class='ocrx_word' id='word_1_41' title='bbox 961 1264 1205 1350; x_wconf 82' lang='lat' dir='ltr'>suppedaneum</span> <span class='ocrx_word' id='word_1_42' title='bbox 1231 1264 1338 1348; x_wconf 89' lang='lat' dir='ltr'>ibique</span> <span class='ocrx_word' id='word_1_43' title='bbox 1362 1266 1531 1331; x_wconf 84' lang='lat' dir='ltr'>consistat.</span> 
     </span>
    </p>

    <p class='ocr_par' dir='ltr' id='par_1_4' title="bbox 517 1370 1654 1456">
     <span class='ocr_line' id='line_1_7' title="bbox 517 1370 1654 1456; baseline 0.004 -23"><span class='ocrx_word' id='word_1_44' title='bbox 517 1371 592 1434; x_wconf 76' lang='grc'><strong>475.</strong></span> <span class='ocrx_word' id='word_1_45' title='bbox 619 1370 760 1436; x_wconf 87' lang='lat' dir='ltr'>Cantato</span> <span class='ocrx_word' id='word_1_46' title='bbox 783 1392 802 1435; x_wconf 90' lang='lat' dir='ltr'>a</span> <span class='ocrx_word' id='word_1_47' title='bbox 826 1371 1019 1436; x_wconf 89' lang='lat' dir='ltr'>cantoribus</span> <span class='ocrx_word' id='word_1_48' title='bbox 1035 1371 1147 1456; x_wconf 76' lang='lat' dir='ltr'>Kyrie</span> <span class='ocrx_word' id='word_1_49' title='bbox 1169 1371 1307 1440; x_wconf 74' lang='lat' dir='ltr'>eleison.</span> <span class='ocrx_word' id='word_1_50' title='bbox 1325 1370 1487 1437; x_wconf 73' lang='lat' dir='ltr'>intonabit</span> <span class='ocrx_word' id='word_1_51' title='bbox 1501 1370 1575 1436; x_wconf 88' lang='lat' dir='ltr'>alta</span> <span class='ocrx_word' id='word_1_52' title='bbox 1594 1391 1654 1438; x_wconf 89' lang='lat' dir='ltr'>vo-</span> 
     </span>
    </p>
   </div>
   <div class='ocr_carea' id='block_1_3' title="bbox 382 1478 1655 2532">
    <p class='ocr_par' dir='ltr' id='par_1_5' title="bbox 382 1478 1655 2532">
     <span class='ocr_line' id='line_1_8' title="bbox 431 1478 1653 1566; baseline 0.002 -24"><span class='ocrx_word' id='word_1_53' title='bbox 431 1499 468 1542; x_wconf 88' lang='lat' dir='ltr'>ce</span> <span class='ocrx_word' id='word_1_54' title='bbox 493 1478 602 1544; x_wconf 83' lang='lat' dir='ltr'>Pater</span> <span class='ocrx_word' id='word_1_55' title='bbox 623 1485 752 1550; x_wconf 77' lang='lat' dir='ltr'>noster,</span> <span class='ocrx_word' id='word_1_56' title='bbox 777 1478 863 1562; x_wconf 91' lang='lat' dir='ltr'>quod</span> <span class='ocrx_word' id='word_1_57' title='bbox 887 1487 1017 1543; x_wconf 88' lang='lat' dir='ltr'>secreto</span> <span class='ocrx_word' id='word_1_58' title='bbox 1033 1485 1264 1566; x_wconf 80' lang='lat' dir='ltr'>prosequetur.</span> <span class='ocrx_word' id='word_1_59' title='bbox 1283 1479 1509 1544; x_wconf 74' lang='lat' dir='ltr'>convertet-ur</span> <span class='ocrx_word' id='word_1_60' title='bbox 1527 1497 1653 1546; x_wconf 84' lang='lat' dir='ltr'>versus</span> 
     </span>
     <span class='ocr_line' id='line_1_9' title="bbox 382 1585 1653 1672; baseline 0.002 -22"><span class='ocrx_word' id='word_1_61' title='bbox 382 1625 388 1640; x_wconf 65' lang='grc'><strong>»</strong></span> <span class='ocrx_word' id='word_1_62' title='bbox 430 1606 574 1671; x_wconf 91' lang='lat' dir='ltr'>pannum</span> <span class='ocrx_word' id='word_1_63' title='bbox 599 1587 730 1668; x_wconf 77' lang='lat' dir='ltr'>nigrum</span> <span class='ocrx_word' id='word_1_64' title='bbox 754 1607 813 1650; x_wconf 91' lang='lat' dir='ltr'>seu</span> <span class='ocrx_word' id='word_1_65' title='bbox 838 1585 1013 1656; x_wconf 84' lang='lat' dir='ltr'>tumulum.</span> <span class='ocrx_word' id='word_1_66' title='bbox 1040 1587 1178 1672; x_wconf 81' lang='lat' dir='ltr'>accipiet</span> <span class='ocrx_word' id='word_1_67' title='bbox 1202 1587 1425 1671; x_wconf 88' lang='lat' dir='ltr'>aspersorium</span> <span class='ocrx_word' id='word_1_68' title='bbox 1453 1605 1473 1650; x_wconf 92' lang='lat' dir='ltr'>a</span> <span class='ocrx_word' id='word_1_69' title='bbox 1500 1585 1653 1652; x_wconf 85' lang='lat' dir='ltr'>Diacono</span> 
     </span>
     <span class='ocr_line' id='line_1_10' title="bbox 430 1691 1652 1778; baseline 0.003 -22"><span class='ocrx_word' id='word_1_70' title='bbox 430 1701 464 1758; x_wconf 89' lang='lat' dir='ltr'>et</span> <span class='ocrx_word' id='word_1_71' title='bbox 487 1713 605 1757; x_wconf 88' lang='lat' dir='ltr'>versus</span> <span class='ocrx_word' id='word_1_72' title='bbox 629 1693 794 1757; x_wconf 87' lang='lat' dir='ltr'>tumulum</span> <span class='ocrx_word' id='word_1_73' title='bbox 827 1705 982 1778; x_wconf 82' lang='lat' dir='ltr'>asperget.</span> <span class='ocrx_word' id='word_1_74' title='bbox 1005 1694 1038 1757; x_wconf 93' lang='lat' dir='ltr'>in</span> <span class='ocrx_word' id='word_1_75' title='bbox 1072 1692 1188 1768; x_wconf 92' lang='lat' dir='ltr'>medio,</span> <span class='ocrx_word' id='word_1_76' title='bbox 1220 1712 1240 1756; x_wconf 94' lang='lat' dir='ltr'>a</span> <span class='ocrx_word' id='word_1_77' title='bbox 1270 1693 1413 1758; x_wconf 87' lang='lat' dir='ltr'>sinistris</span> <span class='ocrx_word' id='word_1_78' title='bbox 1437 1691 1479 1758; x_wconf 88' lang='lat' dir='ltr'>et&#39;</span> <span class='ocrx_word' id='word_1_79' title='bbox 1497 1692 1652 1760; x_wconf 86' lang='lat' dir='ltr'>dexteris</span> 
     </span>
     <span class='ocr_line' id='line_1_11' title="bbox 430 1801 1652 1887; baseline 0.002 -21"><span class='ocrx_word' id='word_1_80' title='bbox 430 1805 508 1878; x_wconf 88' lang='lat' dir='ltr'>suis;</span> <span class='ocrx_word' id='word_1_81' title='bbox 533 1805 755 1887; x_wconf 82' lang='lat' dir='ltr'>aspersorium</span> <span class='ocrx_word' id='word_1_82' title='bbox 781 1802 897 1867; x_wconf 90' lang='lat' dir='ltr'>reddet</span> <span class='ocrx_word' id='word_1_83' title='bbox 922 1803 1114 1877; x_wconf 72' lang='lat' dir='ltr'>Diaconos</span> <span class='ocrx_word' id='word_1_84' title='bbox 1138 1821 1202 1885; x_wconf 93' lang='lat' dir='ltr'>quo</span> <span class='ocrx_word' id='word_1_85' title='bbox 1225 1802 1363 1886; x_wconf 86' lang='lat' dir='ltr'>accipiet</span> <span class='ocrx_word' id='word_1_86' title='bbox 1387 1801 1599 1868; x_wconf 90' lang='lat' dir='ltr'>thuribulum</span> <span class='ocrx_word' id='word_1_87' title='bbox 1614 1807 1652 1869; x_wconf 84' lang='lat' dir='ltr'>et</span> 
     </span>
     <span class='ocr_line' id='line_1_12' title="bbox 413 1909 1562 1993; baseline -0.002 -19"><span class='ocrx_word' id='word_1_88' title='bbox 413 1909 719 1976; x_wconf 71' lang='lat' dir='ltr'>thurificationem.</span> <span class='ocrx_word' id='word_1_89' title='bbox 744 1909 858 1974; x_wconf 90' lang='lat' dir='ltr'>eodem</span> <span class='ocrx_word' id='word_1_90' title='bbox 882 1909 977 1974; x_wconf 91' lang='lat' dir='ltr'>modo</span> <span class='ocrx_word' id='word_1_91' title='bbox 1000 1930 1065 1993; x_wconf 90' lang='lat' dir='ltr'>quo</span> <span class='ocrx_word' id='word_1_92' title='bbox 1088 1910 1323 1993; x_wconf 87' lang='lat' dir='ltr'>aspersionem,</span> <span class='ocrx_word' id='word_1_93' title='bbox 1347 1913 1562 1993; x_wconf 83' lang='lat' dir='ltr'>exsequetur.</span> 
     </span>
     <span class='ocr_line' id='line_1_13' title="bbox 519 2016 1652 2105; baseline 0.002 -25"><span class='ocrx_word' id='word_1_94' title='bbox 519 2019 593 2082; x_wconf 83' lang='grc'><strong>476.</strong></span> <span class='ocrx_word' id='word_1_95' title='bbox 620 2018 749 2082; x_wconf 79' lang='lat' dir='ltr'>Rursus</span> <span class='ocrx_word' id='word_1_96' title='bbox 773 2022 991 2082; x_wconf 89' lang='lat' dir='ltr'>convertetur</span> <span class='ocrx_word' id='word_1_97' title='bbox 1015 2016 1057 2082; x_wconf 92' lang='lat' dir='ltr'>ad</span> <span class='ocrx_word' id='word_1_98' title='bbox 1082 2016 1209 2091; x_wconf 75' lang='lat' dir='ltr'>Altam,</span> <span class='ocrx_word' id='word_1_99' title='bbox 1235 2022 1351 2102; x_wconf 85' lang='lat' dir='ltr'>perget</span> <span class='ocrx_word' id='word_1_100' title='bbox 1375 2017 1408 2080; x_wconf 93' lang='lat' dir='ltr'>in</span> <span class='ocrx_word' id='word_1_101' title='bbox 1432 2035 1537 2082; x_wconf 88' lang='lat' dir='ltr'>cornu</span> <span class='ocrx_word' id='word_1_102' title='bbox 1567 2016 1652 2105; x_wconf 82' lang='lat' dir='ltr'>Epi-</span> 
     </span>
     <span class='ocr_line' id='line_1_14' title="bbox 431 2123 1654 2199; baseline 0.004 -11"><span class='ocrx_word' id='word_1_103' title='bbox 431 2125 537 2189; x_wconf 87' lang='lat' dir='ltr'>stolae</span> <span class='ocrx_word' id='word_1_104' title='bbox 560 2124 601 2189; x_wconf 92' lang='lat' dir='ltr'>ad</span> <span class='ocrx_word' id='word_1_105' title='bbox 626 2124 758 2199; x_wconf 91' lang='lat' dir='ltr'>librum,</span> <span class='ocrx_word' id='word_1_106' title='bbox 783 2124 837 2189; x_wconf 91' lang='lat' dir='ltr'>ubi</span> <span class='ocrx_word' id='word_1_107' title='bbox 862 2126 985 2189; x_wconf 91' lang='lat' dir='ltr'>iunctis</span> <span class='ocrx_word' id='word_1_108' title='bbox 1003 2124 1154 2190; x_wconf 85' lang='lat' dir='ltr'>manibus</span> <span class='ocrx_word' id='word_1_109' title='bbox 1173 2123 1319 2189; x_wconf 84' lang='lat' dir='ltr'>cantabit</span> <span class='ocrx_word' id='word_1_110' title='bbox 1334 2143 1451 2188; x_wconf 86' lang='lat' dir='ltr'>versus</span> <span class='ocrx_word' id='word_1_111' title='bbox 1467 2123 1568 2192; x_wconf 79' lang='lat' dir='ltr'>Eine</span> <span class='ocrx_word' id='word_1_112' title='bbox 1584 2144 1654 2192; x_wconf 74' lang='lat' dir='ltr'>nos</span> 
     </span>
     <span class='ocr_line' id='line_1_15' title="bbox 431 2231 1655 2315; baseline 0.002 -18"><span class='ocrx_word' id='word_1_113' title='bbox 431 2234 580 2299; x_wconf 76' lang='lat' dir='ltr'>toclacus</span> <span class='ocrx_word' id='word_1_114' title='bbox 604 2239 667 2297; x_wconf 90' lang='lat' dir='ltr'>etc.</span> <span class='ocrx_word' id='word_1_115' title='bbox 691 2239 791 2315; x_wconf 89' lang='lat' dir='ltr'>atque</span> <span class='ocrx_word' id='word_1_116' title='bbox 815 2233 1007 2296; x_wconf 89' lang='lat' dir='ltr'>orationem.</span> <span class='ocrx_word' id='word_1_117' title='bbox 1033 2232 1227 2315; x_wconf 87' lang='lat' dir='ltr'>Postquam</span> <span class='ocrx_word' id='word_1_118' title='bbox 1244 2251 1366 2297; x_wconf 87' lang='lat' dir='ltr'>canens</span> <span class='ocrx_word' id='word_1_119' title='bbox 1383 2231 1516 2296; x_wconf 89' lang='lat' dir='ltr'>adiiciet</span> <span class='ocrx_word' id='word_1_120' title='bbox 1530 2237 1563 2306; x_wconf 66' lang='lat' dir='ltr'>t.</span> <span class='ocrx_word' id='word_1_121' title='bbox 1585 2231 1655 2300; x_wconf 81' lang='lat' dir='ltr'>Re-</span> 
     </span>
     <span class='ocr_line' id='line_1_16' title="bbox 432 2337 1654 2424; baseline 0.002 -20"><span class='ocrx_word' id='word_1_122' title='bbox 432 2341 549 2424; x_wconf 81' lang='lat' dir='ltr'>quiem</span> <span class='ocrx_word' id='word_1_123' title='bbox 572 2347 753 2406; x_wconf 81' lang='lat' dir='ltr'>aeternam</span> <span class='ocrx_word' id='word_1_124' title='bbox 777 2344 839 2403; x_wconf 90' lang='lat' dir='ltr'>etc.</span> <span class='ocrx_word' id='word_1_125' title='bbox 864 2346 934 2403; x_wconf 88' lang='lat' dir='ltr'>tum</span> <span class='ocrx_word' id='word_1_126' title='bbox 958 2344 1093 2403; x_wconf 87' lang='lat' dir='ltr'>cantato</span> <span class='ocrx_word' id='word_1_127' title='bbox 1116 2359 1136 2402; x_wconf 88' lang='lat' dir='ltr'>a</span> <span class='ocrx_word' id='word_1_128' title='bbox 1160 2339 1352 2403; x_wconf 89' lang='lat' dir='ltr'>cantoribus</span> <span class='ocrx_word' id='word_1_129' title='bbox 1378 2343 1408 2412; x_wconf 76' lang='grc'>11.</span> <span class='ocrx_word' id='word_1_130' title='bbox 1438 2337 1654 2424; x_wconf 77' lang='lat' dir='ltr'>Requiescat</span> 
     </span>
     <span class='ocr_line' id='line_1_17' title="bbox 432 2443 1654 2532; baseline 0.002 -21"><span class='ocrx_word' id='word_1_131' title='bbox 432 2448 470 2513; x_wconf 82' lang='lat' dir='ltr'>io</span> <span class='ocrx_word' id='word_1_132' title='bbox 491 2466 590 2529; x_wconf 83' lang='lat' dir='ltr'>poce,</span> <span class='ocrx_word' id='word_1_133' title='bbox 615 2445 669 2511; x_wconf 92' lang='lat' dir='ltr'>vel</span> <span class='ocrx_word' id='word_1_134' title='bbox 696 2447 931 2531; x_wconf 74' lang='lat' dir='ltr'>Requieacoot</span> <span class='ocrx_word' id='word_1_135' title='bbox 954 2447 991 2512; x_wconf 81' lang='lat' dir='ltr'>io</span> <span class='ocrx_word' id='word_1_136' title='bbox 1003 2465 1103 2528; x_wconf 82' lang='lat' dir='ltr'>pace.</span> <span class='ocrx_word' id='word_1_137' title='bbox 1121 2447 1148 2510; x_wconf 93' lang='lat' dir='ltr'>si</span> <span class='ocrx_word' id='word_1_138' title='bbox 1164 2446 1331 2511; x_wconf 85' lang='lat' dir='ltr'>absolutio</span> <span class='ocrx_word' id='word_1_139' title='bbox 1347 2466 1408 2532; x_wconf 92' lang='lat' dir='ltr'>pro</span> <span class='ocrx_word' id='word_1_140' title='bbox 1424 2444 1576 2532; x_wconf 89' lang='lat' dir='ltr'>pluribus</span> <span class='ocrx_word' id='word_1_141' title='bbox 1592 2443 1654 2514; x_wconf 88' lang='lat' dir='ltr'>flet</span> 
     </span>
    </p>
   </div>
   <div class='ocr_carea' id='block_1_4' title="bbox 432 2552 1752 2640">
    <p class='ocr_par' dir='ltr' id='par_1_6' title="bbox 432 2552 1752 2640">
     <span class='ocr_line' id='line_1_18' title="bbox 432 2552 1752 2640; baseline 0.002 -23"><span class='ocrx_word' id='word_1_142' title='bbox 432 2553 608 2622; x_wconf 89' lang='lat' dir='ltr'>defunctis.</span> <span class='ocrx_word' id='word_1_143' title='bbox 634 2553 813 2618; x_wconf 85' lang='lat' dir='ltr'>descendet</span> <span class='ocrx_word' id='word_1_144' title='bbox 836 2552 875 2618; x_wconf 88' lang='lat' dir='ltr'>de</span> <span class='ocrx_word' id='word_1_145' title='bbox 899 2552 1009 2617; x_wconf 80' lang='lat' dir='ltr'>Altavi</span> <span class='ocrx_word' id='word_1_146' title='bbox 1033 2574 1109 2618; x_wconf 90' lang='lat' dir='ltr'>cum</span> <span class='ocrx_word' id='word_1_147' title='bbox 1132 2555 1302 2631; x_wconf 84' lang='lat' dir='ltr'>llinistris,</span> <span class='ocrx_word' id='word_1_148' title='bbox 1327 2554 1537 2620; x_wconf 84' lang='lat' dir='ltr'>reverebitur</span> <span class='ocrx_word' id='word_1_149' title='bbox 1561 2553 1653 2622; x_wconf 83' lang='lat' dir='ltr'>Oru-</span> <span class='ocrx_word' id='word_1_150' title='bbox 1747 2625 1752 2640; x_wconf 38' lang='lat'><strong>¹</strong></span> 
     </span>
    </p>
   </div>
   <div class='ocr_carea' id='block_1_5' title="bbox 432 2661 1701 4684">
    <p class='ocr_par' dir='ltr' id='par_1_7' title="bbox 432 2661 1701 2962">
     <span class='ocr_line' id='line_1_19' title="bbox 432 2661 1701 2754; baseline 0.004 -29"><span class='ocrx_word' id='word_1_151' title='bbox 432 2681 514 2754; x_wconf 81' lang='lat' dir='ltr'>cern,</span> <span class='ocrx_word' id='word_1_152' title='bbox 539 2667 573 2725; x_wconf 88' lang='lat' dir='ltr'>et</span> <span class='ocrx_word' id='word_1_153' title='bbox 595 2667 731 2746; x_wconf 89' lang='lat' dir='ltr'>accepto</span> <span class='ocrx_word' id='word_1_154' title='bbox 754 2682 774 2726; x_wconf 91' lang='lat' dir='ltr'>a</span> <span class='ocrx_word' id='word_1_155' title='bbox 798 2661 943 2726; x_wconf 86' lang='lat' dir='ltr'>Diacono</span> <span class='ocrx_word' id='word_1_156' title='bbox 967 2661 1074 2726; x_wconf 92' lang='lat' dir='ltr'>bireto</span> <span class='ocrx_word' id='word_1_157' title='bbox 1097 2668 1199 2745; x_wconf 90' lang='lat' dir='ltr'>caput</span> <span class='ocrx_word' id='word_1_158' title='bbox 1223 2663 1360 2747; x_wconf 89' lang='lat' dir='ltr'>operiet,</span> <span class='ocrx_word' id='word_1_159' title='bbox 1378 2663 1565 2746; x_wconf 88' lang='lat' dir='ltr'>iunctisque</span> <span class='ocrx_word' id='word_1_160' title='bbox 1584 2681 1655 2728; x_wconf 85' lang='lat' dir='ltr'>ma·</span> <span class='ocrx_word' id='word_1_161' title='bbox 1696 2717 1701 2730; x_wconf 95' lang='lat'>.</span> 
     </span>
     <span class='ocr_line' id='line_1_20' title="bbox 433 2768 1652 2845; baseline 0.003 -12"><span class='ocrx_word' id='word_1_162' title='bbox 433 2769 528 2834; x_wconf 89' lang='lat' dir='ltr'>nibus</span> <span class='ocrx_word' id='word_1_163' title='bbox 553 2771 641 2834; x_wconf 89' lang='lat' dir='ltr'>inter</span> <span class='ocrx_word' id='word_1_164' title='bbox 664 2770 834 2834; x_wconf 91' lang='lat' dir='ltr'>Ministros</span> <span class='ocrx_word' id='word_1_165' title='bbox 865 2769 996 2836; x_wconf 87' lang='lat' dir='ltr'>eosdem</span> <span class='ocrx_word' id='word_1_166' title='bbox 1028 2768 1148 2834; x_wconf 89' lang='lat' dir='ltr'>redibit</span> <span class='ocrx_word' id='word_1_167' title='bbox 1178 2769 1218 2834; x_wconf 86' lang='lat' dir='ltr'>ad</span> <span class='ocrx_word' id='word_1_168' title='bbox 1254 2771 1447 2845; x_wconf 89' lang='lat' dir='ltr'>sacrarium,</span> <span class='ocrx_word' id='word_1_169' title='bbox 1479 2775 1514 2834; x_wconf 87' lang='lat' dir='ltr'>et</span> <span class='ocrx_word' id='word_1_170' title='bbox 1544 2771 1652 2837; x_wconf 77' lang='lat' dir='ltr'>saeris</span> 
     </span>
     <span class='ocr_line' id='line_1_21' title="bbox 433 2878 1379 2962; baseline 0.003 -24"><span class='ocrx_word' id='word_1_171' title='bbox 433 2878 643 2942; x_wconf 89' lang='lat' dir='ltr'>vestimentis</span> <span class='ocrx_word' id='word_1_172' title='bbox 668 2884 822 2942; x_wconf 82' lang='lat' dir='ltr'>exuetur.</span> <span class='ocrx_word' id='word_1_173' title='bbox 1375 2955 1379 2962; x_wconf 24' lang='lat'>⁵</span> 
     </span>
    </p>

    <p class='ocr_par' dir='ltr' id='par_1_8' title="bbox 433 2985 1655 3402">
     <span class='ocr_line' id='line_1_22' title="bbox 523 2985 1654 3060; baseline 0.004 -13"><span class='ocrx_word' id='word_1_174' title='bbox 523 2986 596 3048; x_wconf 89' lang='grc'><strong>477.</strong></span> <span class='ocrx_word' id='word_1_175' title='bbox 623 2985 656 3050; x_wconf 91' lang='lat' dir='ltr'>Si</span> <span class='ocrx_word' id='word_1_176' title='bbox 681 2985 840 3060; x_wconf 88' lang='lat' dir='ltr'>tumulus,</span> <span class='ocrx_word' id='word_1_177' title='bbox 865 3006 923 3050; x_wconf 90' lang='lat' dir='ltr'>seu</span> <span class='ocrx_word' id='word_1_178' title='bbox 947 2992 1093 3050; x_wconf 85' lang='lat' dir='ltr'>castrum</span> <span class='ocrx_word' id='word_1_179' title='bbox 1124 2985 1249 3049; x_wconf 88' lang='lat' dir='ltr'>doloris</span> <span class='ocrx_word' id='word_1_180' title='bbox 1280 2986 1426 3051; x_wconf 90' lang='lat' dir='ltr'>locatum</span> <span class='ocrx_word' id='word_1_181' title='bbox 1455 2987 1521 3051; x_wconf 87' lang='lat' dir='ltr'>erit</span> <span class='ocrx_word' id='word_1_182' title='bbox 1550 2993 1654 3052; x_wconf 86' lang='lat' dir='ltr'>extra</span> 
     </span>
     <span class='ocr_line' id='line_1_23' title="bbox 434 3092 1653 3177; baseline 0.003 -21"><span class='ocrx_word' id='word_1_183' title='bbox 434 3093 689 3177; x_wconf 87' lang='lat' dir='ltr'>presbyterium,</span> <span class='ocrx_word' id='word_1_184' title='bbox 715 3092 854 3177; x_wconf 87' lang='lat' dir='ltr'>pluviali</span> <span class='ocrx_word' id='word_1_185' title='bbox 878 3093 1014 3157; x_wconf 91' lang='lat' dir='ltr'>indutus</span> <span class='ocrx_word' id='word_1_186' title='bbox 1039 3094 1152 3157; x_wconf 87' lang='lat' dir='ltr'>veniet</span> <span class='ocrx_word' id='word_1_187' title='bbox 1173 3099 1252 3158; x_wconf 89' lang='lat' dir='ltr'>ante</span> <span class='ocrx_word' id='word_1_188' title='bbox 1276 3093 1405 3168; x_wconf 76' lang='lat' dir='ltr'>Altare</span> <span class='ocrx_word' id='word_1_189' title='bbox 1424 3095 1653 3160; x_wconf 86' lang='lat' dir='ltr'>reverentiam</span> 
     </span>
     <span class='ocr_line' id='line_1_24' title="bbox 433 3199 1655 3289; baseline 0.004 -26"><span class='ocrx_word' id='word_1_190' title='bbox 433 3200 474 3264; x_wconf 86' lang='lat' dir='ltr'>ad</span> <span class='ocrx_word' id='word_1_191' title='bbox 499 3201 637 3265; x_wconf 83' lang='lat' dir='ltr'>Crucem</span> <span class='ocrx_word' id='word_1_192' title='bbox 662 3199 791 3276; x_wconf 85' lang='lat' dir='ltr'>efficiet,</span> <span class='ocrx_word' id='word_1_193' title='bbox 817 3207 1016 3285; x_wconf 88' lang='lat' dir='ltr'>receptoque</span> <span class='ocrx_word' id='word_1_194' title='bbox 1038 3221 1058 3265; x_wconf 85' lang='lat' dir='ltr'>a</span> <span class='ocrx_word' id='word_1_195' title='bbox 1082 3202 1225 3266; x_wconf 85' lang='lat' dir='ltr'>Diacono</span> <span class='ocrx_word' id='word_1_196' title='bbox 1243 3201 1349 3266; x_wconf 92' lang='lat' dir='ltr'>bireto</span> <span class='ocrx_word' id='word_1_197' title='bbox 1366 3202 1534 3286; x_wconf 89' lang='lat' dir='ltr'>cooperiet</span> <span class='ocrx_word' id='word_1_198' title='bbox 1549 3207 1655 3289; x_wconf 86' lang='lat' dir='ltr'>caput</span> 
     </span>
     <span class='ocr_line' id='line_1_25' title="bbox 434 3307 1373 3402; baseline 0.003 -32"><span class='ocrx_word' id='word_1_199' title='bbox 434 3313 467 3370; x_wconf 88' lang='lat' dir='ltr'>et</span> <span class='ocrx_word' id='word_1_200' title='bbox 491 3307 530 3371; x_wconf 90' lang='lat' dir='ltr'>de</span> <span class='ocrx_word' id='word_1_201' title='bbox 554 3308 762 3392; x_wconf 78' lang='lat' dir='ltr'>presbyterio</span> <span class='ocrx_word' id='word_1_202' title='bbox 786 3307 958 3373; x_wconf 87' lang='lat' dir='ltr'>discedens</span> <span class='ocrx_word' id='word_1_203' title='bbox 983 3308 1117 3374; x_wconf 83' lang='lat' dir='ltr'>Glevum</span> <span class='ocrx_word' id='word_1_204' title='bbox 1142 3309 1373 3402; x_wconf 77' lang='lat' dir='ltr'>subsequetur.</span> 
     </span>
    </p>

    <p class='ocr_par' dir='ltr' id='par_1_9' title="bbox 434 3414 1655 3820">
     <span class='ocr_line' id='line_1_26' title="bbox 523 3414 1654 3501; baseline 0.004 -25"><span class='ocrx_word' id='word_1_205' title='bbox 523 3415 597 3477; x_wconf 87' lang='grc'><strong>478.</strong></span> <span class='ocrx_word' id='word_1_206' title='bbox 623 3415 730 3489; x_wconf 83' lang='lat' dir='ltr'>Quum</span> <span class='ocrx_word' id='word_1_207' title='bbox 755 3417 886 3480; x_wconf 89' lang='lat' dir='ltr'>venerit</span> <span class='ocrx_word' id='word_1_208' title='bbox 910 3418 941 3479; x_wconf 96' lang='lat' dir='ltr'>in</span> <span class='ocrx_word' id='word_1_209' title='bbox 967 3421 1066 3499; x_wconf 91' lang='lat' dir='ltr'>caput</span> <span class='ocrx_word' id='word_1_210' title='bbox 1090 3414 1209 3480; x_wconf 89' lang='lat' dir='ltr'>tumuli</span> <span class='ocrx_word' id='word_1_211' title='bbox 1233 3417 1449 3501; x_wconf 87' lang='lat' dir='ltr'>interipsum</span> <span class='ocrx_word' id='word_1_212' title='bbox 1474 3420 1508 3481; x_wconf 88' lang='lat' dir='ltr'>et</span> <span class='ocrx_word' id='word_1_213' title='bbox 1531 3415 1654 3481; x_wconf 84' lang='lat' dir='ltr'>Altare</span> 
     </span>
     <span class='ocr_line' id='line_1_27' title="bbox 434 3522 1654 3609; baseline 0.002 -24"><span class='ocrx_word' id='word_1_214' title='bbox 434 3522 602 3596; x_wconf 86' lang='lat' dir='ltr'>consistet,</span> <span class='ocrx_word' id='word_1_215' title='bbox 627 3522 683 3586; x_wconf 89' lang='lat' dir='ltr'>sed</span> <span class='ocrx_word' id='word_1_216' title='bbox 707 3522 877 3606; x_wconf 88' lang='lat' dir='ltr'>aliquanto</span> <span class='ocrx_word' id='word_1_217' title='bbox 902 3544 1018 3587; x_wconf 88' lang='lat' dir='ltr'>versus</span> <span class='ocrx_word' id='word_1_218' title='bbox 1044 3542 1147 3587; x_wconf 92' lang='lat' dir='ltr'>cornu</span> <span class='ocrx_word' id='word_1_219' title='bbox 1172 3524 1359 3609; x_wconf 76' lang='lat' dir='ltr'>Evangelii,</span> <span class='ocrx_word' id='word_1_220' title='bbox 1377 3544 1418 3588; x_wconf 94' lang='lat' dir='ltr'>ne</span> <span class='ocrx_word' id='word_1_221' title='bbox 1435 3523 1561 3588; x_wconf 89' lang='lat' dir='ltr'>directe</span> <span class='ocrx_word' id='word_1_222' title='bbox 1578 3529 1654 3588; x_wconf 85' lang='lat' dir='ltr'>ter-</span> 
     </span>
     <span class='ocr_line' id='line_1_28' title="bbox 435 3630 1655 3717; baseline 0.002 -24"><span class='ocrx_word' id='word_1_223' title='bbox 435 3650 511 3714; x_wconf 80' lang='lat' dir='ltr'>gum</span> <span class='ocrx_word' id='word_1_224' title='bbox 537 3636 647 3694; x_wconf 83' lang='lat' dir='ltr'>vertet</span> <span class='ocrx_word' id='word_1_225' title='bbox 669 3630 710 3695; x_wconf 86' lang='lat' dir='ltr'>ad</span> <span class='ocrx_word' id='word_1_226' title='bbox 735 3632 863 3706; x_wconf 75' lang='lat' dir='ltr'>ditare,</span> <span class='ocrx_word' id='word_1_227' title='bbox 889 3632 969 3697; x_wconf 89' lang='lat' dir='ltr'>licet</span> <span class='ocrx_word' id='word_1_228' title='bbox 992 3650 1052 3717; x_wconf 87' lang='lat' dir='ltr'>pro</span> <span class='ocrx_word' id='word_1_229' title='bbox 1086 3630 1266 3697; x_wconf 87' lang='lat' dir='ltr'>Sacerdote</span> <span class='ocrx_word' id='word_1_230' title='bbox 1295 3631 1351 3697; x_wconf 90' lang='lat' dir='ltr'>vel</span> <span class='ocrx_word' id='word_1_231' title='bbox 1381 3632 1544 3717; x_wconf 82' lang='lat' dir='ltr'>Episcopo</span> <span class='ocrx_word' id='word_1_232' title='bbox 1574 3649 1655 3696; x_wconf 85' lang='lat' dir='ltr'>exe·</span> 
     </span>
     <span class='ocr_line' id='line_1_29' title="bbox 435 3737 815 3820; baseline 0 -19"><span class='ocrx_word' id='word_1_233' title='bbox 435 3737 529 3820; x_wconf 88' lang='lat' dir='ltr'>quiae</span> <span class='ocrx_word' id='word_1_234' title='bbox 553 3737 815 3803; x_wconf 86' lang='lat' dir='ltr'>celebrarentur.</span> 
     </span>
    </p>

    <p class='ocr_par' dir='ltr' id='par_1_10' title="bbox 434 3843 1656 4340">
     <span class='ocr_line' id='line_1_30' title="bbox 522 3843 1656 3929; baseline 0.003 -22"><span class='ocrx_word' id='word_1_235' title='bbox 522 3845 597 3908; x_wconf 89' lang='grc'><strong>479.</strong></span> <span class='ocrx_word' id='word_1_236' title='bbox 622 3843 735 3929; x_wconf 83' lang='lat' dir='ltr'>Capite</span> <span class='ocrx_word' id='word_1_237' title='bbox 759 3845 889 3912; x_wconf 89' lang='lat' dir='ltr'>detecto</span> <span class='ocrx_word' id='word_1_238' title='bbox 913 3848 1013 3913; x_wconf 90' lang='lat' dir='ltr'>stabit</span> <span class='ocrx_word' id='word_1_239' title='bbox 1035 3865 1219 3912; x_wconf 89' lang='lat' dir='ltr'>conversus</span> <span class='ocrx_word' id='word_1_240' title='bbox 1243 3845 1283 3911; x_wconf 90' lang='lat' dir='ltr'>ad</span> <span class='ocrx_word' id='word_1_241' title='bbox 1301 3844 1466 3911; x_wconf 91' lang='lat' dir='ltr'>tumulum</span> <span class='ocrx_word' id='word_1_242' title='bbox 1481 3844 1559 3911; x_wconf 89' lang='lat' dir='ltr'>dum</span> <span class='ocrx_word' id='word_1_243' title='bbox 1576 3864 1656 3910; x_wconf 88' lang='lat' dir='ltr'>can·</span> 
     </span>
     <span class='ocr_line' id='line_1_31' title="bbox 435 3950 1656 4038; baseline 0.004 -22"><span class='ocrx_word' id='word_1_244' title='bbox 435 3951 560 4016; x_wconf 88' lang='lat' dir='ltr'>tabitnr</span> <span class='ocrx_word' id='word_1_245' title='bbox 584 3962 618 4030; x_wconf 71' lang='lat' dir='ltr'>it.</span> <span class='ocrx_word' id='word_1_246' title='bbox 645 3950 773 4018; x_wconf 82' lang='lat' dir='ltr'>Libero</span> <span class='ocrx_word' id='word_1_247' title='bbox 796 3973 858 4028; x_wconf 79' lang='grc'><strong>1111,</strong></span> <span class='ocrx_word' id='word_1_248' title='bbox 883 3954 1028 4020; x_wconf 80' lang='lat' dir='ltr'>Domine</span> <span class='ocrx_word' id='word_1_249' title='bbox 1052 3959 1115 4018; x_wconf 90' lang='lat' dir='ltr'>etc.</span> <span class='ocrx_word' id='word_1_250' title='bbox 1139 3952 1190 4016; x_wconf 89' lang='lat' dir='ltr'>Ad</span> <span class='ocrx_word' id='word_1_251' title='bbox 1207 3959 1341 4018; x_wconf 91' lang='lat' dir='ltr'>cantum</span> <span class='ocrx_word' id='word_1_252' title='bbox 1358 3958 1389 4027; x_wconf 67' lang='lat' dir='ltr'>t.</span> <span class='ocrx_word' id='word_1_253' title='bbox 1407 3953 1579 4038; x_wconf 79' lang='lat' dir='ltr'>Requiem</span> <span class='ocrx_word' id='word_1_254' title='bbox 1597 3973 1656 4021; x_wconf 85' lang='lat' dir='ltr'>ae·</span> 
     </span>
     <span class='ocr_line' id='line_1_32' title="bbox 436 4058 1652 4146; baseline 0.002 -22"><span class='ocrx_word' id='word_1_255' title='bbox 436 4067 574 4125; x_wconf 79' lang='lat' dir='ltr'>terream</span> <span class='ocrx_word' id='word_1_256' title='bbox 597 4058 840 4125; x_wconf 79' lang='lat' dir='ltr'>animadvertet</span> <span class='ocrx_word' id='word_1_257' title='bbox 864 4060 895 4125; x_wconf 94' lang='lat' dir='ltr'>id</span> <span class='ocrx_word' id='word_1_258' title='bbox 919 4061 1004 4144; x_wconf 91' lang='lat' dir='ltr'>quod</span> <span class='ocrx_word' id='word_1_259' title='bbox 1028 4062 1181 4146; x_wconf 80' lang='lat' dir='ltr'>superius</span> <span class='ocrx_word' id='word_1_260' title='bbox 1206 4081 1293 4126; x_wconf 93' lang='lat' dir='ltr'>num.</span> <span class='ocrx_word' id='word_1_261' title='bbox 1318 4061 1393 4125; x_wconf 80' lang='lat'>472.</span> <span class='ocrx_word' id='word_1_262' title='bbox 1419 4067 1570 4126; x_wconf 89' lang='lat' dir='ltr'>notatum</span> <span class='ocrx_word' id='word_1_263' title='bbox 1588 4069 1652 4134; x_wconf 85' lang='lat' dir='ltr'>est.</span> 
     </span>
     <span class='ocr_line' id='line_1_33' title="bbox 435 4166 1654 4251; baseline 0.005 -23"><span class='ocrx_word' id='word_1_264' title='bbox 435 4166 531 4229; x_wconf 90' lang='lat' dir='ltr'>etad</span> <span class='ocrx_word' id='word_1_265' title='bbox 557 4168 785 4251; x_wconf 90' lang='lat' dir='ltr'>repetitionem</span> <span class='ocrx_word' id='word_1_266' title='bbox 812 4178 846 4246; x_wconf 71' lang='lat' dir='ltr'>rt.</span> <span class='ocrx_word' id='word_1_267' title='bbox 873 4167 1000 4233; x_wconf 80' lang='lat' dir='ltr'>Libero</span> <span class='ocrx_word' id='word_1_268' title='bbox 1022 4188 1077 4233; x_wconf 76' lang='lat' dir='ltr'>one</span> <span class='ocrx_word' id='word_1_269' title='bbox 1101 4168 1255 4240; x_wconf 79' lang='lat' dir='ltr'>Domine,</span> <span class='ocrx_word' id='word_1_270' title='bbox 1280 4169 1451 4233; x_wconf 88' lang='lat' dir='ltr'>incensum</span> <span class='ocrx_word' id='word_1_271' title='bbox 1475 4169 1508 4232; x_wconf 89' lang='lat' dir='ltr'>in</span> <span class='ocrx_word' id='word_1_272' title='bbox 1536 4169 1654 4234; x_wconf 85' lang='lat' dir='ltr'>thuri-</span> 
     </span>
     <span class='ocr_line' id='line_1_34' title="bbox 434 4274 1232 4340; baseline 0.001 -3"><span class='ocrx_word' id='word_1_273' title='bbox 434 4274 547 4338; x_wconf 89' lang='lat' dir='ltr'>bulum</span> <span class='ocrx_word' id='word_1_274' title='bbox 572 4295 647 4339; x_wconf 88' lang='lat' dir='ltr'>cum</span> <span class='ocrx_word' id='word_1_275' title='bbox 671 4276 794 4339; x_wconf 87' lang='lat' dir='ltr'>usitata</span> <span class='ocrx_word' id='word_1_276' title='bbox 817 4275 1043 4340; x_wconf 87' lang='lat' dir='ltr'>benedictione</span> <span class='ocrx_word' id='word_1_277' title='bbox 1069 4275 1232 4340; x_wconf 85' lang='lat' dir='ltr'>infundet.</span> 
     </span>
    </p>

    <p class='ocr_par' dir='ltr' id='par_1_11' title="bbox 435 4381 1655 4684">
     <span class='ocr_line' id='line_1_35' title="bbox 523 4381 1655 4468; baseline 0.006 -24"><span class='ocrx_word' id='word_1_278' title='bbox 523 4382 597 4447; x_wconf 86' lang='grc'><strong>480.</strong></span> <span class='ocrx_word' id='word_1_279' title='bbox 623 4381 764 4448; x_wconf 85' lang='lat' dir='ltr'>Cantato</span> <span class='ocrx_word' id='word_1_280' title='bbox 788 4402 808 4446; x_wconf 89' lang='lat' dir='ltr'>a</span> <span class='ocrx_word' id='word_1_281' title='bbox 830 4383 1022 4448; x_wconf 85' lang='lat' dir='ltr'>cantoribus</span> <span class='ocrx_word' id='word_1_282' title='bbox 1051 4383 1156 4468; x_wconf 74' lang='lat' dir='ltr'>Kyrie</span> <span class='ocrx_word' id='word_1_283' title='bbox 1178 4384 1316 4458; x_wconf 78' lang='lat' dir='ltr'>eteieoa,</span> <span class='ocrx_word' id='word_1_284' title='bbox 1341 4384 1431 4448; x_wconf 87' lang='lat' dir='ltr'>elata</span> <span class='ocrx_word' id='word_1_285' title='bbox 1455 4403 1535 4449; x_wconf 87' lang='lat' dir='ltr'>voce</span> <span class='ocrx_word' id='word_1_286' title='bbox 1552 4390 1655 4451; x_wconf 88' lang='lat' dir='ltr'>canet</span> 
     </span>
     <span class='ocr_line' id='line_1_36' title="bbox 435 4475 1654 4575; baseline 0.005 -24"><span class='ocrx_word' id='word_1_287' title='bbox 435 4486 543 4552; x_wconf 83' lang='lat' dir='ltr'>Pater</span> <span class='ocrx_word' id='word_1_288' title='bbox 566 4498 695 4564; x_wconf 76' lang='lat' dir='ltr'>noster,</span> <span class='ocrx_word' id='word_1_289' title='bbox 720 4490 805 4574; x_wconf 90' lang='lat' dir='ltr'>quod</span> <span class='ocrx_word' id='word_1_290' title='bbox 838 4496 968 4555; x_wconf 90' lang='lat' dir='ltr'>secreto</span> <span class='ocrx_word' id='word_1_291' title='bbox 1000 4495 1220 4575; x_wconf 88' lang='lat' dir='ltr'>prosequetur</span> <span class='ocrx_word' id='word_1_292' title='bbox 1250 4489 1325 4555; x_wconf 91' lang='lat' dir='ltr'>dum</span> <span class='ocrx_word' id='word_1_293' title='bbox 1350 4475 1487 4556; x_wconf 67' lang='lat' dir='ltr'>&#39;interea</span> <span class='ocrx_word' id='word_1_294' title='bbox 1510 4490 1552 4556; x_wconf 89' lang='lat' dir='ltr'>de</span> <span class='ocrx_word' id='word_1_295' title='bbox 1575 4492 1654 4558; x_wconf 89' lang='lat' dir='ltr'>loco</span> 
     </span>
     <span class='ocr_line' id='line_1_37' title="bbox 435 4593 1654 4684; baseline 0.008 -27"><span class='ocrx_word' id='word_1_296' title='bbox 435 4593 589 4658; x_wconf 87' lang='lat' dir='ltr'>discedet.</span> <span class='ocrx_word' id='word_1_297' title='bbox 616 4596 905 4664; x_wconf 87' lang='lat' dir='ltr'>reverentiam-ad</span> <span class='ocrx_word' id='word_1_298' title='bbox 938 4597 1079 4663; x_wconf 79' lang='lat' dir='ltr'>Crucem</span> <span class='ocrx_word' id='word_1_299' title='bbox 1105 4597 1232 4662; x_wconf 78' lang='lat' dir='ltr'>ditaris</span> <span class='ocrx_word' id='word_1_300' title='bbox 1262 4596 1392 4673; x_wconf 87' lang='lat' dir='ltr'>efficiet,</span> <span class='ocrx_word' id='word_1_301' title='bbox 1427 4600 1654 4684; x_wconf 84' lang='lat' dir='ltr'>aspersorium</span> 
     </span>
    </p>
   </div>
   <div class='ocr_carea' id='block_1_6' title="bbox 0 0 2096 5717">
    <p class='ocr_par' dir='ltr' id='par_1_12' title="bbox 0 0 2096 5717">
     <span class='ocr_line' id='line_1_38' title="bbox 0 0 2096 5717; baseline 0 0"><span class='ocrx_word' id='word_1_302' title='bbox 0 0 2096 5717; x_wconf 95' lang='lat' dir='ltr'> </span> 
     </span>
    </p>
   </div>
  </div>
 </body>
</html>
