4175 5717
543 725 606 790 168
995 735 1062 786 nus.
1088 735 1122 786 11.

445 853 641 938 praesertim
664 852 692 915 si
716 849 896 928 Sacellum,
919 849 953 914 in
977 870 1042 933 quo
1066 849 1333 915 distributionem
1349 845 1460 926 edet,
1480 843 1676 935 proximum

445 966 533 1025 esset
557 959 634 1023 navi
658 977 718 1023 seu
741 958 828 1042 parti
853 956 903 1021 illi
928 956 1100 1034 ecclesiae,
1126 977 1192 1041 qua
1215 958 1285 1044 ipsa
1308 957 1478 1044 processio
1501 954 1674 1022 transibit.

532 1068 585 1133 60.
611 1068 678 1132 Nisi
693 1067 780 1131 alius
796 1064 928 1130 adesset
943 1064 1116 1140 Sacerdos,
1134 1066 1188 1148 qui
1205 1066 1348 1150 palmam
1367 1065 1559 1132 Oelebrauti
1577 1083 1678 1152 prae·

444 1181 604 1252 sentaret,
630 1177 795 1240 Diaconos
818 1174 961 1260 palmam
994 1179 1096 1257 ponet
1127 1173 1159 1237 in
1195 1173 1300 1239 medio
1330 1172 1453 1240 Alteri:
1487 1171 1675 1256 Celebrans

446 1289 663 1351 convertetur
686 1281 728 1348 ad
752 1283 880 1352 Altare
905 1278 1117 1367 genuflectet,
1134 1279 1278 1366 palmam
1292 1281 1443 1366 accipiet,
1460 1277 1676 1350 osculabitur

442 1413 481 1458 ac
506 1392 617 1456 tradet
640 1389 857 1465 Subdiacono‚
883 1391 938 1474 qui
974 1396 1113 1474 reponet
1148 1389 1296 1455 eamdem
1327 1391 1361 1454 in
1394 1389 1518 1466 Alteri,
1549 1385 1675 1454 deinde

444 1520 626 1566 conversus
650 1498 690 1563 ad
708 1496 865 1584 populum
880 1496 1158 1574 distributionem,
1178 1504 1214 1562 ut
1230 1497 1354 1563 dictum
1370 1503 1433 1572 est,
1451 1501 1674 1588 exsequetur.

531 1608 583 1672 61.
609 1606 644 1673 Si
667 1607 832 1672 Diaconus
862 1611 922 1670 aut
957 1605 1198 1694 Subdiaconus¹
1215 1610 1329 1672 essent
1359 1603 1569 1683 Sacerdotes,
1603 1621 1674 1668 non

441 1716 556 1780 licebit
581 1715 657 1801 ipsis
680 1713 759 1802 dare
783 1713 927 1799 palmam
951 1712 1152 1790 celebranti,
1178 1711 1338 1798 siquidem
1361 1712 1394 1776 in
1429 1710 1545 1778 ordine
1579 1709 1676 1778 infe-

443 1824 524 1886 riori
547 1823 748 1886 ministrant.

529 1929 581 1993 62.
607 1928 716 2004 Quum
739 1928 928 1996 distributio
953 1930 1085 2015 incepta
1109 1929 1183 2006 erit,
1208 1928 1352 1996 clericus
1375 1925 1496 2012 aliquis
1521 1926 1556 1992 iu
1574 1926 1675 2014 apice

442 2035 559 2102 Grucis
582 2037 838 2122 processionalis
860 2036 1004 2124 palmam
1028 2036 1197 2124 deligabit.

529 2143 582 2208 63.
608 2144 894 2212 Caeremoniarius
919 2145 974 2210 vel
998 2164 1085 2210 uuus
1109 2165 1152 2210 ex
1176 2143 1354 2230 Acolytbis
1370 2141 1472 2208 tollet
1486 2140 1527 2206 de
1555 2140 1676 2208 artari

440 2250 583 2336 palmam
608 2252 829 2328 Celebrantis,
853 2261 891 2320 ut
913 2255 1018 2338 possit
1040 2273 1112 2318 eam
1135 2251 1216 2318 dare
1241 2251 1398 2326 Diacono,
1423 2251 1576 2334 itemque¹
1594 2247 1676 2314 Dia·

440 2359 515 2422 coni
538 2359 681 2443 palmam
704 2361 739 2425 in
762 2367 916 2446 promptu
939 2360 1084 2426 habebit.

528 2467 580 2530 64.
606 2466 673 2532 Sub
697 2465 795 2534 finem
818 2467 1061 2534 distributionis
1083 2473 1227 2534 mentem
1247 2465 1427 2534 advertant
1442 2463 1607 2550 Acolythi
1628 2459 1674 2530 ad

439 2571 755 2640 subministrandum
779 2595 917 2642 urceum
951 2595 1027 2642 cum
1057 2574 1147 2662 pelvi
1177 2581 1212 2642 et
1241 2575 1379 2644 mantile
1410 2592 1470 2661 pro
1506 2591 1673 2638 mwuum

439 2675 566 2744 lotione
591 2680 809 2750 Celebrantis.

524 2787 577 2854 65.
604 2787 786 2856 Celebraus
810 2810 926 2858 manus
950 2789 1165 2876 lavabitque
1189 2789 1285 2856 modo
1321 2790 1475 2876 superius
1510 2789 1544 2854 in
1577 2787 1672 2856 festo

438 2893 684 2962 Purificationis
708 2917 778 2984 cap.
803 2897 886 2966 XIX
910 2919 999 2964 num,
1024 2898 1078 2964 45.
1103 2897 1305 2984 descriptum
1329 2897 1403 2962 fuit.

525 3003 578 3068 66.
602 3003 735 3072 Interea
758 3005 998 3072 thuriferarius
1031 3006 1142 3090 ignem
1173 3003 1386 3092 praeparabit
1420 3004 1455 3068 in
1489 3002 1673 3070 thuribulo

438 3115 472 3174 et
495 3131 569 3177 cum
593 3113 664 3199 ipso
688 3113 797 3180 aderit
818 3112 906 3200 apud
928 3112 1077 3180 abacum.

526 3218 579 3283 67.
603 3220 782 3305 Postquam
808 3221 990 3287 Celebrans
1025 3240 1143 3286 manus
1175 3219 1307 3297 laverit,
1341 3219 1462 3287 Clerus
1493 3220 1527 3283 in
1560 3219 1671 3286 choro

437 3333 617 3412 consurget
640 3336 675 3395 et
700 3332 925 3416 uuusquisque
949 3328 1087 3395 illorum
1111 3327 1253 3395 dextera
1276 3327 1452 3394 sustinebit
1475 3326 1634 3412 palmam.

523 3434 576 3500 68.
602 3434 784 3500 Celebrans
807 3445 901 3503 stans
924 3443 1002 3504 ante
1026 3437 1172 3514 blissale,
1200 3443 1236 3502 ut
1258 3437 1353 3502 initio
1377 3435 1571 3514 functionis,
1595 3455 1669 3502 non

435 3558 618 3606 conversus
641 3539 682 3605 ad
705 3542 874 3626 populum,
900 3547 1021 3611 iunctis
1044 3545 1196 3614 manibus
1220 3564 1259 3610 ac
1283 3549 1361 3610 tono
1377 3543 1490 3609 feriali
1512 3543 1669 3620 cantabit

435 3646 606 3714 Dominus
621 3647 808 3727 6661666666,
818 3650 935 3718 deinde
952 3654 1137 3719 orationem
1157 3649 1314 3719 oremus.
1338 3649 1564 3734 Omnipotens
1576 3671 1668 3720 cern·

431 3752 694 3835 praeessemus
719 3762 781 3821 etc.
1665 3823 1667 3828 .

521 3861 573 3926 69.
599 3861 681 3928 Post
703 3865 888 3930 orationem
912 3866 1152 3934 thuriferarius
1175 3865 1216 3932 ad
1241 3866 1359 3934 Altare
1393 3865 1558 3936 ascendet,
1584 3885 1663 3932 cum

432 3968 606 4033 thuribulo
630 3976 664 4034 et
688 3971 853 4034 navicula.
880 3971 1063 4042 Celebrans
1087 3974 1202 4042 eodem
1226 3981 1381 4061 perstans
1405 3973 1492 4054 loco,
1517 3992 1664 4040 conver·

432 4083 524 4142 tetur
547 4074 588 4140 ad
612 4077 876 4156 thuriferarium,
902 4083 957 4164 qui
982 4085 1173 4150 constiterit
1197 4085 1230 4149 in
1254 4081 1359 4170 gradu
1376 4083 1543 4167 superiori
1557 4101 1663 4168 prope
1712 4085 1716 4096 “

433 4185 675 4251 Celebrantem:
701 4185 929 4252 Subdiaconus
954 4191 1091 4257 accedet
1113 4193 1155 4258 ad
1179 4192 1353 4259 dexteram
1383 4191 1594 4258 celebrantis
1613 4197 1663 4258 ·et

431 4289 594 4358 fimbriam
616 4293 775 4380 pluvialis
799 4295 870 4358 eius
894 4298 1062 4366 sustollet:
1087 4301 1253 4366 Diaconus
1271 4304 1442 4368 incensum
1459 4301 1663 4368 ministrabit

432 4398 634 4479 Gelebrauti,
658 4402 713 4485 qui
737 4421 813 4466 cum
836 4400 1065 4472 benedictione
1090 4408 1175 4474 illud
1200 4410 1326 4475 iniiciet
1350 4411 1384 4476 in
1414 4407 1635 4474 thuribulum.

520 4511 572 4575 70.
598 4512 777 4596 Postquain
803 4510 982 4581 Celebrans
1007 4518 1180 4584 incensum
1205 4521 1238 4584 in
1263 4520 1472 4586 thuribulum
1507 4521 1663 4587 iniecerit

430 4633 469 4679 ac
491 4614 709 4694 benedixerit,
734 4618 971 4688 thuriferarius
996 4627 1155 4693 navicula
1177 4636 1323 4717 recepta,
1348 4629 1531 4698 descendet
1545 4630 1585 4697 de
1601 4627 1662 4696 Al-
