4175 5717
981 765 1055 816 cae.
1072 761 1093 815 1.
1515 742 1548 818 ll

517 872 571 942 70.
595 878 727 944 Interea
750 879 778 943 si
802 879 903 944 Missa
924 877 965 945 de
980 880 1085 945 Beata
1099 879 1241 964 Virgine
1257 880 1492 956 celebrabitur,
1514 883 1640 966 primus

428 986 572 1051 clericus
596 986 751 1053 detrahet
775 988 885 1066 Alteri
900 986 1039 1073 pallium
1057 983 1242 1053 violaceum
1259 993 1293 1052 et
1308 988 1479 1073 apparebit
1495 988 1640 1054 alterum

428 1093 551 1170 album;
577 1101 716 1179 reponet
739 1114 819 1159 vasa
842 1092 960 1159 florum
984 1096 1073 1160 inter
1095 1093 1297 1160 candelabra
1313 1101 1346 1161 et
1370 1095 1508 1160 calicem
1532 1095 1642 1162 defert

430 1221 530 1286 super
553 1202 680 1278 Altera,
707 1203 879 1288 explicans
904 1202 1081 1288 corporale
1104 1203 1137 1266 in
1161 1202 1299 1284 medio.¹

520 1311 572 1373 71.
601 1310 782 1376 Celebrans
809 1311 850 1375 ad
879 1310 996 1377 Altera
1024 1310 1183 1397 procedet
1210 1317 1244 1376 et
1270 1310 1408 1376 Sacrum
1436 1310 1642 1388 exordietur,

430 1416 518 1500 quod
540 1418 569 1482 si
592 1420 657 1483 erit
679 1418 720 1485 de
743 1418 856 1496 Festo,
872 1419 988 1485 clerici
1003 1418 1165 1505 praedicti
1182 1420 1395 1486 sustinebunt
1415 1420 1571 1486 candelas
1584 1441 1643 1488 ac·

431 1543 548 1592 aeneas
572 1524 613 1590 ad
629 1526 851 1611 Evangelium
868 1531 902 1592 et
917 1546 937 1592 a
953 1527 1167 1594 Praefatione
1182 1547 1286 1612 usqua
1306 1527 1347 1593 ad
1364 1528 1641 1595 Gommuuioncm.

521 1631 572 1696 72.
598 1632 678 1698 Post
700 1633 834 1699 Missam
860 1633 1041 1700 celebrans
1067 1634 1186 1701 redibit
1209 1637 1242 1699 in
1265 1637 1456 1713 sacrarium,
1473 1636 1529 1701 ubi
1552 1657 1645 1722 para·

433 1747 546 1806 menta
567 1740 721 1819 dimittet
745 1742 861 1809 clerici
882 1750 994 1811 autem
1017 1743 1102 1811 illuc
1125 1743 1275 1810 referent
1297 1763 1337 1809 ea
1359 1745 1477 1820 omnia,
1502 1763 1585 1828 quae
1603 1744 1644 1809 ad

434 1851 647 1938 functionem
662 1872 743 1937 opus
768 1852 915 1918 fuerunt.

981 2085 1108 2097 m

716 2248 720 2257 '
850 2262 969 2319 namn
987 2261 1238 2327 mamaeam

1000 2390 1084 2405 m

939 2551 1083 2658 onrur
1106 2590 1146 2655 n.
1192 2690 1194 2695 .

808 2808 860 2875 De
882 2806 990 2874 rebar
1009 2807 1276 2890 praeparandis

461 3139 489 3201 l.
516 3053 576 3206 In
600 3135 701 3200 abaco
732 3133 859 3198 Altaris
891 3132 1022 3197 maioris
1046 3129 1306 3216 praeparabitur
1336 3127 1426 3196 calix
1457 3148 1516 3215 pro
1549 3128 1649 3194 Missa

436 3242 636 3311 celebranda
660 3262 735 3306 cum
758 3240 834 3305 velo
858 3246 892 3306 et
914 3240 1016 3305 bursa
1039 3238 1162 3304 coloris
1185 3238 1335 3304 violacei.

525 3351 556 3415 2.
582 3349 772 3434 Manipulus
796 3355 830 3414 et
854 3347 988 3433 planeta
1011 3346 1171 3412 violacea.

527 3459 557 3524 3.
584 3456 804 3521 Thuribulum
828 3463 863 3520 et
886 3452 1041 3519 navicula
1065 3474 1139 3518 cum
1164 3454 1264 3518 thure
1288 3458 1322 3518 et
1345 3453 1523 3518 cochleari.

528 3570 558 3632 4.
584 3564 768 3631 Vesculum
792 3582 898 3648 aquae
921 3568 1057 3628 sauctae
1080 3581 1155 3628 cum
1178 3562 1376 3646 aspersorio.

529 3674 559 3740 5.
585 3673 713 3739 Urceus
736 3691 811 3737 cum
834 3669 934 3756 pelvi,
958 3668 1105 3735 mantile.
1120 3688 1178 3734 sau
1195 3669 1439 3754 manutergium
1456 3673 1491 3734 et
1506 3668 1654 3752 aliquan·

438 3785 515 3852 tula
538 3781 685 3848 medulla
708 3781 800 3867 panis
825 3780 858 3843 in
881 3778 1060 3864 pelvicula.

529 3891 560 3956 6.
585 3888 762 3975 Ampullae
786 3888 854 3952 vini
878 3893 913 3951 et
934 3905 1040 3970 aquae
1064 3886 1097 3950 in
1121 3904 1182 3950 sua
1205 3884 1381 3971 pelvicula
1399 3884 1602 3952 sudariolum
1620 3888 1654 3946 et

441 3998 651 4084 campanula.
1386 4057 1390 4064 ,

531 4108 561 4170 7.
587 4105 704 4170 Altare
728 4102 946 4168 exornabitur
969 4100 1072 4185 pallio
1096 4100 1256 4176 violaceo,
1275 4100 1381 4165 Gruce
1398 4106 1432 4165 et
1455 4119 1514 4164 sen
1537 4096 1655 4163 cande·

442 4214 547 4279 labris
571 4232 645 4277 cum
668 4212 783 4288 cereis,
798 4212 867 4275 sine
891 4209 1116 4293 Reliquiariis,
1131 4209 1217 4273 vasis
1235 4204 1356 4284 floreia,
1373 4212 1432 4273 aut
1451 4207 1517 4270 alio
1534 4210 1654 4269 ornatu

445 4321 575 4386 festivo.

534 4430 564 4493 8.
590 4427 724 4491 Missale
748 4433 900 4510 apertum
925 4426 957 4489 in
981 4443 1086 4489 cornu
1111 4423 1280 4509 Epistolao
1305 4441 1404 4507 super
1428 4422 1559 4486 cassino
1584 4422 1656 4483 vio·

445 4537 541 4602 laceo
565 4536 620 4601 vei
644 4536 746 4620 legili.

536 4644 566 4712 9.
592 4642 766 4708 Pelvicula
788 4649 950 4726 argentea
978 4640 1032 4704 vel
1060 4660 1101 4705 ex
1129 4640 1197 4705 alio
1224 4638 1360 4703 metallo
1389 4655 1462 4712 cum
1490 4631 1656 4702 cineribus
