4175 5717
522 703 565 769 24
976 717 1041 770 ure.
1067 717 1102 768 11.

517 833 547 898 2.
572 833 610 897 ln
633 830 759 908 Altaria
782 825 944 894 lateribus
968 849 1068 915 super
1084 827 1191 914 gradu
1207 825 1352 894 secundo
1369 836 1536 914 ponentur
1552 825 1647 897 humi

430 941 632 1008 candelabra
653 960 729 1005 cum
753 938 901 1004 candelis
924 939 1082 1004 extinctis
1105 938 1266 1024 gestanda
1288 938 1328 1004 ab
1352 938 1529 1024 acolythis.

518 1049 549 1114 3.
574 1049 610 1113 In
634 1067 738 1112 cornu
763 1045 932 1132 Epistulae
956 1051 1125 1112 statuetur
1148 1065 1317 1112 scamnum
1349 1045 1558 1114 celebrantis
1590 1051 1649 1112 ta-

432 1162 508 1242 peto
531 1173 679 1240 congruo
703 1161 864 1240 paratum:
888 1153 1033 1218 alterurn
1057 1172 1194 1240 parvum
1225 1159 1374 1240 tapetum
1403 1160 1576 1220 sternetur
1610 1156 1649 1220 in

432 1265 619 1350 pavimento
642 1267 720 1326 ante
744 1281 913 1326 scamnum
928 1259 1142 1346 praedictum,
1161 1280 1261 1348 super
1277 1280 1341 1346 qno
1356 1260 1523 1328 locabitur
1542 1261 1647 1348 legile

432 1391 507 1438 cum
531 1389 638 1457 panno
662 1370 769 1435 serico
792 1369 864 1434 eius
887 1368 1019 1444 coloris,
1053 1388 1149 1452 quem
1185 1369 1326 1452 requirit
1359 1367 1520 1446 Officium,
1544 1377 1579 1436 61
1611 1371 1648 1436 in

431 1480 525 1566 legili
547 1477 800 1566 praeparabitur
823 1478 1030 1543 Breviarium
1054 1477 1187 1544 maioris
1210 1477 1337 1544 formae
1361 1497 1436 1544 cum
1463 1481 1648 1565 signaculis

433 1595 467 1654 et
488 1593 682 1673 tegumento
704 1585 925 1671 respondente
947 1583 988 1650 ed
1011 1605 1108 1650 usum
1132 1584 1350 1652 Celebrantis.
1437 1593 1440 1598 '

520 1697 550 1760 4.
576 1695 611 1760 Si
635 1693 816 1761 celebrans
839 1692 965 1758 sedebit
987 1693 1021 1756 in
1046 1695 1150 1778 primo
1174 1693 1268 1758 chori
1291 1693 1403 1770 stalle,
1428 1694 1492 1760 hoc
1514 1715 1594 1762 casn
1612 1697 1648 1762 in

432 1800 661 1888 genuflexerio
684 1800 770 1886 quod
795 1799 973 1886 respondet
994 1802 1100 1886 primo
1124 1800 1226 1866 stallo
1251 1822 1367 1868 versus
1383 1802 1512 1880 Altare,
1529 1803 1584 1870 vel
1602 1823 1647 1870 ex

433 1930 538 1975 cornu
562 1907 731 1995 Epistolae
755 1907 809 1973 rel
833 1910 868 1972 in
889 1928 995 1972 cornu
1019 1908 1204 1993 Evangelii,
1229 1909 1410 1976 secundum
1434 1910 1545 1977 sedam
1560 1930 1647 1997 quae

432 2023 561 2104 spectat
586 2019 627 2083 ad
651 2017 927 2094 ebdomadarium,
952 2024 1094 2104 ponetur
1118 2037 1245 2104 pannus
1270 2007 1396 2086 sericus
1418 2021 1578 2102 concolor
1599 2021 1665 2088 oi-'

431 2126 495 2192 ficii
518 2128 571 2191 cui
594 2128 782 2210 imponetur
805 2127 957 2192 cussinos
980 2125 1125 2190 eiusdem
1150 2126 1273 2192 coloris
1297 2133 1331 2192 et
1355 2147 1455 2214 super
1489 2147 1529 2194 eo
1559 2129 1646 2195 Bre-

431 2235 581 2299 riarinm.
606 2234 705 2299 Alter
727 2241 838 2299 autern
861 2235 1012 2299 cussinos
1029 2232 1239 2298 Celebrantis
1256 2235 1480 2301 commoditati
1494 2237 1528 2301 in
1541 2235 1647 2302 sedili

431 2342 607 2406 locabitur.
631 2341 689 2408 Sin
712 2339 979 2427 genuflexorium
1002 2342 1035 2404 in
1060 2340 1161 2405 stallo
1179 2340 1318 2420 deesset,
1335 2348 1477 2428 ponetur
1493 2343 1597 2428 legile
1612 2349 1647 2410 et

431 2470 569 2536 parrum
592 2455 751 2536 tapetum,
777 2456 815 2514 11
837 2469 939 2535 snpra
959 2448 1119 2513 traditum
1144 2455 1205 2512 est.

518 2559 549 2624 5.
574 2559 611 2622 ln
633 2557 740 2623 medio
763 2558 867 2622 choro
889 2557 1141 2641 praeparabitur
1164 2555 1267 2640 legile
1297 2553 1372 2622 cum
1402 2557 1576 2623 Breviorio
1611 2563 1646 2624 et

430 2666 539 2731 altero
562 2665 649 2730 libro
673 2666 726 2730 cni
749 2664 870 2730 titulus
893 2663 1124 2731 directorium
1147 2664 1249 2731 611611
1269 2663 1310 2729 ad
1336 2685 1430 2731 usum
1460 2671 1646 2736 cantorum.

518 2772 549 2836 6.
573 2771 730 2837 Proxime
752 2771 794 2837 ad
816 2771 937 2836 Altare
961 2772 994 2835 in
1017 2771 1129 2855 aliquo
1153 2772 1310 2857 contiguo
1334 2771 1497 2850 cubiculo,
1530 2773 1586 2840 vel
1611 2775 1647 2840 in

430 2880 586 2954 sacrario,
610 2881 638 2943 si
661 2880 846 2964 proximum
870 2880 922 2954 sit,
946 2883 1005 2942 aut
1028 2879 1056 2943 si
1080 2877 1165 2944 desit
1187 2879 1274 2944 alius
1298 2878 1402 2954 locus,
1427 2898 1526 2964 super
1542 2879 1647 2946 abaco

430 2987 577 3072 pluviale
601 2986 791 3052 distinctum
814 3007 874 3074 pro
899 2985 1097 3053 celebrante
1122 2993 1156 3052 61
1179 2987 1245 3052 alia
1268 2986 1333 3053 duo
1356 3007 1416 3075 pro
1450 2988 1645 3055 cantoribus

431 3096 465 3158 in
488 3102 641 3180 promptu
664 3099 774 3159 erunt.

517 3203 547 3265 7.
573 3201 625 3265 Ex
648 3197 713 3285 qua
736 3207 830 3287 parte
854 3200 981 3266 sedebit
1004 3201 1196 3278 Gelebrnnn,
1222 3204 1256 3267 in
1280 3203 1373 3268 chori
1398 3203 1498 3289 plano
1522 3209 1649 3270 statue-

430 3316 487 3374 tur
510 3329 679 3374 scamnum
703 3329 842 3394 parrum
865 3310 936 3374 sine
959 3309 1150 3394 postergali
1175 3329 1284 3395 panno
1300 3309 1414 3376 viridis
1430 3309 1553 3378 coloris
1570 3329 1650 3377 con-

430 3423 555 3484 tectum
578 3436 639 3504 pro
662 3417 864 3483 cantoribus.

517 3527 547 3590 8.
573 3526 610 3589 In
633 3525 741 3590 altero
765 3525 858 3591 chori
882 3525 990 3591 latere
1012 3533 1157 3611 ponetur
1179 3525 1281 3611 legile
1305 3527 1410 3592 maius
1434 3545 1494 3611 pro
1526 3533 1647 3592 cento-

430 3633 530 3710 11116,
555 3655 629 3698 cum
652 3634 746 3698 libris
769 3633 1002 3718 antiphonario
1026 3641 1060 3700 et
1083 3634 1252 3720 psalterio.

518 3741 548 3806 9.
573 3741 609 3804 ln
633 3742 778 3806 sacrario
802 3740 1010 3806 thuribulum
1035 3761 1109 3806 cum
1127 3742 1291 3820 navicula,
1309 3750 1343 3807 61
1362 3748 1548 3831 opportuno
1566 3748 1649 3809 tem-

430 3868 510 3933 pore
533 3849 616 3933 ignis
640 3850 674 3912 in
697 3848 870 3915 thuribulo
893 3849 1109 3934 imponendus
1132 3851 1166 3916 in
1189 3855 1342 3938 promptu
1366 3858 1475 3916 erunt.

910 4065 954 4133 Ia
974 4067 1165 4150 functione.

520 4282 569 4345 10.
595 4281 685 4346 Η616
707 4288 844 4360 statuta,
869 4288 1039 4367 postquam
1064 4285 1127 4348 iam
1144 4284 1273 4367 signum
1290 4284 1465 4370 incipiendi
1489 4286 1648 4352 Matutini

429 4385 557 4454 dederit
580 4409 812 4475 campanarum
836 4409 946 4466 sonus
972 4411 1073 4474 quum
1099 4393 1323 4476 unusquisque
1347 4391 1387 4457 de
1412 4392 1509 4459 Glero
1533 4414 1649 4481 super-

429 4496 569 4581 pelliceo
593 4498 648 4562 161
671 4497 738 4562 alia
761 4503 863 4574 veste,
888 4498 1092 4584 regulariter
1115 4497 1155 4563 ad
1181 4500 1285 4585 ipsum
1302 4507 1483 4586 spectante.
1507 4501 1647 4570 indutus

431 4604 543 4681 fuerit,
569 4605 718 4671 Clericus
741 4606 861 4690 aliquis
885 4589 1029 4691 pulsabit
1053 4609 1282 4692 campanulum
1307 4611 1453 4686 sacrarii,
1467 4609 1522 4676 vel
1546 4610 1644 4676 chori
