4175 5717
961 736 1033 781 000.
1059 737 1118 783 vu.
1516 718 1560 782 85

430 817 651 897 Subdiacouo,
674 824 729 906 qui
752 822 794 887 ad
818 823 1037 889 elevationem
1063 822 1267 890 thurificabit
1301 824 1358 890 SS.
1384 823 1649 903 Sacramentum,

429 935 465 991 et
490 929 557 1014 ipse
581 930 819 995 thuriferarius
842 931 906 996 hoc
929 938 1078 1016 tempore
1103 932 1333 1017 campanulam
1350 931 1505 1016 pulsabit.

523 1037 574 1102 60.
599 1037 680 1102 Post
704 1038 937 1102 Elevationem
961 1038 1170 1104 thuribulum
1195 1038 1302 1103 refert
1326 1038 1367 1103 ad
1395 1039 1531 1104 abacum
1549 1039 1604 1104 vel
1620 1042 1653 1104 in

432 1146 627 1219 sacrarium
651 1145 789 1229 genibus
813 1142 909 1211 flexis
934 1146 1093 1211 subsistet
1114 1145 1200 1231 apud
1224 1145 1373 1221 abacum,
1403 1153 1438 1210 et
1472 1153 1547 1232 post
1579 1167 1655 1212 con·

432 1253 685 1316 summationem
708 1251 872 1338 ampullas
897 1252 1024 1317 referet
1048 1252 1090 1316 ad
1114 1252 1243 1317 Altare.

523 1358 642 1422 61110
666 1359 795 1443 reliquo
820 1367 1008 1443 exequetur
1033 1359 1119 1443 quod
1144 1359 1303 1423 traditum
1327 1366 1378 1424 est
1410 1361 1443 1425 in
1470 1360 1580 1427 Missis
1604 1381 1654 1427 so·

433 1462 614 1530 lemnibus.
701 1523 705 1528 .

541 1682 570 1761 ξ.
599 1679 648 1743 10.
677 1680 720 1744 ln
745 1681 833 1763 fecto
857 1673 1123 1766 Purificotionts
1149 1681 1187 1744 Β.
1211 1680 1351 1745 Mariae
1382 1681 1545 1767 Virpim's.

526 1893 578 1958 112.
605 1893 854 1959 Thuriferarius
877 1893 918 1958 ad
942 1893 1062 1960 Altare
1086 1894 1244 1981 procedet
1267 1914 1340 1959 cum
1358 1895 1468 1973 (llere,
1483 1897 1538 1961 vel
1555 1917 1654 1982 prae-

433 1999 559 2066 cedens
583 2001 802 2077 ceroferariis,
829 2002 921 2064 utin
946 2002 1054 2065 Missis
1079 2001 1281 2067 solemnibus
1309 2004 1506 2069 monuimus.

526 2109 579 2174 63.
605 2108 802 2175 Orationum
826 2109 929 2185 initio,
953 2109 1071 2192 quibus
1099 2109 1279 2200 Celebrans
1296 2110 1469 2177 benedicet
1485 2111 1651 2188 candelas

435 2216 499 2282 ibit
522 2215 563 2280 ad
585 2216 723 2282 abacum
747 2216 801 2281 vel
827 2217 859 2280 in
884 2218 1078 2292 sacrarium,
1103 2217 1232 2302 parabit
1262 2217 1472 2282 thuribulum
1496 2225 1530 2283 et
1557 2238 1656 2303 prae·

434 2331 492 2390 sto
517 2325 582 2388 erit
604 2344 678 2388 cum
703 2325 772 2409 ipso
797 2329 831 2389 et
854 2324 1010 2388 navicula
1033 2342 1135 2408 prope
1160 2315 1278 2389 Altare
1294 2324 1354 2390 sub
1372 2326 1496 2391 exitum
1517 2333 1656 2408 quartae
1721 2332 1725 2340 '

436 2433 610 2496 orationis.
1123 2482 1125 2486 ⁴
1451 2513 1454 2528 Ι

530 2540 583 2603 61.
608 2538 731 2613 Quinta
755 2540 905 2602 oratione
929 2537 1094 2620 absoluta,
1117 2539 1274 2605 ascendet
1298 2539 1339 2605 ad
1363 2539 1490 2618 Altare,
1507 2542 1658 2626 porriget

438 2647 587 2712 Diacono
611 2646 810 2721 naviculam,
836 2644 1028 2711 Celebranti
1052 2645 1182 2711 obiiciat
1210 2647 1427 2716 thuribulum,
1453 2649 1486 2710 in
1510 2668 1574 2731 quo
1597 2648 1658 2713 ille

438 2756 613 2819 incensum
637 2755 792 2817 immittet
815 2759 849 2817 ct
873 2751 1053 2816 benedicet.

530 2862 583 2926 65.
608 2861 689 2926 Dein
725 2860 964 2926 thuriferarius
999 2860 1154 2926 occludet
1184 2861 1401 2937 thuribulum,
1427 2862 1615 2927 naviculam
1639 2883 1659 2928 a

438 2970 587 3035 Diacono
612 2969 749 3054 recipiet
773 2974 803 3031 01
831 2966 964 3031 recedet
989 2967 1139 3052 paullum
1164 2974 1236 3053 post
1259 2967 1438 3032 Diaconum
1466 2970 1580 3055 ipsum.

531 3076 584 3140 66.
610 3076 716 3149 Quum
741 3079 852 3138 autem
878 3073 1043 3138 Diaconus
1068 3075 1288 3159 aspersorium
1317 3073 1500 3140 reddiderit
1517 3076 1657 3151 Clerico,

440 3187 500 3270 qui
524 3184 696 3248 vasculum
732 3202 836 3265 aquae
872 3180 1064 3261 benedictae
1098 3181 1283 3256 sustinebit,
1316 3182 1553 3247 thuriferarius
1587 3182 1660 3247 Dia·

441 3313 528 3359 cone
552 3290 751 3355 ministrabit
774 3288 991 3363 thuribulum,
1009 3288 1049 3352 ab
1067 3308 1170 3371 eoque
1187 3294 1301 3373 postea
1319 3291 1455 3373 recipiet
1471 3296 1505 3354 et
1520 3290 1561 3354 ad
1577 3290 1659 3355 aba·

441 3424 519 3470 cum
544 3401 598 3465 rel
623 3401 654 3463 10
679 3398 861 3461 sacrarium
886 3397 1050 3460 restituet.

532 3509 585 3573 61.
611 3503 798 3578 Candelam,
823 3524 922 3586 quum
946 3505 1010 3566 erit
1034 3509 1173 3588 tempus,
1205 3504 1356 3587 accipiet,
1387 3523 1524 3586 eamque
1560 3524 1659 3589 super

443 3619 548 3700 abaco
572 3619 680 3701 ponet,
705 3613 821 3696 quippe
843 3631 915 3675 eam
945 3630 1009 3674 uon
1046 3617 1152 3694 potest
1177 3611 1395 3694 processionis
1426 3619 1574 3696 tempore
1609 3632 1661 3675 su·

447 3727 573 3789 stinere
597 3742 705 3785 manu.
1060 3800 1062 3804 Ι

535 3831 587 3895 (18.
614 3825 799 3893 Sublimem
825 3824 1040 3888 candelarum
1066 3823 1318 3900 distributionis,
1346 3824 1469 3890 redibit
1495 3826 1535 3891 ad
1559 3826 1665 3890 thuri·

447 3940 562 4004 bultuu
580 3958 651 4001 00ῐο
670 3933 824 3999 navicula
841 3932 1076 4016 accipiendum,
1094 3952 1194 4014 seque
1210 3932 1249 3996 ad
1268 3933 1356 3997 latus
1384 3935 1552 4017 Epistolae
1569 3935 1664 3997 sistet

449 4052 481 4111 in
507 4047 605 4132 plano
629 4042 762 4106 laterali
787 4040 922 4104 Altaris.

538 4153 590 4216 611.
625 4153 842 4230 Posteaquam
872 4145 1065 4209 ‘Celebrans
1100 4147 1257 4209 cecinerit
1289 4148 1469 4210 orationem
1505 4146 1660 4220 Eoeuudi,

451 4278 678 4346 queaeramus,
693 4256 837 4320 Domine
860 4260 922 4317 etc.
948 4251 1184 4315 thuriferarius
1209 4252 1248 4315 ad
1272 4253 1388 4316 Altare
1408 4253 1562 4316 ascendet
1588 4272 1661 4316 cum

451 4367 634 4433 thuribulo.
653 4372 685 4429 et
703 4363 882 4428 Celebrans
900 4362 1068 4424 incensum
1084 4367 1220 4445 propter
1238 4363 1479 4445 processionem
1500 4362 1662 4425 immittet.

542 4476 593 4538 it).
619 4474 696 4539 Sese
721 4471 877 4554 adiunget
901 4468 1111 4532 ceroferariis
1136 4476 1167 4532 et
1204 4468 1410 4533 Subdiacono
1445 4469 1583 4534 Crucem
1611 4489 1665 4551 ge-

450 4585 563 4655 stanti,
588 4589 616 4642 et
644 4577 875 4665 gentrflexione
901 4575 940 4637 ad
962 4576 1078 4638 ditare
1096 4575 1193 4644 facta,
1212 4574 1383 4661 praecedet
1406 4578 1437 4638 10
1454 4577 1663 4660 processione

449 4688 701 4758 801011οο0000,
728 4684 935 4748 thuribulum
963 4684 993 4743 in
1019 4685 1227 4746 caeremonia
1250 4690 1392 4763 gestans.
