4175 5717
524 769 567 834 28
975 781 1040 835 tra.
1067 789 1115 836 111.

521 895 575 958 236.
601 895 792 968 celebrans,
826 905 964 982 accepta
997 898 1119 982 pixide,
1152 917 1187 962 se
1218 903 1396 965 convertet
1427 895 1469 964 ad
1489 898 1658 986 populum,

434 1004 521 1068 dicet
546 1003 635 1070 Ecce
658 1005 785 1088 Agrius
809 1003 875 1070 Dei
899 1012 962 1070 etc.
988 1013 1022 1069 et
1046 1029 1071 1068 s.
1090 1005 1337 1070 Eucharistiam
1361 1006 1566 1072 ministrabit
1587 1007 1659 1072 cle-

407 1130 413 1142 ·
437 1114 513 1176 vicis
544 1113 585 1178 ad
616 1112 745 1188 Altare,
770 1112 888 1178 deinde
920 1114 961 1179 ad
994 1114 1166 1179 cancellos
1189 1113 1369 1179 descendet
1393 1122 1428 1180 et
1457 1115 1660 1186 ministrabit

437 1221 538 1304 ipsam
562 1221 667 1305 primo
691 1222 782 1296 viris,
807 1229 923 1306 postea
945 1221 1153 1288 mulieribus.

523 1329 577 1392 37.
605 1329 756 1394 Clericus
771 1330 897 1414 primus
913 1331 1058 1394 animum
1075 1330 1230 1395 advertet
1246 1329 1285 1394 ad
1304 1329 1552 1396 distribuendas
1568 1331 1659 1396 sche-

435 1435 493 1500 das
516 1437 776 1502 communicatis.
801 1436 901 1502 Alter
927 1438 1140 1524 complicabit
1170 1436 1335 1503 tobaleam
1364 1439 1397 1502 in
1425 1439 1657 1504 communione

433 1542 612 1608 adhibitam
629 1563 766 1627 eamque
786 1551 925 1630 reponet
941 1546 975 1610 in
992 1545 1094 1610 abaco
1111 1550 1146 1610 et
1160 1544 1292 1628 reliquo
1305 1544 1556 1611 communionis
1572 1549 1658 1612 tem·

434 1670 513 1735 pore
536 1651 676 1736 genibus
699 1649 796 1716 flexis
819 1653 965 1718 manebit
986 1653 1073 1738 apud
1099 1653 1217 1718 Altare
1241 1671 1408 1718 unacum
1433 1655 1548 1720 tertio.

523 1759 576 1822 38.
602 1761 684 1824 Post
707 1761 970 1825 communionem
995 1759 1177 1826 Celebrans
1202 1758 1351 1826 Pixidem
1377 1759 1508 1827 referet
1534 1758 1577 1826 ad
1602 1758 1659 1826 Al·

436 1875 519 1946 tare,
543 1870 712 1954 cooperiet
735 1873 769 1934 et
793 1875 933 1954 reponet-
956 1888 1028 1935 eam
1053 1870 1143 1933 intra
1166 1868 1434 1935 tabernaculum.

522 1976 577 2042 39.
603 1955 728 2042 Postea¹
748 1977 796 2040 nil
820 1996 958 2062 prorsus
989 1976 1171 2042 abscedens
1202 1997 1222 2042 a
1253 1976 1359 2042 medio
1383 1976 1525 2054 Altaria,
1549 1975 1659 2065 pun'fl·

435 2086 599 2149 cationem
623 2092 657 2149 et
680 2084 885 2149 ablutionem
908 2085 1059 2169 accipiet,
1084 2085 1223 2150 calicem
1247 2091 1413 2169 exterget,
1431 2085 1604 2172 cooperiet
1619 2103 1658 2150 ac

437 2192 546 2257 tradet
568 2194 674 2278 primo
698 2192 831 2268 clerico,
856 2193 911 2276 qui
935 2190 976 2256 ad
1000 2192 1138 2258 abacum
1164 2192 1299 2258 referet.

523 2301 575 2364 40.
601 2301 734 2365 Interea
756 2299 983 2364 accendentur
1006 2299 1165 2365 candelae
1183 2300 1321 2376 Altaris,
1335 2301 1369 2363 in
1387 2319 1452 2384 quo
1468 2303 1659 2386 exponetur

435 2407 491 2472 SS.
517 2407 769 2473 Sacramentum
793 2414 828 2472 et
850 2407 1095 2472 distribuentur
1122 2408 1291 2472 intorticia
1318 2406 1372 2472 vel
1404 2405 1568 2474 candelae
1598 2427 1658 2474 ac-

433 2534 552 2579 censae
566 2515 798 2581 Goniratribus
815 2514 957 2580 alicuius
975 2513 1283 2586 confraternitatis,
1298 2517 1325 2580 si
1336 2515 1455 2592 aderit,
1469 2515 1527 2582 vel
1541 2517 1658 2602 primis

434 2622 474 2686 de
505 2623 626 2708 populo
657 2629 691 2689 et
721 2622 915 2710 disponetur
946 2623 1046 2687 etiam
1070 2621 1307 2687 baldachinum
1332 2620 1492 2688 utendum
1517 2625 1552 2689 in
1577 2643 1659 2709 pro-

433 2733 593 2796 cessione.

522 2840 574 2902 ctl.
601 2838 792 2914 Celebrans,
817 2845 974 2924 cooperto
997 2859 1037 2904 ao
1061 2839 1195 2915 tradito,
1222 2846 1394 2926 utsupra,
1420 2839 1529 2906 calice
1545 2859 1659 2926 genu-

432 2945 552 3023 flectet,
581 2947 698 3012 redibit
724 2950 756 3011 in
780 2965 886 3014 cornu
910 2947 1084 3033 Epistolae
1108 2956 1142 3012 et
1166 2948 1258 3032 leget
1281 2953 1303 3020 t
1331 2947 1549 3015 Communia.

519 3056 571 3119 42.
598 3055 730 3120 ltedibit
752 3055 794 3119 ad
818 3053 960 3118 medium
984 3054 1123 3130 Altaris,
1135 3051 1403 3139 genuflexionem
1420 3055 1535 3132 faciet,
1553 3075 1659 3122 oscu-

429 3165 555 3229 labitur
579 3162 698 3228 Altare
723 3169 757 3227 et
781 3161 941 3227 recedens
965 3181 1084 3226 versus
1109 3180 1214 3226 cornu
1245 3161 1433 3246 Evangelii,
1465 3160 1557 3228 dicet
1585 3161 1660 3230 Dc-

431 3274 549 3338 ruinas
572 3272 763 3338 vobiscum.

520 3381 573 3444 43.
599 3379 641 3446 Se
658 3385 835 3445 convertet
849 3378 891 3444 ad
908 3377 1049 3442 medium
1066 3378 1204 3452 Altaris,
1222 3377 1356 3443 iterabit
1371 3375 1657 3462 genuflexionem,

430 3487 551 3553 redibit
573 3487 616 3552 ad
640 3487 775 3553 Missale
799 3493 833 3551 et
857 3486 949 3571 leget
972 3487 1157 3550 orationem
1182 3485 1478 3554 Poctcommunio.

519 3596 572 3658 44.
597 3595 766 3659 Reversus
791 3594 866 3659 inde
889 3593 931 3658 ad
954 3591 1097 3658 medium
1121 3593 1261 3670 altaris,
1287 3613 1404 3658 rursus
1434 3591 1657 3677 genuflectet,

430 3704 549 3768 Altare
574 3701 791 3776 osculabitur,
816 3721 852 3764 se
877 3707 997 3776 vertet,
1022 3704 1060 3765 ut
1083 3707 1192 3776 antea,
1217 3705 1251 3766 et
1274 3699 1362 3766 dicet
1385 3701 1564 3770 Dominus
1594 3723 1658 3772 co-

430 3812 575 3877 diee-um.
599 3809 661 3886 Ite,
687 3810 801 3874 Missa
824 3817 885 3876 cst.

517 3921 571 3984 45.
595 3920 822 3985 convertetur
845 3919 886 3984 ad
910 3920 1040 3997 ditare,
1061 3917 1274 4005 genuflectet,
1292 3919 1447 3986 recitabit
1463 3923 1654 3988 orationem

430 4031 574 4096 Placeat
589 4034 652 4094 etc.
671 4027 878 4094 osculabitur
893 4028 1024 4106 Altare,
1037 4029 1127 4095 dicet
1142 4029 1331 4096 Benedicat
1353 4046 1414 4094 vos
1430 4029 1655 4113 omnipotens

431 4139 526 4205 Deus
549 4157 589 4203 ac
612 4136 721 4201 denuo
744 4132 957 4220 genuflectet.

518 4248 570 4310 to.
597 4244 796 4314 Conversus,
833 4251 870 4309 ut
903 4266 1014 4331 supra,
1046 4267 1164 4311 versus
1195 4265 1299 4311 cornu
1332 4244 1508 4329 Evangelii
1545 4245 1652 4312 bene-

429 4353 607 4419 dictionem
631 4355 848 4440 impertietur,
873 4373 936 4418 nec
958 4355 1128 4438 complens
1153 4354 1316 4419 circulum
1340 4372 1448 4436 neque
1464 4351 1601 4420 rediens
1617 4355 1650 4418 in

430 4460 582 4538 medium,
607 4481 642 4526 se
665 4467 778 4526 vertet
800 4459 841 4524 ad
865 4479 969 4525 cornu
995 4457 1171 4540 Evangelii
1195 4468 1229 4525 et
1253 4460 1407 4526 recitabit
1426 4461 1650 4546 Evangelium

431 4588 456 4630 s.
471 4567 619 4632 loannis:
638 4587 703 4632 non
720 4568 864 4652 signabit
880 4567 1011 4638 Altare,
1021 4562 1077 4627 sed
1095 4564 1253 4632 tabellam
1268 4589 1327 4633 seu
1340 4567 1474 4642 librum,
1487 4570 1514 4634 si
1527 4568 1646 4646 aderit,

429 4682 543 4760 postea
573 4679 728 4762 seipsum.
754 4675 804 4740 Ad
843 4673 994 4740 Verbum
1025 4689 1110 4735 euro
1140 4672 1345 4758 genuflectet
1378 4696 1495 4741 versus
1529 4675 1648 4744 Sacra·

430 4795 587 4852 incretum.
