4175 5717
529 717 594 784 220
982 739 1047 792 uin.
1073 743 1107 796 ιι,

526 859 579 922 80.
604 857 737 922 Interea
760 853 985 921 Subdiaconus
1010 855 1202 920 Celebranti
1225 855 1380 943 expediet
1402 853 1515 924 velum
1540 851 1664 924 hume-

439 966 521 1040 rale,
545 963 675 1050 quoda
698 963 963 1029 (laaremoniario
980 963 1160 1048 recipietur
1183 965 1273 1028 etin
1297 964 1400 1032 abaco
1419 970 1616 1050 reponetur.

526 1075 579 1139 81.
604 1074 768 1152 Diaconus
791 1091 947 1136 reversus
963 1069 1004 1136 ad
1019 1071 1193 1138 dexteram
1219 1071 1426 1138 Gelebrantis
1442 1071 1662 1158 geniculabit,

437 1181 554 1248 deinde
577 1201 652 1248 cum
676 1179 875 1246 Gelebrante
900 1185 1030 1246 tantum
1045 1185 1209 1264 assurget,
1234 1179 1371 1265 genibus
1389 1177 1485 1246 flexis
1502 1185 1664 1246 manente

438 1289 655 1356 Subdiacono.
673 1285 854 1354 Celebrans
871 1288 1052 1364 incensum,
1070 1287 1215 1354 Diacono
1232 1289 1452 1364 ministrante,
1465 1289 1538 1354 siue
1553 1289 1662 1356 bene-

435 1397 580 1464 dictione
596 1396 721 1462 iniiciet
736 1396 770 1460 in
786 1394 995 1462 thuribulum
1010 1413 1031 1462 a
1047 1396 1263 1462 thuriferario
1277 1401 1386 1464 stante
1403 1397 1464 1482 ipsi
1480 1395 1660 1464 obiectum.

436 1505 566 1572 Rursus
589 1499 793 1590 genuflectet
816 1501 997 1569 celebrans
1022 1523 1097 1570 cum
1120 1503 1276 1581 Diacono,
1292 1511 1392 1588 atque
1409 1505 1464 1570 bic
1483 1513 1662 1592 acceptum

435 1632 455 1678 a
471 1612 689 1678 thuriferario
705 1609 914 1676 thnribulum
931 1613 1080 1697 porriget
1096 1611 1298 1690 Celebranti,
1316 1613 1372 1698 qui
1390 1611 1447 1680 SS.
1465 1611 1664 1680 Sacramen-

435 1728 506 1787 tum
529 1719 655 1806 triplici
685 1716 789 1784 ductu
820 1716 1034 1795 munificabit·
1059 1719 1155 1803 eique
1176 1719 1426 1788 Sacramentum
1450 1717 1662 1790 thurmcanti

436 1829 581 1894 Ministri
604 1833 731 1914 partem
754 1828 971 1914 posteriorem
995 1827 1151 1913 planetae
1175 1827 1366 1895 sustollent.
1385 1827 1570 1896 Celebrans
1587 1827 1663 1898 Dia-

434 1958 528 2013 cono,
552 1937 717 2003 Diaconos
740 1937 958 2002 thuriferario
994 1937 1150 2002 restituet
1186 1935 1407 2004 thuribulum.
1433 1937 1663 2004 Thuriierarii

433 2046 570 2112 coibunt
592 2046 626 2110 in
649 2043 791 2111 medium
807 2051 886 2110 ante
902 2042 1032 2118 Altare,
1049 2040 1276 2128 genuflectent
1292 2043 1519 2121 Sacramenta,
1537 2043 1662 2112 deinde

434 2153 523 2219 alter
545 2173 589 2220 ex
611 2153 680 2218 illis
705 2150 824 2218 redibit
847 2153 880 2218 in
903 2153 1088 2218 sacrarium
1110 2151 1151 2216 ad
1176 2150 1383 2218 thuribulum
1414 2151 1661 2238 deponendum,

434 2262 569 2327 iunctus
594 2263 658 2326 iam
681 2257 788 2326 officio
811 2279 882 2336 suo,
905 2237 995 2326 altel·
1018 2259 1203 2326 remanebit
1226 2257 1313 2345 apud
1335 2259 1475 2326 abacum
1494 2279 1556 2347 pro
1573 2259 1664 2328 reli-

434 2389 499 2453 qua
520 2369 705 2434 iunctione.

520 2476 573 2542 82.
599 2475 781 2542 Celebrans
806 2495 881 2541 cum
905 2474 1050 2540 Diacono
1073 2495 1093 2541 a
1116 2473 1243 2540 dextris
1271 2481 1306 2540 et
1330 2474 1538 2542 Subdiacono
1567 2479 1665 2544 asi·
1762 2499 1763 2504 ¹

433 2586 546 2650 nistris
569 2583 729 2650 ascendet
749 2581 792 2650 ad
815 2582 935 2648 Altare
958 2587 992 2648 et
1016 2583 1071 2648 ubi
1095 2584 1251 2648 venerint
1267 2584 1301 2648 in
1323 2582 1581 2669 suppedaneum,
1600 2585 1664 2652 ite-

433 2693 555 2758 rabunt
577 2689 853 2777 genuflexionem:
872 2690 1054 2756 celebrans
1073 2711 1189 2758 manus
1206 2693 1351 2777 imponet
1372 2691 1493 2769 Alteri,
1510 2691 1665 2760 Ministri

433 2807 544 2866 autem
574 2797 811 2884 genuflectent,
836 2801 934 2866 etiam
969 2797 1135 2885 deinceps,
1160 2800 1283 2865 iunctis
1318 2799 1468 2866 manibus
1504 2818 1574 2864 non
1604 2821 1665 2868 eas

431 2910 636 2995 imponentes
660 2907 780 2973 Altari.
805 2905 1044 2982 subdiaconus,
1062 2903 1295 2992 genuflexione
1319 2906 1417 2983 iacta,
1436 2907 1595 2974 transibit
1617 2907 1664 2976 ad
1761 2915 1763 2920 '

432 3015 603 3082 dexteram
623 3015 759 3081 Diaconi
782 3021 817 3081 et
839 3011 1106 3100 genuflexionem
1123 3014 1266 3080 iterabit.
1283 3014 1474 3101 Acolythus
1492 3017 1664 3104 quispiam

431 3123 595 3209 ampullas
619 3143 693 3190 cum
717 3123 886 3208 pelvicula
910 3129 944 3188 ot
966 3124 1178 3208 manutergio
1201 3132 1320 3199 sumet,
1345 3131 1382 3188 ut
1406 3125 1439 3188 in
1463 3122 1575 3190 Missis
1601 3145 1665 3192 so-

432 3232 606 3308 lemnibus,
631 3249 752 3314 easque
775 3226 891 3296 afferet
913 3228 954 3296 ad
977 3230 1107 3308 altare,
1125 3227 1329 3315 genuflectet
1345 3229 1454 3315 ibique
1471 3231 1666 3300 remanebit

432 3337 537 3404 donec
559 3360 616 3404 eas
639 3340 787 3424 recipiet.
812 3338 978 3404 Diaconus
1001 3357 1019 3402 e
1044 3338 1156 3404 calice
1180 3338 1281 3404 tollet
1297 3338 1409 3404 velum
1425 3337 1548 3414 album,
1570 3339 1664 3425 quod

432 3447 543 3513 tradet
566 3447 832 3514 anremoniario
856 3453 890 3512 et
914 3447 948 3512 in
982 3445 1084 3512 abaco
1120 3451 1311 3532 reponetur:
1337 3443 1454 3513 deinde
1488 3447 1662 3516 Diaconus

432 3557 501 3640 ipse
524 3575 542 3620 e
567 3554 679 3620 (latice
702 3559 856 3640 patenam
880 3553 980 3622 tollet
995 3559 1030 3618 et
1046 3553 1180 3639 pallam:
1197 3561 1352 3640 patenam
1368 3555 1508 3640 accipiet
1524 3560 1560 3621 et
1577 3563 1665 3624 ante
1758 3563 1762 3570 '

432 3662 665 3728 Celebrantem
688 3662 867 3730 sustinebit
888 3663 978 3728 intra
1001 3661 1187 3747 corporale:
1213 3661 1394 3728 celebrans
1417 3663 1561 3750 accipiet
1585 3661 1662 3730 Ga-

431 3769 530 3835 licem
554 3775 589 3834 et
610 3789 740 3836 sacram
762 3769 911 3838 Hostiam
934 3789 977 3838 ex
1009 3770 1071 3834 illo
1102 3770 1204 3836 faciet
1233 3768 1355 3837 leviter
1386 3762 1521 3836 effluere
1554 3791 1662 3860 super

433 3884 597 3964 patenam,
609 3897 650 3945 ac
672 3878 700 3944 si
723 3897 805 3963 opus
821 3877 934 3954 tuerit,
947 3879 1072 3963 poterit
1088 3898 1160 3944 eam
1176 3877 1280 3962 digito
1296 3876 1476 3953 extollere
1492 3877 1558 3944 hoc
1575 3899 1660 3948 casu

432 3985 572 4071 digitum
587 3981 775 4071 purificabit
797 3985 832 4048 in
854 3984 993 4052 sacculo
1010 3991 1210 4071 praeparato
1234 3991 1268 4052 et
1291 3991 1447 4070 exterget
1466 3981 1662 4074 purificato·

432 4096 497 4159 rio:
521 4095 568 4158 sic
591 4094 690 4158 etiam
714 4091 867 4159 advertat
891 4093 1065 4160 demittere
1089 4093 1239 4160 Hostiam
1262 4095 1296 4158 in
1319 4092 1458 4158 mediam
1486 4098 1657 4180 patenam.

517 4201 570 4267 83.
595 4201 760 4266 Diaconos
784 4199 874 4268 dabit
909 4205 1062 4285 patenam
1087 4201 1288 4278 celebranti,
1314 4202 1369 4284 qui
1392 4202 1535 4286 accipiet
1560 4201 1658 4268 illam

432 4315 571 4393 utraque
595 4329 694 4376 manu
718 4314 753 4374 et
775 4315 876 4394 ponet
899 4309 1048 4374 Hostiam
1073 4311 1105 4374 in
1131 4309 1236 4374 medio
1261 4309 1429 4394 corporali
1449 4310 1582 4377 nullum
1599 4310 1655 4378 sa·-

430 4419 520 4482 ciens
537 4417 654 4484 Crucis
670 4418 800 4502 signum
817 4422 851 4482 et
866 4423 1019 4502 patenam
1030 4425 1170 4503 reponet
1186 4436 1287 4503 super
1303 4417 1480 4502 corporale
1492 4437 1513 4483 a
1524 4417 1654 4488 dextris

430 4525 510 4588 suis.
534 4524 697 4592 Diaconos
720 4525 861 4610 accipiet
884 4524 1032 4600 calicem,
1050 4544 1156 4608 neque
1173 4545 1248 4590 eum
1266 4526 1438 4610 imponens
1454 4524 1569 4594 Altari
1590 4545 1653 4594 ne-

433 4646 495 4709 que
518 4636 696 4716 extergens
720 4630 954 4717 purificatorio,
979 4633 1156 4698 sustinebit
1179 4633 1324 4698 sinistra:
1349 4633 1530 4720 ampullam
1548 4635 1652 4702 ninia
