4175 5717
515 951 536 1014 6
961 967 1026 1016 ure.
1053 967 1100 1017 111.

427 1081 554 1146 Altaris
578 1078 709 1144 adesset
731 1077 788 1143 SS.
813 1077 1074 1153 Sacramentum,
1100 1077 1279 1143 celebrans
1303 1087 1339 1144 et
1361 1081 1433 1166 ipse
1456 1079 1551 1146 faciet
1570 1099 1622 1166 ge·

429 1185 660 1262 nnflexionem,
684 1193 783 1268 atque
806 1185 853 1248 ita
876 1183 1029 1270 deinceps
1053 1186 1088 1250 in
1110 1190 1181 1250 tota
1203 1185 1388 1251 iunctione.

514 1297 568 1362 ab.
592 1295 625 1361 Si
648 1296 751 1359 fuerit
773 1291 842 1358 dies
864 1292 1044 1368 Dominica,
1069 1290 1126 1357 fiet
1147 1294 1294 1376 aspersio
1310 1313 1420 1378 aquae
1437 1293 1628 1362 benedictae.
1655 1269 1659 1286 ⁶

514 1406 567 1470 27.
592 1403 723 1468 Primus
746 1400 890 1465 clericus
907 1407 1007 1484 ponet
1021 1419 1122 1484 super
1138 1398 1240 1465 abaco
1256 1400 1402 1465 biretum
1422 1400 1630 1472 celebrantia

428 1511 544 1579 deinde
566 1531 585 1575 a
609 1508 754 1575 candelis
777 1504 1008 1572 benedicendis
1032 1506 1197 1571 amovebit
1219 1508 1356 1573 mantile
1381 1529 1444 1573 seu
1467 1509 1633 1586 tobaleam,

430 1641 494 1704 qua
516 1620 643 1684 fuerint
666 1621 852 1700 coopertae.

515 1727 569 1794 28.
594 1724 773 1791 celebrans
796 1720 922 1787 medius
945 1722 1033 1786 inter
1056 1720 1236 1787 secundum
1260 1729 1294 1787 et
1316 1725 1459 1790 tertium
1482 1725 1637 1792 clericum

427 1833 585 1900 ascendet
607 1831 648 1896 ad
672 1830 800 1904 Altare,
824 1826 910 1912 quod
945 1827 1152 1894 osculabitur
1175 1830 1209 1893 in
1233 1828 1339 1895 medio
1370 1840 1408 1897 et
1431 1832 1474 1898 ad
1511 1833 1638 1900 Missale

428 1942 462 2006 in
485 1959 589 2006 cornu
614 1936 782 2022 Epistolae
806 1934 969 2001 transibit.
995 1935 1117 2001 Clerici
1141 1955 1205 2000 non
1230 1934 1463 2021 genuflectent
1487 1939 1567 2005 dum
1588 1939 1639 2006 (la-

427 2047 562 2114 lebrans
586 2045 703 2110 Altare
727 2042 944 2120 osculabitur,
968 2040 1025 2107 sed
1048 2042 1312 2127 perseverabunt
1334 2050 1430 2112 stare
1446 2065 1467 2112 a
1483 2044 1639 2113 lateribus

428 2156 499 2221 eius
523 2150 726 2237 usquedum
750 2148 933 2216 benedictio
957 2147 1159 2235 perficiatur.

515 2261 567 2326 29.
593 2258 774 2327 celebrans
798 2258 882 2323 facie
917 2276 1016 2322 versa
1038 2257 1080 2322 ad
1104 2257 1222 2322 Altare
1256 2265 1290 2324 et
1321 2260 1449 2326 iunctis
1484 2261 1640 2340 manibus,

427 2371 515 2437 dicet
537 2370 627 2434 elata
649 2388 731 2433 voce
754 2367 926 2433 Dominus
949 2365 1129 2433 vobiscum
1151 2373 1186 2431 et
1209 2366 1390 2452 subinnget
1412 2370 1563 2454 quinque
1578 2389 1641 2435 ora·

427 2481 533 2543 tiones
566 2497 625 2562 pro
660 2473 887 2540 benedictione
922 2472 1136 2538 candelarum
1160 2475 1396 2559 praescriptas.
1424 2475 1539 2550 Quum
1566 2495 1641 2542 can-

427 2585 520 2650 delas
551 2582 786 2648 benedicturus
817 2582 890 2656 erit,
922 2582 1068 2666 imponet
1097 2580 1208 2646 Alteri
1239 2582 1410 2646 sinistram
1446 2589 1484 2648 et
1519 2585 1640 2670 signnm

429 2692 544 2757 Crucis
568 2711 684 2755 versus
715 2687 871 2754 candelas
903 2687 1043 2753 dextera
1073 2686 1203 2766 efficiet,
1235 2689 1360 2754 clerico
1392 2689 1546 2756 secundo
1575 2689 1640 2756 ilm-

428 2798 532 2864 briam
555 2797 712 2883 pluvialis
736 2799 807 2862 eius
831 2796 1038 2862 sublevante.

515 2906 568 2971 30.
593 2907 725 2970 Interea
748 2905 891 2970 clericus
914 2906 1039 2990 primus
1063 2904 1202 2989 accipiet
1226 2924 1269 2968 ex
1299 2904 1404 2969 abaco
1435 2906 1639 2973 thuribulum

429 3017 461 3078 in
486 3035 549 3097 quo
572 3012 781 3098 praeparabit
805 3014 922 3096 ignem,
941 3018 975 3076 et
996 3018 1125 3095 sumpta
1145 3011 1300 3075 navicula
1315 3011 1482 3079 subsistet
1499 3016 1532 3078 in
1550 3015 1640 3100 plano

429 3143 448 3185 a
472 3122 577 3185 latere
602 3118 782 3205 Epistolae.

516 3229 568 3292 31.
592 3226 676 3290 Dum
700 3226 894 3292 recitabitur
917 3228 1032 3310 quinta
1056 3228 1173 3303 oratio,
1199 3227 1342 3291 clericus
1359 3230 1487 3294 tertius
1504 3229 1639 3296 discedet

427 3356 446 3399 a
470 3337 605 3398 sinistra
629 3334 847 3409 Celebrantis,
872 3333 911 3397 de
936 3334 1047 3398 Altari
1072 3332 1249 3397 descendet
1273 3355 1293 3397 a
1317 3334 1437 3411 latere,
1465 3339 1580 3402 veniet
1605 3335 1639 3399 ed

427 3443 573 3518 abacum,
598 3443 737 3526 accipiet
760 3440 932 3505 vasculum
957 3461 1061 3523 aquae
1086 3440 1279 3505 benedictae
1303 3461 1379 3505 cum
1404 3447 1597 3529 aspersorio
1612 3457 1640 3508 et

428 3548 547 3614 redibit
569 3548 609 3613 ad
633 3550 751 3614 Altare
775 3548 935 3613 accedens
959 3546 1000 3611 ad
1024 3547 1197 3613 dexteram
1221 3549 1318 3632 primi
1341 3549 1462 3615 clerici
1488 3554 1545 3636 qui
1576 3552 1641 3616 thu·

429 3657 574 3721 ribulum
598 3677 671 3721 cum
695 3656 851 3721 navicula
874 3654 1060 3720 sustinebit.

516 3764 568 3829 32.
593 3764 757 3828 Absoluta
780 3764 894 3846 quinta
918 3764 1078 3839 oratione,
1104 3765 1228 3847 primus
1258 3763 1403 3828 clericus
1434 3784 1517 3831 cum
1546 3763 1643 3831 thuri·

429 3871 507 3936 bulo
531 3879 565 3935 et
588 3871 743 3935 navicula
766 3869 806 3934 ad
832 3870 1064 3935 Celebrantem
1089 3870 1255 3935 ascendet.

515 3979 567 4042 33.
592 3978 690 4043 Alter
713 3978 857 4042 clericus
882 3998 957 4043 cum
981 3977 1104 4042 osculis
1129 3979 1260 4042 usitatis
1284 3979 1461 4045 incensum
1487 3984 1643 4047 ministra·

429 4087 476 4151 bit
500 4085 701 4160 celebranti,
725 4087 780 4169 qui
814 4105 889 4150 cnm
925 4084 1037 4153 debita
1068 4084 1298 4151 benedictione
1333 4087 1463 4153 inliciet
1499 4088 1585 4156 illud
1614 4092 1642 4154 in

429 4193 648 4259 thuribulum.

516 4306 569 4370 34.
594 4305 726 4369 Tertius
751 4305 894 4369 clericus
919 4322 994 4368 cum
1017 4303 1205 4387 aspersorio
1229 4308 1264 4369 et
1294 4304 1434 4370 vasculo
1469 4327 1576 4393 aquae
1598 4307 1643 4374 be

430 4414 579 4479 nedictae
603 4412 759 4478 ascendet
781 4412 823 4478 ad
848 4411 1091 4477 celebrantem.

517 4522 570 4586 35.
595 4519 765 4585 Secundus
789 4513 933 4584 cleric'us
957 4521 1098 4603 accipiet
1125 4521 1347 4604 aspersorium
1372 4526 1408 4587 et
1431 4542 1513 4590 cnm
1529 4524 1639 4591 osculis

430 4629 535 4714 ipsum
558 4627 668 4693 tradet
692 4626 891 4702 Celebranti,
918 4628 972 4709 qui
996 4626 1152 4691 candelas
1176 4634 1333 4712 asperget
1349 4629 1384 4691 in
1401 4631 1525 4707 medio,
1542 4653 1561 4696 a
1576 4633 1639 4696 sini·

430 4738 508 4800 stris
542 4743 575 4800 et
608 4755 629 4799 a
662 4735 790 4800 dextris
824 4736 902 4810 suis,
937 4736 1081 4799 recitans
1117 4734 1278 4799 submissa
1312 4755 1396 4801 voce
1432 4741 1634 4826 antiphonam

430 4844 604 4927 Asperpea
626 4863 681 4909 me
703 4850 766 4909 etc.
791 4851 824 4908 et
846 4844 1072 4928 aspersorium
1098 4844 1254 4907 restituet
1275 4844 1424 4910 sccundo
1443 4847 1577 4916 clen'co.
1592 4845 1633 4909 bic

430 4958 540 5016 autern
564 4952 675 5016 tertio.
