4175 5717
627 773 691 838 358
1090 793 1155 838 nm.
1182 793 1202 839 1.

624 901 676 964 92.
702 901 739 963 In
762 900 907 966 discessu
935 900 976 964 de
1000 900 1109 964 Alteri
1140 901 1290 984 accipere
1322 901 1463 965 biretum
1494 905 1671 982 antequam
1703 915 1759 962 re-

538 1009 721 1071 verentiam
745 1006 800 1071 vel
830 1005 1095 1092 genuflexionem
1128 1007 1257 1084 officiat,
1289 1015 1347 1072 aut
1371 1005 1455 1071 illud
1487 1006 1548 1071 sibi
1571 1005 1612 1070 de
1642 1007 1757 1091 capite

538 1112 714 1178 detrahere
738 1116 927 1198 priusquam
955 1117 1177 1180 reverentiam
1210 1116 1330 1180 lecerit
1352 1113 1393 1178 ad
1419 1113 1557 1178 Crucem
1588 1111 1643 1178 vel
1669 1114 1758 1176 ima-

538 1223 646 1304 ginem
672 1223 879 1306 praecipuam
904 1224 1052 1286 sacrarii.

513 1318 525 1328 ”
627 1328 679 1391 93.
704 1329 903 1392 Paramonta
918 1332 1099 1394 acervatim
1117 1329 1281 1415 deponere
1299 1331 1332 1393 in
1349 1328 1502 1393 exuendo
1515 1347 1559 1404 so,
1577 1347 1643 1392 non
1660 1347 1761 1392 oscu-

537 1435 602 1498 lari
624 1434 755 1510 stolam,
779 1436 993 1520 manipulum,
1018 1438 1183 1511 anrictum,
1208 1447 1266 1500 aut
1290 1435 1350 1500 sibi
1375 1434 1483 1499 albam
1508 1433 1688 1499 detrahere
1711 1453 1759 1497 ex

539 1540 690 1605 adverso.

625 1647 677 1711 9-1.
703 1649 877 1713 Sermones
902 1669 1078 1714 conserere
1102 1661 1135 1714 et
1159 1649 1371 1715 confabulari
1395 1651 1427 1714 in
1452 1650 1610 1725 sacrario,
1626 1653 1688 1713 aut
1712 1667 1760 1712 ex

538 1753 598 1818 illo
622 1760 656 1819 et
680 1755 830 1820 Ecclesia
853 1755 1021 1821 discedere
1044 1758 1123 1839 quin
1147 1763 1275 1841 tempus
1299 1757 1501 1821 conveniens
1526 1755 1760 1820 intercesserit

539 1880 597 1945 pro
622 1860 730 1926 debita
752 1864 936 1946 gratiarum
959 1865 1101 1928 actione.

517 2055 520 2062 Ι
625 1969 677 2033 95.
703 1969 796 2043 Quod
819 1971 860 2035 ad
883 1971 1033 2036 defectus
1058 1977 1185 2056 spectat
1209 1973 1242 2034 in
1266 1971 1408 2036 rubricis
1439 1969 1652 2054 generalibus
1682 1966 1760 2052 plu·

540 2077 628 2142 ribus
653 2078 813 2162 capitibus
838 2085 977 2156 notatos,
1002 2099 1103 2164 quum
1126 2079 1166 2144 de
1190 2078 1289 2144 rebus
1313 2083 1443 2163 agat-ur,
1472 2097 1552 2161 quas
1573 2077 1679 2142 omnis
1698 2052 1759 2140 sd-

538 2184 654 2248 cerdos
678 2187 809 2250 novisse
824 2193 867 2252 et.
890 2187 991 2270 probe
1014 2188 1101 2252 scire
1125 2192 1268 2260 tenetur,
1294 2205 1440 2269 quasque
1464 2189 1574 2269 potest
1597 2184 1759 2267 unusqui-

537 2311 616 2374 sque
640 2293 672 2355 in
697 2292 822 2356 blissali
847 2292 961 2376 legere
984 2300 1018 2358 et
1040 2293 1255 2378 perpendere,
1280 2293 1489 2378 potiusquam
1513 2289 1626 2356 eadem
1643 2291 1758 2375 capita

539 2405 767 2476 retractemus,
782 2401 813 2463 in
827 2405 933 2465 totum
946 2399 1079 2465 silentio
1090 2401 1274 2485 praeterire
1284 2418 1403 2484 operae
1416 2399 1557 2483 pretium
1571 2398 1680 2462 visum
1692 2403 1759 2461 est.
