4175 5717
521 705 564 769 20
981 724 1047 771 um.
1072 725 1092 770 1.

434 830 613 896 secundum
630 831 791 917 psalmum
806 832 995 917 antiphona
1012 850 1052 895 ac
1068 831 1184 896 sedens
1200 831 1345 895 manebit
1366 849 1470 915 usque
1492 830 1533 895 ad
1558 832 1640 895 into·

436 941 601 1004 nationem
625 939 744 1003 tertiae
767 938 966 1024 antiphonae
988 944 1066 1003 ante
1089 940 1224 1004 tertium
1249 938 1421 1024 psalmum,
1433 938 1474 1004 ud
1490 958 1571 1022 quas
1594 939 1642 1003 in-

435 1047 620 1111 tonationes
644 1050 771 1110 tantum
789 1052 976 1132 consurget,
1001 1048 1099 1111 sicuti
1122 1048 1155 1111 in
1178 1047 1337 1137 vesperis
1352 1045 1562 1113 observatum
1578 1052 1638 1111 est.

468 1210 471 1215 .
521 1153 572 1219 52.
597 1153 678 1218 Post
700 1158 723 1226 5
745 1154 845 1219 stabit
867 1153 912 1219 ad'
931 1154 1039 1221 Peter
1061 1154 1244 1230 portenae
1266 1153 1506 1219 absolutionem
1531 1160 1565 1218 et
1586 1154 1640 1218 be·

434 1260 650 1327 nedictionem
673 1266 751 1325 ante
774 1260 949 1326 lectionem
972 1263 1119 1348 primam.

519 1368 571 1432 53.
597 1368 730 1453 lncepto
753 1370 876 1453 primae
898 1368 1051 1434 lectionis
1079 1375 1189 1439 cantu,
1213 1368 1339 1435 sedebit
1366 1388 1469 1452 usque
1492 1366 1532 1433 ad
1556 1368 1639 1431 into·

435 1478 601 1541 nationem
635 1477 759 1560 primae
796 1477 994 1562 antiphonae
1023 1482 1101 1542 ante
1135 1478 1274 1562 primum
1308 1477 1469 1561 psalmum
1504 1474 1651 1541 secundi

435 1585 598 1659 nocturni,
623 1588 657 1648 et
681 1583 910 1648 observabitur
940 1585 973 1647 in
1004 1584 1148 1649 secundo
1171 1591 1205 1648 et
1227 1586 1327 1649 tertio
1358 1589 1521 1649 nocturno
1553 1580 1639 1666 quod

430 1691 470 1755 de
493 1692 597 1776 primo
620 1692 858 1776 praescriptum
882 1691 954 1756 fuit.
979 1690 1163 1760 Notandum
1180 1696 1289 1756 tamen
1309 1695 1369 1766 est,
1386 1690 1471 1774 quod
1488 1691 1522 1754 in
1538 1689 1638 1754 tertio
1697 1720 1699 1724 ·

431 1804 595 1862 nocturno
619 1798 718 1862 stabit
740 1818 839 1882 quum
866 1799 1055 1864 cantabitur
1086 1799 1195 1862 brevis
1226 1798 1400 1883 Evangelii
1429 1798 1530 1863 lectio
1559 1799 1638 1860 ante

433 1906 602 1990 septimam
626 1905 811 1980 lectionem,
829 1910 863 1970 et
885 1905 925 1969 ad
949 1925 1069 1970 nonam
1092 1906 1267 1971 lectionem
1292 1924 1375 1989 quae
1398 1924 1417 1969 a
1440 1903 1639 1970 Celebrante

338 2036 340 2042 ¹
434 2018 582 2077 canetur.

521 2120 573 2184 54,
599 2119 837 2184 Itidemstabit
867 2120 1002 2205 pedibus
1026 2120 1067 2185 ad
1091 2126 1223 2185 cantum
1255 2121 1369 2205 hymni
1396 2120 1442 2185 Te
1471 2118 1583 2185 Deum
1606 2124 1641 2185 et

432 2247 540 2313 genua
563 2223 674 2291 flectet
697 2226 737 2291 ad
762 2231 792 2300 t.
821 2226 867 2293 Tc
890 2246 973 2313 erpo
997 2246 1214 2312 quaesomus
1236 2243 1298 2292 etc.

520 2334 572 2399 55.
598 2333 647 2398 Ad
672 2333 801 2399 Laudes
825 2334 961 2421 idipsum
986 2334 1072 2419 quod
1088 2334 1128 2399 de
1145 2336 1301 2421 Vesperis
1317 2314 1554 2419 praescriptum
1577 2339 1638 2406 est,

432 2443 670 2514 observabitur,
695 2442 791 2506 nulla
814 2443 899 2506 enim
923 2441 1098 2507 diversitas
1121 2442 1306 2507 intercedit.

804 2663 835 2740 g.
860 2660 890 2722 4.
915 2659 958 2724 Ie
982 2659 1094 2725 Missa
1117 2660 1270 2725 solamon.

518 2874 571 2938 56.
596 2869 714 2939 Clarus
738 2874 839 2938 stabit
862 2876 893 2938 in
917 2875 1019 2939 choro
1043 2874 1148 2940 donec
1171 2876 1350 2941 celebrans
1375 2894 1456 2941 cum·
1481 2877 1642 2941 ministris⁴
1716 2867 1721 2872 ’

431 2981 471 3045 ad
496 2980 614 3045 Altare
637 2982 836 3066 pervenerit.

519 3087 572 3151 57.
597 3086 647 3151 Ad
671 3086 908 3152 confessionem
934 3087 1052 3153 Clerus
1075 3108 1184 3173 genua
1207 3087 1327 3166 flectet,
1344 3095 1477 3176 praeter
1501 3091 1640 3155 Praesu-

434 3197 483 3260 les
506 3202 540 3258 et
564 3194 745 3259 Canonicos
770 3196 801 3258 in
826 3216 886 3259 sua
909 3196 1070 3272 Ecclesia,
1088 3198 1142 3279 qui
1166 3198 1301 3262 stabunt
1316 3198 1451 3284 pedibus
1467 3197 1543 3262 dum
1564 3218 1639 3262 con·

433 3303 607 3367 sessionem
632 3300 827 3391 recitabunt.
912 3309 915 3316 ’
953 3390 957 3397 ¹

519 3411 571 3475 58.
597 3410 703 3483 Quum
728 3409 906 3475 Celebrans
929 3410 1116 3475 ascenderit
1140 3412 1266 3489 Altare,
1291 3419 1470 3498 consurget
1490 3418 1523 3477 et
1539 3413 1639 3479 stabit

434 3517 538 3602 quoad
563 3518 631 3603 ipse
655 3516 833 3582 Celebrans
857 3536 931 3582 cum
955 3518 1114 3583 ministris
1139 3520 1332 3583 recitaverit
1348 3521 1457 3605 Kyrir
1480 3522 1616 3587 eleison.

520 3625 572 3689 59.
598 3624 630 3689 Si
654 3626 768 3688 musici
791 3625 987 3710 protrahent
1010 3625 1141 3710 longius
1157 3626 1266 3711 Kyrie
1289 3631 1430 3701 cantum,
1450 3626 1567 3692 Oleros
1590 3648 1639 3693 se·

432 3735 529 3809 debit,
554 3734 643 3796 acsi
668 3731 847 3819 Celebrans
875 3733 973 3796 etiam
997 3732 1037 3796 ad
1061 3732 1239 3797 sedendum
1270 3734 1334 3798 iret
1364 3754 1437 3798 cum
1468 3736 1637 3814 ministris,

431 3845 548 3906 caveat
571 3839 690 3905 Clesus
714 3859 755 3903 ne
778 3837 948 3903 consideat
969 3837 1076 3921 quoad
1099 3840 1166 3924 ipse
1191 3840 1372 3906 celebrans
1395 3841 1526 3907 sederit.

519 3948 571 4011 60.
597 3945 647 4010 Ad
670 3947 907 4011 intonationem
930 3934 1045 4032 hymni
1065 3946 1185 4013 Gloria
1207 3948 1246 4014 in
1268 3949 1415 4015 eccelsia
1431 3956 1463 4014 et
1479 3949 1519 4015 ad
1536 3951 1638 4036 ipsius

432 4055 657 4120 recitationem
681 4054 780 4118 stabit
802 4052 945 4139 pedibus,
970 4052 1088 4119 deinde
1111 4054 1292 4120 considebit
1317 4062 1487 4140 postquam
1515 4058 1638 4124 sederit

434 4163 622 4228 Celebrens.
1366 4174 1368 4178 “

520 4269 571 4335 61.
597 4268 704 4343 Quum
724 4275 877 4354 assurget
894 4267 1074 4334 Celebrans
1099 4269 1267 4334 rediturus
1291 4269 1331 4335 ad
1356 4270 1473 4336 Altare
1488 4278 1520 4337 et
1538 4293 1637 4357 quum

432 4375 519 4441 dicet
542 4375 711 4443 Dominus
734 4374 910 4442 uobiscum
925 4381 959 4440 et
974 4376 1120 4441 cantabit
1142 4375 1258 4440 deinde
1281 4379 1464 4442 orationem
1481 4381 1550 4445 sive
1567 4401 1639 4445 ora·

433 4485 549 4558 tiones
574 4483 673 4548 stabit
695 4481 839 4567 pedibus.

519 4590 571 4656 62.
597 4589 729 4656 Sedebit
751 4589 791 4654 ad
814 4587 995 4675 Epistulam
1020 4594 1054 4655 et
1082 4590 1159 4655 dum
1189 4595 1329 4656 canetur
1358 4591 1535 4671 Graduale,
1559 4596 1637 4661 Tra·

433 4704 507 4766 ctus
530 4704 592 4764 etc.
