4175 5717
520 737 581 799 ibo
972 757 1037 803 nne.
1063 757 1097 804 11.

428 868 563 930 vertant
586 866 624 926 ut
647 866 778 948 tergum
801 861 971 950 adipsum
994 855 1164 928 scamnum
1189 869 1398 938 convertunt,
1423 881 1491 928 nnn
1515 861 1557 928 ad
1584 861 1651 930 al-

429 981 506 1036 tare
522 970 652 1036 ratione
669 969 725 1035 SS.
743 969 959 1035 Sacramenti.
978 971 1025 1036 lbi
1041 971 1195 1049 hlinistri,
1209 970 1441 1037 adiuvantibus
1456 969 1653 1057 Acolythis,

432 1080 600 1165 deponent
623 1077 819 1163 manipulos,
845 1076 1025 1143 celebrans
1051 1078 1216 1164 planetam
1247 1083 1280 1144 et
1311 1079 1527 1165 manipulum,
1551 1077 1655 1144 adiu-

431 1192 532 1251 rante
556 1185 833 1260 Gaeremoniario;
857 1191 892 1250 et
914 1184 1055 1271 pluuiali
1080 1185 1245 1262 induetur,
1269 1193 1463 1272 paramenta
1477 1183 1653 1274 praedicta

431 1315 451 1358 a
474 1294 599 1359 clerico
622 1293 657 1356 in
680 1293 861 1356 sacrarium
887 1293 1089 1358 referentur.
1559 1369 1562 1376 Ι

520 1401 572 1465 40.
599 1399 768 1486 Acolythi,
801 1401 911 1465 statim
942 1419 982 1464 ac
1014 1402 1200 1488 manipulos
1235 1401 1444 1468 detraxerint
1474 1401 1656 1480 Ministris,-

431 1515 572 1594 pcrgent
596 1507 635 1572 ad
659 1507 797 1572 abacum
822 1509 1025 1593 sumptisque
1049 1508 1256 1576 candelabris
1279 1509 1416 1575 coibunt
1438 1528 1515 1575 cum
1537 1509 1653 1576 altere

431 1617 637 1684 Subdiacono
654 1618 710 1700 qui
726 1617 866 1702 accipiet
883 1617 1023 1683 Crucem
1040 1625 1073 1684 et
1091 1618 1215 1683 medius
1239 1620 1327 1683 inter
1350 1619 1437 1704 ipsos
1453 1617 1653 1704 procedens,

432 1727 464 1791 in
487 1725 578 1790 aditu
601 1745 703 1810 propo
726 1725 945 1790 balaustrium
969 1726 1139 1792 consistet.

520 1834 572 1897 41.
599 1831 632 1898 Si
657 1831 776 1897 Clerus
800 1834 862 1897 erit
894 1847 1101 1910 numerosus,
1126 1835 1236 1899 statim
1268 1833 1397 1898 initium
1429 1835 1656 1919 processionis

435 1940 501 2016 fiet,
526 1960 622 2005 secus
646 1941 816 2026 expectari
840 1941 962 2025 poterit
977 1939 1083 2005 ‹lonec
1101 1939 1280 2006 eeleuans
1297 1941 1436 2026 accipiat
1456 1939 1660 2010 Sacramen-

432 2063 511 2126 tum,
536 2055 569 2112 et
594 2050 766 2112 intonetur
790 2046 911 2133 hymus
936 2049 1060 2133 Pompe
1084 2049 1207 2133 linqua
1230 2055 1292 2113 etc.
1311 2049 1348 2112 ln
1365 2049 1457 2114 exitu
1481 2047 1522 2114 de
1547 2049 1658 2114 choro

435 2157 667 2222 observabitur
690 2153 863 2220 methodus
887 2175 957 2241 cap.
982 2156 1037 2220 lll.
1063 2155 1118 2220 lib.
1144 2157 1166 2220 1.
1191 2159 1222 2240 §-
1251 2157 1307 2230 14.Ι
1324 2155 1500 2242 descripta.

519 2265 573 2330 42.
599 2262 660 2330 Ubi
685 2263 865 2328 Celebrans
889 2263 1023 2330 indutus
1048 2265 1112 2330 erit
1135 2263 1284 2350 pluviali,
1308 2262 1464 2352 procedet
1491 2269 1576 2330 ante
1600 2263 1661 2330 Al·

432 2385 504 2440 tare
527 2392 600 2437 cum
625 2370 797 2447 Ministris,
829 2369 972 2436 fimbrias
1000 2371 1157 2457 pluvialis
1181 2373 1252 2437 eius
1276 2353 1527 2448 sustinentibus,
1562 2373 1659 2438 etin

434 2482 533 2567 plano
559 2485 637 2544 ante
662 2476 808 2543 infimum
832 2477 971 2563 gradum
995 2477 1222 2565 genuflectent
1246 2484 1387 2563 utroque
1409 2495 1498 2564 genu
1533 2477 1579 2544 ad
1605 2477 1665 2546 Se-

435 2595 653 2660 cramentum,
677 2584 795 2650 deinde
812 2592 1017 2671 consurgent
1041 2591 1075 2651 et
1092 2588 1124 2650 in
1141 2587 1247 2672 gradu
1267 2585 1376 2652 infimo
1400 2586 1661 2672 geniculabunt.

521 2695 574 2758 43.
599 2695 731 2758 Interea
753 2695 919 2780 processio
942 2692 1160 2768 ordinabitur,
1185 2701 1224 2759 ut
1245 2695 1343 2772 infra,
1361 2701 1393 2760 et
1427 2713 1512 2760 unus
1538 2713 1559 2760 e
1584 2695 1663 2762 cle-

436 2804 512 2868 ricis
537 2800 649 2868 velum
673 2801 847 2866 humerale
871 2800 1080 2868 Celebrantis
1104 2807 1137 2866 in
1161 2807 1313 2888 promptu
1338 2801 1481 2868 habebit.

522 2911 574 2975 44.
600 2911 779 2993 Postquam
811 2908 994 2976 celebrans
1025 2917 1058 2976 et
1093 2911 1255 2976 Ministris
1278 2909 1371 2976 brevi
1399 2916 1551 2998 tempore
1583 2917 1663 2986 ora·

435 3021 555 3094 verint,
580 3020 739 3082 innuente
764 3017 1040 3094 caeremoniario,
1066 3016 1246 3084 Celebrans
1277 3039 1351 3084 cum
1383 3019 1548 3085 Ministris
1581 3038 1664 3086 con·

435 3131 560 3210 surget,
585 3133 619 3190 et
642 3130 860 3191 convertetur
882 3126 1127 3210 aliquantulum
1151 3147 1251 3212 super
1268 3127 1444 3193 sinistram·
1459 3146 1566 3206 suam,
1589 3147 1661 3196 non

436 3233 595 3299 recedens
619 3233 659 3298 de
683 3232 788 3298 medio
821 3232 940 3298 ditari:
965 3234 1192 3301 Subdiaconus
1222 3233 1262 3300 ad
1294 3236 1363 3301 eius
1395 3234 1572 3302 dexteram
1596 3255 1662 3326 ap-

436 3335 636 3428 proximabit
659 3347 693 3407 et
716 3339 877 3406 fimbriam
900 3339 1059 3428 plurialls
1077 3344 1261 3409 sustinebit:
1286 3342 1446 3409 accedent
1469 3342 1509 3409 ad
1535 3343 1661 3412 altare

435 3450 500 3515 duo
516 3450 735 3525 thuriferarii,
759 3451 813 3534 qui
837 3455 963 3516 stantes
979 3450 1068 3516 alter
1084 3457 1157 3538 post
1176 3451 1321 3516 alterum
1345 3450 1501 3518 obiicient
1525 3453 1557 3518 ei
1581 3453 1664 3520 thu·

438 3558 582 3623 ribulum
606 3565 768 3645 apertum:
786 3557 950 3624 Diaconus
967 3560 1137 3624 incensum
1162 3560 1192 3624 ei
1216 3559 1415 3625 ministrabit
1431 3545 1502 3624 sine
1518 3561 1660 3628 osculis:

437 3664 619 3732 celebrans
643 3669 714 3732 sine
738 3665 965 3733 benedictione
989 3687 1051 3732 nec
1079 3659 1223 3732 'recitans
1252 3674 1443 3733 consuetam
1474 3667 1660 3736 formulam

438 3776 490 3842 Ab
513 3777 571 3844 illc
594 3776 814 3844 benedicarts
837 3782 900 3842 etc.
924 3775 1074 3841 demittet
1092 3777 1261 3841 incensum
1279 3777 1311 3840 in
1328 3774 1509 3852 thuribula
1536 3775 1661 3845 deinde

436 3885 561 3952 medius
586 3887 674 3952 inter
705 3886 875 3951 Ministros
901 3905 1064 3950 unacum
1088 3887 1165 3971 ipsis
1197 3886 1230 3949 in
1261 3884 1367 3970 gradu
1396 3883 1508 3951 infimo
1533 3905 1658 3954 rursus

437 3994 650 4082 geniculabit.
691 4079 695 4087 Ι
1512 4057 1514 4062 .

524 4103 576 4169 45.
602 4103 749 4187 Accipiet
782 4100 962 4167 Celebrans
994 4125 1013 4165 a
1044 4101 1189 4166 Diacono
1222 4103 1293 4168 sine
1323 4099 1447 4167 osculis
1479 4119 1582 4168 unum
1613 4125 1660 4170 ex
1705 4183 1708 4188 Ι

438 4212 619 4282 thuribulis
649 4230 687 4275 ac
719 4210 840 4296 triplici
865 4209 966 4275 ductu
992 4209 1048 4276 SS.
1075 4209 1324 4276 Sacramentum
1355 4207 1572 4278 thuriflcabit:
1599 4233 1660 4280 rc·

435 4327 553 4391 stituct
582 4318 790 4388 thuribulum
822 4319 976 4394 Diacono‚
1007 4319 1061 4383 hic
1092 4317 1319 4395 thuriferario,
1352 4319 1408 4402 qui
1443 4317 1543 4414 simul
1579 4319 1659 4388 cum

435 4432 543 4495 altero
566 4427 786 4496 thuriferario
816 4405 1013 4512 perstabunt
1043 4431 1133 4491 sture
1168 4426 1200 4488 in
1231 4427 1393 4492 lateribus
1423 4425 1552 4492 Altaris
1575 4423 1660 4496 ante

438 4538 570 4620 gradus,
595 4545 633 4604 ut
656 4535 762 4603 officio
785 4555 845 4601 suo
866 4535 903 4600 in
926 4535 1135 4621 processione
1159 4533 1353 4619 fungantur.

525 4643 577 4708 46.
602 4645 766 4710 Diaconus
789 4647 961 4732 postquam
984 4641 1193 4710 thuribulum
1218 4639 1397 4712 reddiderit
1424 4643 1662 4722 thuriferario,
