4175 5717
521 737 563 800 at
973 755 1039 804 cru.
1066 749 1114 806 nt.

389 948 393 956 Ι
517 867 570 929 itit.
596 863 770 949 Corupleta
792 864 892 928 liuius
915 864 1031 950 hymni
1055 867 1254 930 recitatione
1278 885 1342 950 quc
1366 859 1483 931 ordine
1510 853 1584 932 heic
1597 883 1654 930 no-

430 981 501 1038 tata
524 972 598 1049 luit,
622 971 766 1037 clericus
791 973 916 1057 primus
940 976 1157 1038 extremitate
1188 972 1348 1038 inferiore
1381 973 1500 1040 Crucis
1531 971 1655 1038 leviter

430 1080 576 1166 pulsabit
598 1085 729 1165 portam
752 1078 916 1145 ecclesiae
941 1098 1060 1145 versus
1084 1087 1213 1166 partem
1236 1081 1344 1156 imam;
1374 1085 1456 1146 tunc
1486 1077 1654 1146 secundus

430 1209 469 1252 ac
493 1189 614 1252 tertius
637 1186 783 1252 clericus
807 1193 936 1273 portam
967 1188 1120 1273 aperient
1143 1194 1177 1252 et
1208 1189 1393 1253 consistent
1423 1188 1457 1252 in
1488 1185 1654 1254 lateribus

430 1297 543 1381 ipsius,

517 1403 570 1468 69.
595 1403 728 1468 Primus
752 1402 896 1469 clericus
921 1402 1064 1470 Crucem
1088 1410 1224 1490 gestans
1250 1403 1388 1470 intrabit
1412 1404 1446 1468 in
1474 1401 1653 1468 ecclesiam

430 1530 570 1595 eumque
593 1516 753 1596 sequetur
778 1509 970 1584 Celebrana
995 1512 1052 1596 qui
1076 1513 1220 1577 recitare
1245 1511 1380 1598 incipiet
1404 1510 1654 1598 responsorium

430 1617 656 1702 lapi-odiente
678 1617 826 1686 Domino
849 1625 913 1685 etc.
939 1625 973 1685 et
995 1617 1081 1683 illud
1106 1625 1327 1705 prosequetur
1349 1637 1425 1686 cum
1449 1615 1599 1684 secundo
1614 1635 1653 1682 ac

429 1727 529 1791 tertio
553 1726 689 1802 clerico,
713 1727 768 1812 qui
791 1725 962 1802 accedent,
988 1732 1026 1791 ul.
1049 1732 1158 1802 antea,
1182 1725 1222 1790 ad
1246 1725 1357 1791 latera
1381 1725 1485 1790 illius.

539 1960 642 2043 Resp.
668 1959 880 2046 Ingrediente
904 1959 1042 2025 Domino
1066 1961 1098 2024 in
1116 1967 1265 2024 sanctam
1282 1959 1461 2024 civitatem:
1478 1956 1657 2023 Hebraed·

429 2107 502 2150 rum
526 2085 618 2171 priori
645 2086 925 2151 resurrectibnem
951 2087 1039 2150 vitae
1063 2086 1330 2171 pronuntiantes

539 2211 618 2276 Cum
644 2213 745 2275 ramis
770 2211 965 2296 palmarum:
992 2211 1150 2275 Hosduna
1174 2209 1364 2275 clamabant-
1387 2210 1419 2273 in
1451 2207 1610 2274 excelsis.

499 2335 502 2341 ’
538 2335 684 2419 Curiique
708 2335 890 2404 audissent.
915 2335 1001 2419 quod
1026 2337 1122 2400 ‚iesus
1140 2334 1272 2400 veniret.
1288 2335 1543 2421 lerosolymam:
1563 2333 1655 2400 exid-

430 2467 509 2524 rnnt
534 2459 661 2524 dbviam
687 2461 727 2534 ei;

542 2587 622 2652 Cum
649 2588 748 2652 ramis
772 2586 967 2672 palrndrum:
992 2587 1151 2652 Hosauna
1174 2587 1364 2652 clamabant
1387 2588 1420 2652 in
1444 2585 1603 2653 excelsis.

518 2822 571 2884 70.
596 2820 771 2884 Processio
794 2819 991 2884 absolvetur
1014 2840 1089 2885 cum
1114 2820 1339 2906 Responsorio
1370 2819 1543 2906 praedicto
1575 2825 1659 2886 aute

429 2928 556 2992 Altino.
583 2927 617 2992 Si
641 2926 769 3010 quade
794 2947 895 2991 causa
922 2929 1090 3013 processio
1123 2934 1222 2994 extra
1253 2928 1429 2993 ecclesiam
1462 2929 1559 2994 exire
1591 2947 1659 2994 ne-

430 3035 584 3118 quiverit,
609 3034 753 3118 hymnus
788 3033 909 3100 Gloria
943 3037 1021 3100 laus
1046 3042 1077 3102 et
1109 3035 1222 3102 bonor
1253 3043 1315 3100 etc.
1350 3035 1548 3100 recitabitur
1576 3041 1660 3100 aute

430 3141 629 3226 presbyterii
655 3139 835 3214 cancellos,
853 3147 888 3204 et
903 3142 936 3205 in
954 3143 1108 3227 ingressu
1133 3142 1334 3228 presbyterii
1352 3141 1499 3228 ejusdem
1517 3141 1660 3230 legetur

433 3250 679 3335 responsorium
705 3249 930 3332 loprcdientc
953 3249 1102 3316 Domino
1127 3255 1190 3314 etc.

521 3357 574 3420 71.
600 3355 752 3422 Clericus
776 3358 901 3442 primus
933 3355 1074 3422 Crucem
1108 3357 1234 3422 referet
1265 3377 1330 3441 quo
1353 3357 1429 3423 loco
1452 3367 1661 3445 praeparata

428 3471 511 3540 erat,
539 3463 665 3548 palmas
690 3464 829 3548 recipiet
851 3483 871 3527 a
897 3463 1097 3529 Celebrante
1129 3469 1163 3529 et
1193 3463 1333 3547 reliquis
1354 3463 1482 3530 duobus
1515 3459 1659 3532 clericis

431 3591 552 3655 easque
575 3572 608 3635 in
632 3571 735 3635 abaco
759 3579 908 3656 reponet.

520 3678 572 3742 72.
598 3678 780 3744 Celebrans
804 3678 941 3744 nudabit
966 3684 1066 3765 caput
1089 3697 1128 3744 ac
1153 3679 1339 3766 respective
1364 3700 1439 3745 cum
1455 3680 1608 3747 secundo
1625 3687 1661 3750 et

429 3787 531 3851 tertio
555 3785 678 3851 clerico
702 3785 828 3851 facient
852 3787 1038 3872 respective
1064 3787 1288 3852 reverentiam
1305 3787 1361 3852 vel
1379 3783 1657 3872 genuflexionem

432 3894 473 3959 ad
499 3894 640 3959 Crucem
657 3899 691 3958 et
708 3895 740 3957 in
758 3892 894 3978 planum
910 3893 1027 3958 lateris
1046 3893 1217 3979 Epistolae
1233 3893 1274 3958 ad
1291 3893 1429 3959 abacum
1445 3893 1657 3965 transibunt.

520 4001 572 4067 73.
598 4001 645 4067 lbi
669 4000 851 4067 Celebrans
875 3999 1024 4085 pluviale
1040 3999 1186 4066 dimittet
1201 4007 1235 4066 et
1251 3997 1485 4067 adiuvantibus
1505 4001 1658 4070 secundo

431 4129 470 4174 ac
494 4111 596 4175 tertio
620 4109 745 4173 clerico
770 4105 884 4172 induet
904 4107 963 4173 sibi
981 4108 1185 4194 manipulum
1211 4115 1245 4173 et
1269 4105 1437 4194 planetam
1454 4105 1656 4178 violaceam.

519 4219 571 4281 74.
597 4218 730 4281 Interea
753 4217 879 4302 primus
904 4216 1049 4281 clericus
1074 4216 1220 4283 Calicem
1244 4213 1362 4282 afferet
1376 4215 1418 4281 ad
1436 4213 1569 4294 Altare,
1592 4239 1657 4286 ex·

432 4325 568 4409 plicabit
592 4326 768 4411 corporale
792 4332 827 4391 et
850 4327 883 4390 in
907 4326 976 4411 ipso
1000 4326 1139 4390 calicem
1165 4331 1276 4411 ponet.

519 4434 572 4497 75.
600 4435 781 4500 Celebrans
805 4434 845 4499 ad
871 4433 989 4498 Altare
1017 4433 1177 4518 procedet
1207 4453 1247 4499 ac
1279 4432 1412 4499 Missam
1445 4431 1655 4501 exordietur.

432 4538 553 4606 Clerici
577 4540 719 4625 palmam
744 4541 885 4607 dextera
901 4540 1125 4614 sustinebunt,
1144 4538 1221 4603 dum
1236 4539 1371 4624 legetur
1389 4541 1514 4606 Passio.
1533 4538 1571 4606 ln
1589 4541 1656 4610 flue
1686 4567 1690 4576 ·

432 4649 552 4714 Missae
577 4649 758 4715 Celebrans
784 4650 935 4714 recitabit
962 4647 1182 4732 Evangelium
1208 4669 1233 4710 s.
1257 4647 1394 4716 loannis
1414 4649 1458 4718 Ic
1471 4647 1656 4736 prinapi'o

431 4763 507 4826 erat
539 4755 689 4826 Verbum
714 4765 776 4824 etc.
