4175 5717
528 751 594 818 300
981 767 1048 818 tro.
1074 761 1108 822 rl.

527 877 580 942 24.
606 879 689 943 Tum
720 879 885 945 Diaconos
917 879 1029 944 velum
1060 879 1234 944 humerale
1269 873 1479 946 celebrantis
1511 871 1663 948 humeris

442 986 595 1071 imponet.
773 981 777 988 ’

527 1093 580 1158 25.
605 1095 771 1160 Diaconos
794 1093 953 1161 ascendet
974 1094 1015 1158 ad
1040 1094 1169 1170 Altera,
1194 1115 1269 1160 cum
1301 1093 1419 1160 debitis
1448 1093 1664 1181 genuflexio-

439 1201 535 1266 nibus
558 1203 699 1287 accipiet
722 1201 779 1268 SS.
804 1201 1067 1279 Sacramentum,
1082 1183 1178 1285 'quod
1203 1200 1315 1268 tradet
1338 1201 1531 1269 celebranti
1555 1201 1664 1270 ethic

438 1328 617 1394 assurgens
641 1314 859 1375 convertetur
883 1310 924 1376 ad
948 1309 1117 1395 populum;
1143 1315 1297 1374 cantores
1321 1316 1435 1398 autem
1458 1329 1585 1376 canere
1607 1311 1663 1376 in-

439 1417 561 1501 cipiunt¹
585 1417 708 1502 Pange
732 1418 865 1502 lingua.

524 1523 577 1590 26.
602 1525 776 1590 Processio
806 1525 970 1610 dirigetur
1000 1525 1041 1590 ad
1073 1525 1256 1602 dexteram,
1289 1545 1348 1591 sau
1379 1544 1497 1591 versus
1528 1529 1664 1612 partem

439 1631 614 1716 Evangelii
638 1637 672 1696 et
695 1630 816 1697 redibit
839 1652 956 1698 versus
980 1639 1108 1718 partem
1134 1632 1314 1719 Epistolaa,
1339 1651 1378 1697 ac
1402 1633 1429 1698 si
1453 1629 1664 1698 deecclesia

437 1739 550 1816 exibit,
575 1741 674 1805 etiam
697 1747 796 1806 extra
819 1749 923 1828 ipsam
945 1741 1072 1806 tenebit
1095 1748 1225 1827 partem
1249 1740 1432 1819 dexteram,
1457 1747 1496 1806 ut
1523 1759 1640 1826 supra.

525 1847 578 1912 27.
603 1846 695 1914 Ordo
718 1855 829 1914 autem
853 1868 994 1933 sequens
1018 1849 1218 1916 servabitur:
1237 1849 1506 1917 confraternitas
1524 1847 1585 1916 SS.
1603 1847 1664 1916 Sa·

437 1957 598 2020 crementi
622 1977 696 2020 oum
720 1957 788 2022 suis
824 1956 1018 2042 insignibus,
1050 1963 1085 2022 et
1115 1957 1240 2022 fratres
1275 1956 1429 2024 incedent
1452 1957 1519 2023 bini
1552 1957 1664 2022 susti-

436 2068 554 2127 nentes
578 2061 734 2129 candelas
758 2083 926 2129 accensas:
951 2065 1113 2150 clavigeri
1138 2065 1310 2140 ecclesiae,
1336 2065 1453 2130 aierit
1477 2063 1665 2131 Gathedra·

437 2170 488 2234 lis:
514 2169 605 2236 Orus
630 2171 719 2236 Glari
743 2179 874 2256 gestata
897 2191 917 2236 a
940 2173 1065 2238 clerico
1089 2172 1206 2238 induto
1230 2173 1468 2259 superpellicio
1498 2172 1555 2257 qui
1584 2189 1662 2238 me-

436 2275 508 2342 dius
540 2276 599 2342 ibit
633 2279 720 2343 inter
750 2278 936 2364 Acolythos
968 2279 1169 2346 caudelabra
1199 2286 1380 2365 gestantes:
1413 2285 1571 2346 cantores
1602 2279 1664 2364 qui

435 2385 628 2450 alternatim
651 2405 727 2451 cum
750 2387 842 2452 clero
866 2386 1051 2452 cantabunt
1068 2387 1229 2473 hymnum
1245 2387 1369 2474 Pange
1385 2389 1517 2472 lingum
1535 2384 1662 2470 deinde¹

434 2493 502 2558 bini
525 2513 639 2559 omnes
663 2495 718 2578 qui
742 2493 782 2559 de
807 2495 1082 2572 Gle1·osunt,ac
1107 2496 1134 2560 si
1164 2495 1308 2561 eeclesia
1339 2495 1443 2561 fuerit
1473 2493 1663 2581 collegiata

433 2603 487 2668 vel
513 2602 727 2680 cathedralis,
751 2601 907 2668 incedent
930 2602 1046 2668 elerici
1070 2601 1255 2680 Seminarii,
1279 2610 1350 2670 tum
1367 2601 1578 2670 Beneficiarii
1595 2625 1662 2672 seu

434 2711 659 2787 llansionarii,
684 2716 851 2796 postremo
876 2708 1034 2775 Canonioi
1051 2717 1092 2776 'et
1117 2711 1311 2796 Dignitates.
1336 2709 1419 2776 Post
1441 2711 1580 2778 Clarum
1602 2715 1662 2782 in-

433 2818 554 2884 cedent
575 2817 641 2884 duo
664 2817 874 2884 thuriferarii
898 2838 973 2883 cum
996 2817 1189 2897 thuribulis,
1216 2817 1396 2884 celebrans
1424 2825 1562 2904 gestam
1596 2821 1660 2890 SS.

434 2925 684 2992 Sacramentum
707 2925 768 2992 sub
794 2925 988 2991 umbraculo
1013 2925 1138 2991 medius
1168 2927 1256 2991 iuter
1285 2926 1465 2992 Diaconum
1498 2935 1534 2994 at
1566 2927 1661 2998 Sub-

434 3034 616 3112 diaconum,
641 3036 696 3118 qui
720 3033 864 3099 fimbrias
888 3037 958 3100 eius
983 3035 1140 3121 pluvialis
1172 3036 1385 3102 sustinebunt
1416 3041 1449 3102 et
1482 3041 1661 3126 cumipse

432 3142 624 3208 alternatim
649 3141 838 3208 recitabunt
860 3141 1003 3228 hymnos
1027 3148 1061 3208 et
1080 3143 1234 3228 psalmos.
1253 3143 1374 3209 Hastae
1390 3144 1580 3212 umbraculi
1593 3165 1660 3234 ge-
1754 3203 1757 3208 ⁴

432 3250 568 3315 stabunt
590 3251 738 3314 seniores
762 3249 982 3326 confratrum,
1007 3256 1041 3315 et
1066 3251 1142 3336 ipsis
1166 3249 1370 3328 absentibus,
1394 3270 1414 3315 a
1444 3249 1660 3338 dignioribus

434 3357 534 3434 Cleri,
558 3367 658 3443 prout
680 3357 824 3443 disponit
847 3357 996 3425 (luerem.
1021 3358 1173 3444 Episcop.
1198 3357 1254 3422 lib.
1274 3359 1297 3422 Ι.
1315 3377 1385 3444 cap.
1403 3359 1496 3426 xlv.
1510 3379 1605 3426 num.
1624 3363 1658 3428 4.

519 3467 572 3531 28.
598 3467 824 3530 Processionis
847 3473 996 3550 tempore
1018 3465 1139 3531 festivo
1170 3485 1260 3531 more
1291 3467 1456 3533 sonabunt
1486 3467 1659 3540 ecclesiae

431 3591 619 3658 campanae,
644 3579 678 3638 at
700 3574 734 3636 iu
751 3573 962 3658 processione
979 3571 1155 3638 sonabitur
1170 3575 1270 3639 etiam
1286 3575 1430 3660 organis,
1450 3593 1656 3664 quamquam

432 3683 464 3745 in
489 3681 589 3746 Missa
612 3700 679 3745 non
702 3680 854 3746 licuisset
876 3701 936 3766 pro
960 3681 1045 3745 ritus
1074 3681 1247 3765 qualitate.

518 3789 572 3853 29.
597 3788 634 3852 ln
659 3787 769 3854 reditu
793 3789 1012 3874 processionis
1037 3786 1078 3853 ad
1104 3786 1233 3866 Allare,
1257 3789 1368 3856 locum
1393 3791 1534 3876 quisque
1551 3815 1653 3862 suum

430 3899 464 3963 in
488 3897 591 3964 choro
615 3895 798 3982 occupabit,
823 3896 879 3961 val
901 3897 928 3960 si
952 3896 1174 3982 processionis
1198 3893 1271 3962 finis
1294 3894 1391 3962 fleret
1414 3897 1501 3984 apud
1525 3899 1651 3970 Altare

429 4026 449 4069 a
472 4005 566 4070 chori
590 4004 701 4070 Alteri
723 4003 903 4080 diversum,
927 4002 1122 4092 disponetur
1153 4003 1272 4070 Olerus
1303 4005 1393 4070 circa
1424 4003 1650 4076 balaustrium

430 4113 484 4178 rel
509 4115 542 4178 in
566 4111 691 4178 ambitu
714 4112 831 4178 sacelli
854 4113 888 4177 in
913 4130 1014 4177 unum
1038 4119 1098 4178 aut
1120 4111 1235 4198 plures
1259 4111 1391 4180 ordines
1408 4113 1504 4181 iuxta
1526 4133 1649 4194 uume-

430 4240 502 4284 rum
527 4222 637 4306 ipsius.

516 4327 569 4399 30.
594 4328 631 4392 ln
654 4323 746 4392 aditu
770 4326 971 4413 presbyterii
995 4329 1221 4394 removebitur
1244 4327 1485 4408 umbraculum,
1514 4335 1549 4398 'et
1581 4333 1645 4400 Ge-

429 4430 564 4499 lebrans
588 4455 688 4519 quum
713 4435 843 4500 venerit
866 4440 944 4500 ante
968 4435 1097 4512 Altare,
1123 4435 1374 4503 Sacramentum
1397 4433 1508 4505 tradet
1524 4439 1646 4508 Diaco-

430 4557 482 4615 no,
507 4544 561 4624 qui
585 4541 670 4608 illud
693 4541 734 4608 ad
758 4541 877 4608 Altare
899 4541 1029 4610 deferet
1052 4563 1091 4609 ac
1114 4551 1215 4629 ponet
1238 4546 1272 4610 in
1296 4544 1402 4611 media
1425 4563 1539 4614 mensa
1566 4565 1643 4616 eum

429 4643 545 4711 debitis
568 4647 866 4732 genuflexionibus.
