4175 5717
520 685 563 748 39
720 693 723 698 ’
978 703 1044 751 nra.
1070 705 1090 750 1.

430 808 549 875 cedens
572 807 613 874 ad
636 781 813 886 Sacellum,
838 812 870 873 in
901 829 965 894 quo
989 809 1046 875 SS.
1071 809 1318 876 Sacramentum
1346 812 1413 875 erit
1438 813 1634 898 expositum.

433 916 468 979 ln
491 913 687 981 discedendo
709 915 748 979 ab
772 916 872 980 altari
895 914 951 981 det
975 917 1072 981 Gruci
1095 913 1283 1001 genuflexio
1306 917 1456 1001 simplex.

522 1023 592 1086 187.
616 1023 653 1086 In
677 1022 800 1087 sacello
824 1022 1003 1109 praedicto,
1024 1024 1113 1088 sacta
1136 1022 1177 1087 ad
1199 1025 1382 1108 ingressum
1400 1023 1522 1110 duplici
1537 1044 1639 1110 genu·
1690 1105 1692 1109 .

373 1159 376 1168 ·
431 1126 581 1204 flexione,
608 1131 830 1213 unusquisque
860 1130 1026 1196 submissis
1056 1130 1195 1215 genibus
1223 1130 1366 1195 manebit
1396 1130 1470 1195 loco
1500 1131 1560 1196 sibi
1591 1138 1640 1196 at·

432 1238 567 1301 tributo.

524 1344 594 1408 188.
621 1344 798 1428 Postquam
829 1344 1009 1411 Celebrans
1040 1346 1096 1411 SS.
1128 1346 1376 1410 Sacramentum
1407 1347 1638 1421 incensaverit,

433 1457 612 1535 consurget
636 1451 754 1516 Glerus
770 1456 803 1515 et
819 1452 1109 1537 processionaliter
1127 1451 1246 1516 redibit
1262 1450 1302 1514 ad
1318 1452 1436 1516 Altare
1453 1452 1640 1525 maximum,

390 1607 400 1628 ,
433 1557 540 1641 ibique
565 1577 630 1620 non
654 1553 854 1641 genuflectet.
877 1557 917 1622 ad
941 1557 1082 1623 Crucem
1106 1558 1242 1633 ditaris,
1266 1556 1323 1622 sed
1348 1563 1439 1622 recta
1459 1558 1518 1622 ibit
1532 1556 1572 1622 ad
1589 1551 1639 1621 re-

432 1667 579 1750 spectiva
603 1665 703 1729 stalle
720 1664 774 1729 ubi
791 1664 960 1730 submittet
975 1684 1094 1750 genua,
1111 1665 1166 1729 vel
1183 1666 1291 1749 potius
1307 1666 1340 1728 in
1356 1684 1476 1751 gyrum
1493 1663 1640 1750 dispone·

433 1779 489 1837 tur
512 1774 602 1837 circa
622 1772 739 1837 Altare
755 1773 941 1849 maximum,
957 1774 985 1837 si
1001 1774 1166 1857 capacitas
1183 1772 1387 1858 Presbyterii
1403 1772 1467 1837 hoc
1482 1773 1637 1857 patiatur.

524 1879 595 1946 189.
621 1880 727 1955 Quum
748 1879 927 1945 celebrans
950 1881 1228 1945 consummaverit
1245 1898 1372 1944 sacram
1389 1879 1524 1944 Hostiae
1541 1879 1640 1964 parti·

312 2075 319 2083 .
399 1969 403 1975 ’
434 1988 544 2054 culam
563 1989 596 2051 in
621 1988 732 2053 Calice
755 1989 938 2062 immissam,
965 1988 1084 2052 Clerus
1107 1992 1289 2071 consurget
1311 1991 1346 2051 et
1368 1985 1504 2050 sedebit.

524 2095 595 2160 190.
620 2094 671 2160 Ad
694 2095 875 2160 orationem
908 2095 1006 2166 Quod
1028 2114 1090 2161 ore
1112 2100 1174 2159 etc.
1199 2100 1233 2157 et
1259 2091 1471 2158 discendente
1494 2113 1512 2156 e
1535 2093 1639 2157 choro

434 2223 507 2267 cum
531 2202 688 2267 ministris
714 2202 920 2277 Celebrante,
945 2202 1055 2266 stabit.
1264 2207 1266 2210 ’

523 2309 594 2375 191.
619 2308 668 2373 Ad
692 2309 859 2394 Vesperas
882 2309 1111 2377 observabitur
1133 2308 1164 2374 id
1189 2309 1293 2395 ipsum
1322 2309 1407 2394 quod
1437 2308 1476 2373 de
1507 2327 1640 2393 praece·

433 2417 532 2482 dente
556 2416 607 2482 die
631 2418 867 2502 praescriptum
887 2417 959 2484 fuit.

786 2633 817 2714 5.
845 2631 894 2696 16.
920 2632 963 2697 Ia
986 2630 1133 2699 Subbuto
1156 2639 1286 2699 sancto.

525 2845 595 2911 192.
620 2844 671 2909 Ad
695 2845 802 2910 Horas
825 2846 967 2911 minores
991 2845 1103 2911 eadem
1128 2846 1245 2932 regula
1268 2866 1351 2930 quae
1369 2846 1492 2912 duobos
1507 2864 1641 2931 praece·

432 2953 584 3019 dentibus
607 2951 730 3017 diebus.

522 3060 593 3125 193.
617 3058 668 3124 Ad
683 3058 941 3126 benedictionem
958 3062 1042 3145 ignis
1060 3066 1094 3125 et
1110 3061 1217 3126 thuris
1231 3061 1451 3146 forisportam
1469 3060 1639 3125 Ecclesiae

432 3167 542 3231 stabit.

523 3274 593 3339 194.
618 3272 822 3340 Geneflectet
845 3281 897 3340 ter
921 3294 994 3339 cum
1019 3275 1162 3340 Diacono
1185 3275 1261 3339 dum
1284 3276 1352 3360 ipse
1375 3280 1472 3339 canet
1502 3274 1640 3340 humen

436 3383 573 3450 Christi.
1256 3388 1260 3398 '

520 3489 582 3553 195
605 3489 711 3564 Quum
737 3492 767 3554 in
794 3490 937 3556 Ghorum
962 3496 1096 3555 ventum
1121 3492 1195 3565 erit,
1220 3491 1321 3555 stabit
1343 3490 1419 3554 dum
1447 3490 1638 3556 cantabitur

433 3596 659 3673 Praeconium,
683 3617 747 3681 quo
773 3596 865 3662 linito
889 3598 1023 3663 sedebit.

520 3702 591 3766 196.
616 3702 666 3767 Ad
691 3704 879 3789 prophetias
904 3710 937 3769 et
960 3706 1117 3770 Tractum
1141 3713 1215 3790 post
1237 3705 1365 3790 aliquas
1388 3707 1542 3789 ipsarum,
1562 3724 1638 3769 con-

430 3808 556 3884 sidebit;
580 3810 680 3875 stabit
702 3810 742 3874 ad
766 3812 932 3876 orationes
956 3832 1040 3897 quae
1063 3818 1234 3888 canentur,
1259 3818 1293 3878 et
1315 3810 1515 3897 genuflectet
1537 3832 1636 3896 quum

432 3915 594 3981 Diaconos
616 3917 762 3982 cantabit
785 3923 818 3993 1,
843 3918 1040 3986 Flectumus
1060 3938 1188 4005 penca.

520 4022 592 4088 197.
617 4023 832 4089 Ordinabitur
854 4024 970 4089 deinde
994 4028 1161 4111 processio
1183 4025 1223 4090 ad
1247 4025 1371 4091 fontem
1399 4024 1635 4111 baptismalem,

431 4149 471 4193 ac
494 4132 521 4193 si
545 4130 704 4196 subsellia
727 4131 770 4196 ibi
792 4137 893 4197 erunt
915 4138 1031 4218 parata
1061 4132 1170 4210 Claro,
1195 4132 1320 4198 sedebit
1345 4139 1420 4219 post
1441 4132 1638 4198 benedictio-

433 4256 515 4310 nem,
540 4258 639 4321 quum
663 4239 808 4323 aspersio
832 4258 935 4323 aquae
959 4240 1150 4306 benedictae
1169 4261 1228 4326 per
1244 4240 1425 4305 Ecclesiam
1443 4238 1507 4316 fiet,
1525 4260 1637 4323 quum·

432 4364 494 4427 que
519 4345 698 4410 Celebrans
722 4364 836 4410 manus
860 4346 995 4411 lavabit.
1697 4357 1699 4361 ’

523 4452 593 4517 198.
618 4452 668 4518 Ad
692 4453 838 4518 bit-anias
861 4453 1033 4519 submittet
1055 4474 1173 4539 genua.

523 4557 593 4622 199.
618 4561 655 4623 ln
679 4561 780 4626 Misso
802 4560 1033 4627 observabitur
1057 4562 1194 4648 idipsum
1218 4562 1302 4646 quod
1326 4562 1366 4628 de
1390 4564 1497 4628 blissis
1521 4561 1638 4627 solem·
