4175 5717
513 771 577 835 274
979 789 1044 835 nra.
1070 787 1104 834 n.

514 896 567 960 87.
592 895 626 961 Si
650 917 732 982 opus
755 895 869 971 luerit,
894 895 1132 961 thuriferarius
1157 915 1242 961 unus
1267 896 1436 980 ignomin
1475 893 1653 960 thuribulo

430 1004 612 1069 renovabit.
1099 1059 1103 1070 .

523 1111 576 1174 88.
601 1111 779 1195 Postquam
810 1109 991 1176 Celebrana
1020 1109 1264 1176 thurificaverit
1295 1108 1352 1176 SS.
1389 1109 1656 1188 Sacramentum,

430 1224 571 1301 uterque
594 1218 843 1295 thuriferarius,
867 1218 958 1284 facta
991 1222 1070 1282 ante
1102 1217 1222 1283 Altare
1253 1217 1376 1304 duplici
1408 1215 1657 1302 genuflexione,

434 1324 592 1390 redibunt
615 1327 647 1388 in
672 1326 854 1390 sacrarium
877 1324 919 1391 ad
943 1325 1116 1390 thuribula
1138 1324 1340 1411 deponenda,
1373 1325 1491 1409 quibus
1523 1325 1558 1390 in
1595 1325 1660 1390 bac

429 1433 600 1498 functione
623 1452 704 1518 opus
728 1433 869 1519 amplius
894 1452 960 1497 non
984 1440 1044 1498 est.
1616 1427 1622 1440 ’

524 1542 578 1606 89.
603 1541 783 1624 Postquam
808 1540 988 1606 Celebrans
1012 1539 1070 1606 SS.
1088 1539 1339 1606 Sacramentum
1354 1537 1606 1606 thurificaverit
1626 1545 1663 1606 et

431 1650 618 1749 erptionem
642 1648 812 1722 cecinerit,
844 1666 966 1713 rursus
1000 1648 1189 1731 imponetur
1223 1647 1252 1712 ei
1284 1647 1396 1712 velum
1429 1645 1612 1714 humerale
1642 1667 1663 1712 a

431 1757 586 1831 Diacono,
610 1753 770 1820 ascendet
793 1775 867 1820 cum
892 1754 1054 1820 Ministris
1079 1755 1112 1818 in
1136 1753 1380 1840 suppedaneum
1404 1753 1535 1820 Altaria
1560 1759 1598 1820 et
1621 1753 1663 1821 ad

432 1864 683 1929 Sacramentum
706 1859 919 1947 genuflectet.

523 1971 576 2034 90.
602 1969 830 2035 Subdiaconus
854 1968 1060 2054 geniculabit
1083 1970 1115 2033 in
1147 1969 1362 2034 extremitate
1395 1966 1604 2054 suppedanei
1631 1973 1668 2035 et

437 2080 601 2144 Diaconus
625 2098 698 2143 curn
724 2076 923 2143 celebrante
953 2083 1108 2162 assurget
1140 2077 1234 2160 eique
1268 2074 1379 2141 tradet
1414 2075 1666 2152 Ostensorium,

432 2185 519 2269 quod
546 2185 696 2250 manibus
722 2186 884 2250 contectis
907 2189 1059 2249 extremo
1084 2183 1160 2250 velo
1191 2183 1357 2250 humerali
1393 2182 1580 2250 celebrans
1613 2203 1669 2250 ao-

432 2295 540 2378 cipiet.
564 2293 729 2357 Diaconus
752 2311 871 2357 rursus
893 2290 1106 2376 geniculabit
1128 2292 1162 2356 in
1186 2290 1406 2377 suppedaneo,
1423 2295 1461 2356 ut
1482 2290 1669 2358 Subdiaco-

436 2421 509 2464 oua.
536 2399 720 2466 Celebrans
743 2403 962 2465 convertetur
984 2398 1026 2463 ad
1050 2398 1207 2484 populum
1242 2403 1276 2463 et
1303 2397 1571 2464 benedictionem
1607 2395 1668 2464 SS.

436 2508 647 2573 Sacramenti
676 2506 851 2591 largietur.
883 2506 1026 2572 Ministri
1059 2503 1203 2571 fimbrias
1234 2505 1340 2570 elatas
1371 2504 1528 2592 pluvialis
1567 2505 1671 2572 susti·

437 2616 571 2681 nebunt.

523 2722 576 2788 91.
610 2723 694 2788 Post
716 2720 976 2788 benedictionem
999 2721 1164 2786 Diaconos
1179 2728 1347 2807 assurget,
1365 2719 1600 2788 Ostansorium
1617 2739 1673 2786 re·

434 2833 533 2917 cipiet
557 2850 576 2894 e
603 2830 755 2896 manibus
779 2829 988 2896 celebrantis
1012 2834 1048 2895 et
1071 2848 1171 2914 super
1194 2829 1313 2894 Altare
1330 2835 1477 2914 reponat.
1495 2827 1673 2912 Assurget

435 2941 535 3006 etiam
560 2938 787 3004 subdiaconus
811 2957 912 3021 seque
936 2936 1035 3002 addet
1060 2936 1251 3002 celebranti
1276 2938 1308 3001 in
1333 2935 1554 3022 suppedaneo.
1573 2935 1674 3002 (lele-

445 3048 544 3111 brans
569 3066 643 3111 cum
668 3045 829 3110 Ministris
852 3044 987 3110 iterabit
1010 3041 1277 3129 genuflexionem
1312 3044 1493 3129 simplicem
1527 3041 1573 3108 ad
1608 3041 1659 3110 SS

440 3155 695 3219 Sacramentum
719 3159 753 3217 et
786 3152 825 3217 de
848 3151 959 3216 Alteri
988 3150 1198 3217 descendent.
1235 3151 1372 3217 (lavabit
1406 3149 1591 3216 Celebrans
1627 3169 1673 3217 ne

440 3271 575 3347 tergum
601 3267 713 3326 vertat
736 3261 961 3336 sacramento,
986 3259 1064 3324 dum
1087 3259 1127 3325 de
1152 3260 1262 3326 Alteri
1286 3258 1474 3338 descendet,
1498 3259 1559 3326 sed
1594 3279 1681 3326 ver-

436 3394 492 3435 sua
516 3376 642 3456 partem
666 3369 840 3453 Evangelii
864 3368 1071 3451 aliquantum
1096 3367 1238 3433 recedet.

532 3478 586 3543 92.
611 3478 699 3542 Ante
735 3477 854 3542 Altare
888 3495 988 3560 quum
1019 3475 1264 3576 descenderint,
1296 3475 1605 3563 congeniculabunt
1637 3477 1674 3542 in

439 3583 550 3650 infimo
582 3583 697 3668 gradu.
723 3582 949 3649 Subdiaconus
971 3583 1084 3648 velum
1100 3582 1275 3648 humerale
1291 3583 1445 3670 expediet
1459 3589 1495 3648 et
1509 3582 1676 3650 detrahet

440 3691 648 3758 Celebranti.
673 3691 848 3766 DiaconuS,
872 3689 1107 3776 adgeniculato
1132 3689 1341 3766 Celebrante,
1366 3689 1487 3757 redibit
1521 3691 1556 3756 in
1588 3713 1675 3780 sup-

439 3799 629 3885 pedaneum
654 3797 695 3864 ad
719 3797 838 3862 Altare
862 3805 896 3862 et
919 3818 939 3862 a
961 3799 1070 3863 latere
1092 3795 1296 3884 genuflectet
1330 3795 1372 3863 ad
1402 3797 1675 3874 Sacramentum

439 3908 502 3972 hoc
525 3912 683 3990 tempore
708 3905 994 3971 caeremoniarius
1018 3904 1074 3970 vel
1098 3905 1245 3971 Sacrista
1268 3901 1385 3971 afferet
1400 3905 1442 3970 ad
1457 3903 1580 3972 Altare
1597 3927 1677 3994 cap·

439 4016 546 4081 sulam
571 4033 646 4078 cum
680 4011 849 4078 clavicula
882 4013 1102 4090 tabernaculi,
1127 4019 1186 4078 aut
1219 4012 1339 4079 velum
1370 4012 1483 4080 album
1515 4017 1674 4100 superius

440 4125 653 4188 nominatum.

528 4229 582 4294 93.
611 4229 776 4292 Diaconus
800 4248 865 4292 non
891 4229 1056 4293 inclinans
1080 4229 1311 4296 Ostensoriurn
1328 4248 1428 4315 super
1443 4228 1575 4306 Altare,
1593 4249 1675 4318 ape-

439 4339 503 4401 riet
528 4335 748 4421 crystallum,
774 4336 932 4400 extrahet
956 4335 1108 4401 lunulam
1133 4357 1207 4402 cum
1243 4359 1268 4402 a.
1298 4338 1415 4406 Hostia
1448 4357 1588 4422 eamque
1622 4359 1675 4406 re·

440 4449 547 4528 ponet
571 4445 604 4508 in
628 4444 773 4528 capsula,
799 4462 895 4527 quarn
920 4444 1055 4509 claudet
1078 4446 1246 4531 operculo.
1271 4444 1395 4510 Deinde
1419 4445 1548 4531 aperiet
1582 4445 1673 4512 cibo·

440 4550 524 4612 riurn
548 4570 606 4614 seu
631 4551 885 4616 tabernaculum
909 4557 943 4616 et
966 4553 1056 4616 intra
1080 4557 1218 4636 reponet
1246 4552 1499 4618 Sacramentum
1522 4571 1563 4618 ac
1578 4551 1673 4618 facta

439 4652 673 4738 genuflexione
699 4678 718 4724 a
743 4658 861 4736 latere,
886 4658 1021 4723 claudet
1043 4660 1247 4743 porticulum
1287 4659 1506 4736 tabernaculi,
1531 4659 1672 4750 plicabit
