4175 5717
520 731 565 796 32
976 747 1042 795 nis.
1067 749 1103 795 11.

429 878 532 944 super
556 855 672 922 eodem
695 859 796 924 erunt
819 875 879 920 sex
902 854 1105 921 candelabra
1127 875 1202 921 cum
1227 854 1344 931 Cruce,
1369 855 1459 920 etin
1489 853 1651 922 candela-

430 967 499 1030 bris
522 965 612 1029 cerei
635 967 859 1048 congruentes
889 981 932 1027 ex
954 981 1033 1028 cera
1055 961 1133 1026 alba
1166 963 1321 1029 insistent
1344 961 1402 1048 (α).
1434 961 1650 1030 candelabris

430 1071 599 1157 interponi
623 1075 782 1156 poterunt
806 1070 1004 1136 Sanctorum
1029 1071 1198 1155 imagines,
1223 1070 1278 1134 vel
1301 1070 1420 1135 thecae
1436 1069 1556 1153 quibus
1572 1067 1654 1136 San·

431 1187 564 1244 ctorum
588 1177 749 1262 reliquiae
774 1178 997 1252 continentur,
1023 1177 1078 1242 uel
1096 1178 1194 1242 etiam
1211 1195 1291 1242 vasa
1307 1196 1381 1242 cum
1398 1173 1535 1243 floribus
1555 1177 1651 1242 iuxta

431 1288 593 1352 rationem
617 1283 724 1350 officii.
750 1284 903 1350 llderunt
926 1305 1056 1369 quoque
1086 1283 1232 1349 tabellae
1263 1289 1479 1361 secretarum,
1511 1285 1582 1350 sive
1612 1289 1651 1350 ut

433 1395 534 1480 uulgo
566 1393 789 1479 appellantur,
826 1393 1093 1478 carthaegloriae
1120 1393 1154 1456 in
1184 1389 1290 1457 medio
1321 1390 1362 1456 ad
1393 1390 1491 1476 pedes
1522 1390 1649 1469 Crucis,

432 1523 492 1589 pro
516 1502 666 1567 oratione
692 1500 732 1567 ad
757 1501 896 1568 Lavabo
920 1502 954 1564 in
977 1519 1082 1565 cornu
1108 1499 1288 1585 Epistolaa
1317 1505 1351 1564 et
1374 1518 1434 1584 pro
1466 1497 1651 1584 Evangelio

433 1632 459 1673 s.
484 1610 619 1674 loannis
644 1608 813 1674 recitando
837 1610 871 1672 in
895 1608 1003 1673 latere
1021 1606 1206 1692 Evangelii.
1224 1606 1415 1672 Laudabilis
1436 1603 1652 1690 quarumdam

437 1718 668 1784 Ecclesiarum
691 1723 742 1782 est
766 1737 846 1781 usus
868 1715 956 1780 hanc
979 1714 1131 1781 ultimam
1155 1713 1315 1780 tabellam
1345 1713 1386 1778 ab
1416 1714 1527 1780 Altari
1557 1731 1652 1782 ama

435 1825 543 1898 uendi,
567 1844 667 1908 quum
690 1821 781 1888 aliud
805 1822 1025 1907 Evangelium
1051 1829 1103 1888 est
1124 1821 1343 1898 recitandum,
1374 1820 1533 1905 siquidem
1564 1825 1654 1888 esset

434 1934 493 1999 abs
516 1953 563 2010 re;
588 1951 627 1997 ac
650 1934 678 1997 si
702 1931 790 1996 forte
806 1931 931 1997 oblitus
947 1936 1045 2008 esset,
1063 1935 1175 2015 posset
1191 1931 1224 1995 in
1240 1931 1430 1996 memoriam
1444 1928 1653 1996 celebrantis

435 2059 605 2116 revocare,
630 2039 717 2124 quod
734 2039 796 2104 illa
811 2038 863 2103 die
876 2037 968 2103 eliud
984 2037 1225 2124 praescribitur
1241 2038 1472 2123 Evangelium.
1491 2037 1529 2102 ln
1544 2036 1653 2106 latare

437 2148 606 2233 Epistulae
636 2146 831 2232 disponetur
861 2146 1014 2212 cussinos
1047 2165 1122 2210 cum
1147 2145 1283 2222 Missali‚
1320 2146 1532 2212 convenienti
1561 2149 1655 2230 tegu-

437 2261 548 2322 mento
571 2257 748 2332 instructo,
773 2273 812 2319 ac
836 2260 907 2319 tum
931 2255 1085 2319 cussinos
1112 2260 1182 2319 tum
1212 2259 1441 2339 tegumentum
1472 2255 1654 2339 oporteret

439 2370 476 2429 ut
498 2362 643 2429 eiusdem
667 2363 768 2449 panni
790 2362 889 2427 serici
913 2367 1025 2427 esseut
1048 2381 1088 2426 ac
1112 2360 1242 2445 reliqua
1273 2365 1474 2447 paramenta„
1507 2378 1593 2444 quae
1622 2359 1657 2426 in

440 2473 541 2538 Missa
563 2471 704 2537 solemni
727 2468 937 2535 adhibentur.
1539 2459 1543 2469 '
1692 2455 1694 2466 '

525 2580 557 2645 6.
584 2579 710 2645 Altaris
734 2577 859 2664 gradus
884 2581 1083 2642 sternentur
1106 2582 1218 2662 tapeto
1242 2577 1318 2661 plus
1341 2576 1491 2642 minusve
1522 2581 1656 2663 specta-

439 2690 507 2767 bili,
532 2695 632 2776 prout
654 2687 849 2753 solemnit-as
872 2687 958 2752 ritus
981 2687 1042 2752 sibi
1066 2686 1257 2774 postulabit.

527 2800 557 2864 7.
582 2797 620 2862 ln
644 2815 749 2862 cornu
774 2795 944 2881 Epistolae
968 2800 1138 2861 statuetur
1154 2813 1325 2860 scamnum
1341 2813 1415 2890 oum
1432 2794 1561 2862 modico
1579 2793 1659 2862 dor-

440 2906 525 2973 suali
550 2925 609 2971 seu
633 2904 827 2990 postergali,
855 2923 920 2987 quo
953 2902 1136 2969 celebrans
1171 2923 1247 2968 cum
1269 2903 1432 2969 Ministris
1462 2902 1657 2970 considebit·

440 3033 609 3078 scamnum
636 3014 822 3077 instruetur
844 3011 963 3076 aulaeo
993 3010 1102 3087 laneo,
1128 3009 1214 3094 quod
1237 3010 1415 3076 conveniat
1445 3010 1659 3078 solemnitati:

441 3126 573 3208 oportet
595 3125 633 3185 ut
658 3139 827 3184 scamnum
851 3121 895 3185 sit
916 3119 1066 3203 aequale,
1091 3119 1161 3184 sine
1185 3118 1315 3196 fulcris,
1340 3120 1411 3184 sine
1426 3119 1658 3203 prominentia,

440 3235 498 3293 aaut
522 3228 744 3314 discrepantia
768 3228 840 3292 ulla
864 3247 924 3314 pro
949 3226 1157 3302 Celebrante;
1175 3227 1302 3303 nullus,
1320 3247 1361 3291 no
1383 3225 1576 3292 celebranti
1593 3229 1661 3313 qui·

441 3336 525 3411 deni,
551 3342 759 3423 supponatur
781 3337 949 3423 pulvinus.
973 3336 1103 3402 Licebit
1129 3343 1240 3402 tamen
1265 3336 1313 3400 uti
1337 3335 1457 3418 exiguo
1488 3333 1661 3421 suppedali

443 3444 568 3528 ligneo,
593 3443 680 3528 quod
704 3445 826 3530 exiguo
851 3446 949 3509 etiam
974 3450 1173 3530 contegetur
1196 3429 1309 3530 tapeto
1330 3440 1443 3507 viridis
1460 3441 1594 3508 coloris.
1611 3443 1662 3508 ln·

447 3552 623 3618 terdicitur
647 3573 727 3617 usus
757 3552 883 3618 sedium
917 3551 1132 3618 camemlium
1156 3558 1191 3617 et
1213 3550 1403 3617 Celebranti
1428 3555 1462 3616 et
1485 3550 1657 3628 Ministris,

445 3663 591 3744 itemque
614 3660 707 3726 sedes
731 3664 769 3725 ut
790 3661 886 3726 aiunt
916 3660 1092 3725 cameralis
1115 3679 1175 3746 pro
1211 3658 1410 3725 celebrante
1432 3677 1472 3724 ac
1494 3657 1561 3724 duo
1585 3677 1660 3726 sca-

443 3767 535 3833 bella
559 3787 618 3853 pro
641 3768 814 3833 Ministris.

532 3876 562 3940 8.
587 3876 739 3960 Aequum
761 3881 851 3942 esset
873 3883 910 3941 ut
932 3876 974 3940 ad
997 3876 1117 3941 Altare
1140 3875 1225 3941 idem
1248 3894 1315 3941 non
1338 3873 1493 3940 deessent
1508 3873 1661 3942 candela·

445 3985 504 4050 bra
527 3986 653 4049 maiora
675 4004 749 4050 cum
772 3986 878 4050 cereis
901 3986 1011 4050 locata
1033 4004 1101 4050 non
1123 3983 1165 4049 ad
1181 3985 1290 4050 latera
1306 3983 1443 4060 Altaris,
1461 3981 1555 4050 seda
1571 3983 1661 4050 late-

444 4094 536 4160 ribus
560 4094 759 4180 presbyterii
783 4079 815 4158 in
838 4093 928 4159 aditu
952 4094 1048 4159 iuxta
1070 4095 1213 4179 parietes
1236 4093 1361 4179 templi.

515 4308 557 4376 (a)
577 4307 743 4372 Monemus,
762 4306 838 4380 quod
858 4306 998 4364 cairdelae
1018 4314 1135 4379 oportet
1153 4314 1185 4363 ut
1203 4307 1260 4363 sint
1279 4324 1316 4363 ex
1329 4306 1396 4362 alba
1414 4305 1566 4378 nonpicta
1578 4322 1660 4364 cera

444 4399 583 4453 Summus
603 4396 737 4454 Pontifex
757 4405 868 4452 tantum
888 4395 916 4450 in
938 4396 1036 4452 Missis
1056 4395 1270 4469 pontificalibus
1288 4396 1379 4454 utitur
1397 4395 1528 4478 candelis
1547 4395 1662 4454 colora·

448 4487 483 4544 tis
503 4505 556 4544 seu
576 4488 668 4561 pictis.

518 4577 603 4643 Quod
622 4578 658 4633 ad
677 4576 867 4633 candelarum
888 4592 1043 4632 numerum
1064 4584 1178 4649 spectat
1196 4577 1298 4634 dicbus
1326 4574 1476 4632 ferialibus
1495 4575 1524 4630 in
1550 4573 1661 4634 Gathe-

449 4667 587 4723 dralibus
606 4675 636 4723 et
655 4663 825 4737 collegiatis
843 4663 1046 4732 adhibendum¹
1067 4665 1237 4739 inspiciatur
1254 4664 1478 4724 caeremoniale
1498 4657 1668 4740 Episcopo·¹

452 4774 516 4812 rum
536 4756 582 4813 lib.
605 4761 626 4812 l.
646 4775 670 4812 c.
693 4760 732 4812 1⁴2.
751 4772 828 4812 num.
846 4757 889 4811 24.
