4175 5717
517 721 583 789 226
973 741 1040 790 arn.
1065 742 1101 792 11.

517 846 550 912 6.
574 845 671 934 Apud
693 847 831 914 abacum
853 845 999 914 aderunt
1019 855 1090 914 trae
1111 851 1235 917 cussini
1260 851 1402 918 violacei
1424 851 1656 920 adhibendi-in

430 954 655 1043 prostratione
679 958 715 1020 et
737 953 922 1021 scabellum
946 955 1095 1042 ligneum
1118 977 1192 1024 curn
1217 958 1344 1026 Missali
1367 979 1428 1046 pro
1457 959 1657 1028 cantoribus

431 1063 650 1132 Litaniarum.
1413 1095 1415 1106 ·

517 1170 548 1240 7.
572 1169 716 1238 Planeia
737 1168 894 1238 'violacea
916 1189 993 1238 cum
1015 1173 1187 1260 manipulo
1210 1173 1320 1251 simili,
1346 1174 1467 1260 quibus
1493 1173 1664 1242 induetur·

431 1278 623 1356 celebrans,
636 1279 764 1365 poterit
780 1278 908 1366 disponi
923 1298 1025 1366 super
1039 1279 1144 1348 abaco
1160 1280 1215 1348 vel
1231 1301 1332 1368 super
1347 1301 1483 1350 scamno
1505 1279 1658 1350 eiusdem

433 1387 653 1455 Celebrantis.
1115 1461 1120 1474 Ι

449 1557 463 1562 ,.
517 1494 548 1560 8.
573 1492 670 1580 Apud
694 1494 814 1562 Altare
845 1495 951 1562 maius
973 1499 1008 1562 et
1032 1496 1164 1580 reliqua
1190 1498 1289 1565 etiam
1303 1497 1446 1589 ¹Altaria
1469 1500 1659 1586 praepara·

430 1601 557 1668 buntur
579 1601 748 1688 lampades
771 1602 819 1668 ita
841 1607 975 1688 aptatae
999 1607 1037 1668 ut
1061 1602 1161 1670 facile
1184 1603 1322 1674 accendi
1344 1606 1504 1692 possint·
1633 1639 1635 1644 ·

516 1710 547 1776 9.
572 1711 609 1774 ln
631 1710 718 1776 atrio
752 1709 916 1778 ecclesiae
940 1715 1039 1776 extra
1062 1717 1193 1798 portam
1217 1713 1376 1780 maiorem
1398 1718 1460 1779 aut
1492 1713 1530 1780 in
1561 1711 1673 1782 aditn-

430 1821 511 1907 ips0‚
537 1819 564 1884 si
588 1817 732 1883 ecclesia
755 1819 904 1884 caruerit
918 1819 1060 1903 porticu,
1082 1819 1335 1906 praeparabitur
1356 1820 1479 1887 abacue
1496 1819 1586 1888 tulba
1607 1825 1662 1888 to·

431 1926 528 1993 balea
551 1931 738 2010 coopertus
755 1925 789 1990 in
806 1944 871 2008 qua
893 1930 1037 2010 ponetur
1053 1924 1231 1992 dalmatica
1245 1927 1314 1994 albi
1330 1927 1454 1994 coloris
1473 1947 1553 1994 curn
1567 1927 1663 1996 scola

432 2040 467 2099 et
489 2033 659 2119 manipulo
682 2032 782 2098 simili
804 2052 865 2118 pro
889 2032 1045 2110 Diacono;
1071 2031 1259 2119 manipulus
1283 2034 1539 2122 violaceua'pro
1554 2033 1662 2102 --Sub-

432 2141 581 2216 diacono;
605 2140 741 2206 Missale
757 2160 832 2205 cum
848 2145 1042 2225 tegumento
1067 2140 1216 2208 violaceo
1232 2162 1293 2228 pro
1310 2141 1540 2216 benedictione
1558 2143 1662 2230 igniet

431 2250 639 2334 aliquantum
662 2248 797 2335 gossipii
819 2249 925 2316 cerati
960 2247 1016 2314 vel
1044 2248 1144 2314 etiam
1169 2249 1302 2314 laterna
1324 2269 1399 2317 oum
1419 2249 1548 2326 subtili
1570 2269 1663 2318 can·

430 2357 507 2424 dela
529 2363 564 2423 et
587 2356 652 2424 duo
675 2357 731 2422 vel
754 2357 822 2421 tria
844 2355 1044 2441 sulphurata
1066 2355 1108 2422 ad
1131 2356 1378 2424 accendendum
1402 2358 1527 2424 lumen.
1554 2359 1676 2426 quta-

434 2464 584 2531 eumdem
607 2464 746 2531 abacum
769 2463 1024 2550 praeparabitur
1045 2463 1175 2530 arundo
1198 2483 1273 2530 cum
1296 2465 1442 2532 tricereo
1464 2465 1498 2532 in
1522 2467 1673 2534 sumini-

433 2579 502 2639 tate
526 2579 562 2639 et
584 2572 707 2660 poterit
730 2569 867 2638 floribus
891 2572 1061 2636 exornari:
1077 2571 1207 2636 arundo
1223 2571 1335 2638 locata
1354 2573 1420 2640 erit
1442 2573 1476 2638 in
1499 2571 1572 2640 basi
1598 2571 1665 2662 (a).

522 2682 572 2745 10.
597 2681 705 2746 Extra
728 2685 858 2765 portam
887 2678 996 2745 aderit
1025 2678 1121 2746 iocus
1144 2679 1275 2758 decens,
1299 2681 1334 2746 in
1369 2699 1434 2766 quo
1461 2683 1665 2768 praeparati

432 2793 534 2854 erunt
557 2788 719 2854 carbones
741 2785 954 2862 accendendi,
979 2786 1123 2872 forcipes
1146 2785 1188 2852 ad
1211 2786 1407 2853 sumendum
1431 2788 1544 2873 ignem
1557 2793 1598 2854 et
1612 2789 1664 2856 in-

430 2901 619 2964 strumenta
632 2895 674 2962 ad
690 2894 887 2976 eliciendam
902 2914 922 2961 e
936 2893 1033 2960 silice
1056 2894 1219 2970 favillam,
1237 2915 1302 2979 qua
1326 2895 1412 2980 ignis
1434 2893 1668 2964 accendaturr·
1693 2905 1695 2910 '

522 3004 572 3068 ll.
597 3003 631 3070 Si
663 3003 817 3070 Ecclesia
840 3002 943 3069 fuerit
966 3001 1164 3088 paroecialis
1195 3007 1230 3068 et
1259 3001 1415 3070 babuerit
1441 3001 1570 3070 iontem
1605 3003 1664 3072 ba·

433 3112 629 3199 ptismalem,
642 3111 805 3178 educetur
828 3131 872 3176 ex
895 3111 965 3197 ipso
988 3129 1075 3195 aqua
1098 3109 1304 3195 baptismalis
1328 3116 1403 3176 octo
1426 3111 1665 3184 ante'QPaecba

431 3222 557 3298 diebus,
582 3225 756 3286 reservata
777 3220 891 3305 aliqua
913 3220 985 3285 eius
1008 3223 1104 3305 parte
1135 3219 1169 3284 in
1197 3219 1356 3293 sacrario,
1379 3222 1419 3284 ut
1449 3219 1483 3284 in
1507 3221 1678 3296 necessi.

432 3329 556 3394 tatibus
578 3328 729 3395 adhiberi
752 3329 865 3415 possit,
883 3326 1044 3412 siquidem
1068 3332 1143 3394 octo
1165 3325 1280 3394 diebus
1296 3326 1426 3393 Pascha
1448 3327 1665 3414 praeceden-

432 3437 520 3503 tibus
536 3437 733 3523 baptismum
747 3436 880 3523 publice
894 3434 1129 3502 administrare
1145 3454 1211 3510 non
1227 3433 1319 3500 licet.
1344 3432 1557 3522 Quapropter
1581 3435 1663 3510 fons

434 3544 632 3631 purgabitur
655 3548 689 3611 et
717 3549 855 3630 apertus
878 3542 1100 3628 relinquetur,
1125 3547 1163 3608 ut
1184 3545 1389 3609 evanescant
1412 3540 1489 3608 inde
1513 3541 1604 3608 udor
1628 3549 1672 3616 et.

433 3654 673 3739 graveolentia.
698 3651 893 3738 Implebitur
915 3656 1028 3716 autem
1058 3650 1122 3722 boc
1145 3669 1253 3726 mane,
1276 3650 1333 3717 vel
1356 3648 1571 3736 praecedenti
1599 3671 1664 3720 ve·
1708 3677 1710 3682 ·

435 3782 541 3848 spere,
565 3781 651 3845 aqua
680 3758 816 3844 limpida
845 3779 949 3844 eaque
979 3759 1084 3844 copia,
1109 3763 1146 3824 ut
1169 3779 1270 3844 quum
1298 3755 1506 3823 sanctificata
1541 3757 1665 3840 fuerit,

435 3890 503 3936 una
526 3889 602 3955 pars
624 3887 685 3955 pro
707 3866 870 3952 baptismo
893 3867 1023 3932 servari
1046 3866 1159 3952 possit,
1183 3865 1294 3932 altera
1316 3864 1514 3964 infundatur
1529 3866 1564 3936 in
1583 3885 1666 3934 con·

436 3979 516 4044 chas
543 3997 602 4042 seu
634 3994 714 4041 vasa
744 3979 822 4040 ante
852 3979 965 4062 portas
989 3957 1162 4050 ecclesiae,
1191 3974 1293 4042 tertia
1322 3993 1382 4060 pro
1414 3993 1476 4038 usu
1507 3969 1663 4070 fidelium

436 4088 667 4153 conservetur.
690 4082 851 4148 Exterior
873 4082 977 4148 tontis
1000 4101 1076 4169 pars
1092 4081 1312 4150 exornabitur
1328 4077 1466 4148 floribus
1490 4080 1665 4174 virescen-

509 4265 552 4334 (c)
571 4260 694 4348 Arundo
713 4266 830 4334 oportet
848 4267 879 4318 ut
898 4259 936 4316 sit
954 4277 1078 4326 cannca,
1097 4277 1153 4317 nec
1173 4258 1291 4334 probari
1311 4265 1409 4332 potest
1427 4275 1498 4316 usus
1516 4274 1672 4336 quarum.

437 4355 505 4410 darn
524 4350 726 4418 ecclesiarum,
746 4367 822 4424 quac
841 4357 963 4408 utuntur
981 4349 1067 4408 hasta
1086 4349 1184 4422 lignea
1197 4348 1276 4423 picta
1294 4348 1332 4406 ad
1345 4348 1439 4405 instar
1448 4363 1572 4404 cannae.
1587 4347 1661 4406 Tri·

438 4459 544 4499 cereus
563 4459 617 4499 seu
636 4440 778 4498 candelae
797 4439 932 4498 arundini
958 4439 1120 4512 impositae,
1139 4439 1249 4496 debent
1266 4438 1295 4495 in
1315 4437 1503 4496 extremitate
1523 4434 1659 4494 vicissim

439 4531 612 4599 adhaerere,
626 4549 681 4590 nec
693 4531 764 4593 iicet
776 4530 916 4590 adhibere
930 4530 987 4588 tria
999 4528 1180 4603 cornucopia
1192 4547 1259 4588 curn
1273 4528 1404 4589 candelis
1418 4525 1514 4610 posita
1526 4525 1554 4598 in
1568 4526 1658 4602 apice

439 4619 598 4678 arundinis.
