4175 5717
516 719 582 792 214
982 739 1048 790 tra.
1073 735 1108 790 ir.

523 851 577 916 56.
602 851 784 917 Canturum
807 850 931 914 chorus
955 850 1091 935 incipiet
1115 869 1236 914 canere
1261 847 1471 936 improperia,
1496 851 1533 914 et
1557 863 1656 914 unam

434 978 550 1024 eorum
574 965 702 1044 partem
726 959 781 1024 vel
806 959 916 1023 omnia
931 964 1069 1024 cantare
1085 959 1209 1043 poterit
1224 964 1324 1044 prout
1342 957 1491 1042 requiret
1512 955 1655 1024 Crucem

435 1065 644 1133 adorantium
670 1087 838 1133 numerus.

521 1174 575 1240 57.
601 1175 794 1249 Calabram,
819 1176 998 1240 comitante
1022 1173 1301 1251 caeremoniario,
1319 1175 1432 1240 reniet
1455 1193 1576 1240 versus
1591 1191 1658 1240 me·

437 1283 527 1349 dium
551 1283 796 1370 presbyterium
813 1289 848 1347 et
863 1301 924 1346 sex
940 1282 1012 1346 fere
1029 1302 1146 1368 passus
1163 1282 1281 1368 procul
1297 1301 1317 1346 a
1334 1282 1441 1348 Cruce
1458 1281 1656 1358 subsistens,

436 1393 468 1455 in
492 1410 602 1474 genua
625 1389 820 1475 procumbet
842 1395 877 1454 et
899 1389 993 1454 brevi
1019 1387 1159 1456 Crucem
1183 1389 1344 1456 adorabit:
1369 1393 1536 1474 assurget,
1564 1407 1658 1454 acce·

434 1498 492 1564 det
514 1498 629 1584 paullo
654 1497 728 1584 plus
753 1497 794 1563 ad
819 1497 970 1573 Crucem,
994 1495 1200 1582 geniculabit
1215 1503 1249 1563 et
1263 1496 1490 1562 adorationem
1514 1499 1657 1584 peraget

433 1605 547 1672 eodem
571 1605 677 1672 modo:
702 1615 870 1690 postremo
893 1610 1050 1690 assurget
1073 1611 1108 1670 et
1130 1611 1209 1670 ante
1226 1604 1367 1671 Crucem
1383 1623 1586 1692 progressus
1602 1621 1658 1690 ge·

433 1713 596 1778 niculabit
618 1719 652 1778 et
675 1718 847 1798 postquam
871 1711 1062 1777 adoraverit
1086 1732 1167 1790 eam,
1193 1717 1231 1778 ut
1253 1733 1364 1798 supra,
1388 1717 1584 1798 prosternet
1608 1731 1656 1796 qe,

435 1821 533 1907 pedes
557 1820 765 1887 osculabitur
789 1818 958 1896 crucifixi,
989 1826 1153 1906 assurget,
1177 1818 1446 1906 genuflexionem
1470 1819 1658 1908 simplicem

435 1929 536 1994 faciet
559 1937 593 1994 et
617 1937 710 1995 recta
732 1928 773 1994 ad
797 1947 967 1994 scamnum
991 1927 1121 2006 redibit,
1147 1929 1200 1995 ubi
1224 1927 1360 2004 sedebit,
1386 1928 1519 1994 calceos
1536 1947 1659 1994 rursus

435 2035 496 2100 sibi
520 2036 655 2103 inducet
678 2036 948 2122 manipulumque
972 2041 1006 2101 et
1029 2036 1197 2122 planetam
1222 2042 1379 2102 resumet.
1577 2121 1582 2130 Ι

519 2143 572 2208 58.
599 2145 720 2210 Postea
744 2142 864 2209 Clarus
889 2142 1029 2210 Crucem
1053 2144 1226 2210 adoratum
1251 2143 1409 2231 procedet
1431 2144 1494 2210 hoc
1524 2141 1656 2210 ordine:

432 2250 590 2317 videlicet.
612 2249 802 2324 Praesules
827 2251 855 2314 si
878 2248 1031 2327 aderunt,
1056 2251 1201 2318 Ministri
1224 2253 1320 2328 sacri,
1346 2251 1517 2328 Canonici,
1543 2249 1659 2318 Bene-

433 2356 549 2424 ficiarii
573 2379 630 2424 seu
656 2357 882 2433 Mansionarii,
909 2356 1041 2435 Clerici,
1067 2367 1139 2445 post
1163 2379 1292 2426 omnem
1317 2358 1452 2425 Clarum
1476 2357 1661 2444 Magistra·

429 2472 496 2539 tus,
521 2471 687 2551 postremo
712 2466 789 2532 laici
814 2475 1008 2554 sequentur.
1033 2467 1068 2533 Si
1092 2467 1235 2532 Ministri
1253 2486 1319 2532 non
1337 2467 1465 2532 luerint
1481 2465 1658 2546 Canonici

430 2573 616 2640 immediate
640 2581 715 2660 post
739 2574 924 2642 Canonicos
948 2577 1044 2642 ibunt
1068 2581 1202 2641 etanta
1226 2573 1473 2641 Benedciarios.

519 2681 572 2746 59.
597 2681 634 2746 ln
659 2681 854 2750 adoratione
877 2683 1048 2772 praedicta
1072 2682 1226 2748 incedent
1241 2683 1310 2748 bini
1327 2689 1361 2748 et
1377 2684 1405 2749 si
1420 2701 1484 2766 quo
1502 2683 1538 2748 in
1555 2687 1660 2750 coetu

430 2787 656 2874 disparasset
680 2808 850 2868 numerus,
875 2793 963 2856 terni
990 2790 1146 2857 incedent
1169 2792 1224 2875 qui
1252 2791 1406 2856 ultimum
1434 2809 1496 2877 par
1525 2791 1660 2858 consti-

430 2901 540 2961 tuunt:
559 2894 726 2980 digniores
742 2918 801 2963 seu
819 2900 967 2964 seniores
984 2897 1166 2984 procedent
1182 2899 1287 2984 primi.
1305 2897 1495 2974 Curabitur‚
1515 2903 1554 2964 ut
1569 2897 1659 2966 haec

431 3004 518 3069 actio
550 3011 732 3089 peragatur
762 3005 938 3071 ordinatim
972 3005 1111 3090 ideoque
1142 3004 1182 3070 ad
1219 3005 1446 3072 confusionem
1481 3005 1659 3074 vitandam

429 3109 589 3177 destinari
612 3118 771 3199 poterunt
794 3133 854 3179 sex
878 3114 1004 3190 clerici,
1029 3115 1085 3199 qui
1108 3113 1219 3180 adsint
1242 3115 1275 3178 in
1299 3113 1382 3179 locis
1408 3112 1659 3194 adorationum,

432 3217 588 3283 videlicet
612 3219 679 3284 bini
703 3221 736 3285 in
754 3220 894 3306 singulis
911 3221 1003 3298 locis,
1020 3223 1075 3306 qui
1092 3227 1175 3286 nutu
1193 3219 1380 3306 significent
1399 3241 1500 3306 quum
1522 3227 1660 3310 tempus

431 3327 475 3391 sit
498 3325 696 3412 assurgendi
719 3334 754 3392 et
776 3327 1010 3414 progrediendi
1035 3328 1187 3395 ulterius:
1212 3329 1295 3395 haec
1311 3328 1431 3414 regula
1449 3327 1659 3408 servabitur,

431 3431 518 3518 quod
541 3454 642 3517 quum
666 3436 762 3520 primi
786 3436 938 3502 osculata
961 3434 1070 3501 Cruce
1092 3441 1281 3522 assurgent,
1294 3442 1375 3502 tunc
1392 3441 1576 3522 assurgant
1598 3437 1660 3504 alii

431 3543 486 3626 qui
511 3544 543 3608 in
568 3543 715 3609 secunda
736 3543 930 3610 adoratione
954 3549 1063 3620 erunt;
1089 3546 1145 3628 qui
1168 3564 1249 3610 vero
1269 3552 1370 3610 erunt
1385 3545 1418 3608 in
1439 3545 1546 3630 prima
1562 3551 1659 3613 tran·

431 3650 551 3724 sibunt,
576 3649 618 3713 ad
642 3649 821 3716 secundam
845 3671 885 3716 ac
907 3651 973 3717 duo
989 3652 1023 3716 in
1039 3652 1178 3738 primam
1197 3651 1392 3717 introibunt.
1414 3651 1660 3722 Calceamenta

428 3777 448 3821 a
472 3757 634 3821 Ministris
650 3762 684 3822 et
700 3757 875 3824 Canonicis
891 3758 1111 3846 deponentur,
1134 3760 1161 3824 si
1181 3780 1261 3825 usus
1278 3760 1340 3825 ista
1358 3765 1518 3846 receptus
1536 3759 1657 3828 fuerit.

521 3864 573 3928 60.
598 3863 742 3928 Ministri
766 3864 807 3930 ad
830 3885 999 3932 scamnum
1023 3867 1162 3944 reversi,
1187 3867 1247 3932 sibi
1276 3887 1392 3932 rursus
1423 3866 1659 3937 calceamenta

431 3967 599 4046 inducent,
623 3968 741 4036 deinde
763 3973 961 4057 manipulos
979 3973 1208 4040 Subdiaconus
1223 3979 1335 4040 autem
1357 3993 1475 4040 rursus
1491 3973 1658 4044 induetur

432 4079 531 4142 etiam
555 4077 689 4162 planeta
713 4078 845 4164 plicata,
870 4081 897 4144 si
916 4087 1030 4146 utetur
1046 4102 1096 4159 ea,
1113 4082 1301 4168 Acolythus
1318 4081 1497 4147 sustinebit
1514 4081 1656 4150 Missalc

306 4187 312 4196 “
431 4191 582 4269 apertum
598 4190 676 4248 ante
693 4183 936 4260 Celebrantem
954 4208 997 4252 ex
1013 4209 1078 4272 quo
1095 4189 1149 4253 hic
1166 4190 1264 4255 simul
1282 4209 1356 4256 cum
1372 4189 1539 4255 Ministris
1560 4189 1656 4278 leget

430 4293 628 4377 improperia
652 4291 710 4376 (a).
736 4291 916 4358 Celebrans
933 4300 967 4359 et
983 4296 1129 4361 Ministri
1153 4298 1290 4364 stabunt
1313 4299 1420 4385 capite
1445 4297 1554 4364 bireto
1577 4318 1654 4365 coo·

430 4405 537 4482 peric.

500 4544 543 4612 (α)
563 4543 594 4600 Si
616 4537 742 4602 Ministri
761 4545 860 4617 legent
877 4543 1058 4620 improperia
1077 4543 1162 4604 simul
1182 4567 1248 4608 curn
1262 4549 1449 4618 celebranto,
1464 4549 1567 4608 divisio
1582 4567 1649 4608 ver-

430 4629 589 4687 siculorum
609 4634 716 4706 poterit
735 4635 848 4692 serrari
869 4635 924 4702 illa,
944 4653 1020 4709 quae
1040 4638 1214 4707 proponitur
1233 4659 1251 4696 a
1275 4643 1452 4702 Meowriub'
1479 4643 1589 4700 rittaum
1618 4647 1652 4698 et

430 4718 548 4792 legetur
566 4721 612 4778 lib.
632 4726 656 4780 3.
678 4741 742 4796 cap.
760 4729 785 4782 5.
805 4743 883 4783 num.
903 4728 947 4782 65.
1035 4727 1039 4732 '
