4175 5717
519 747 584 814 262
979 767 1044 815 nm.
1069 765 1090 816 1.

429 881 529 949 tores,
554 876 647 938 utin
678 874 869 959 Evangelio,
901 891 1042 959 pergens
1073 893 1171 939 manu
1202 873 1343 959 palmam
1375 869 1549 939 sustinere.
1587 865 1644 938 Ad

431 980 533 1045 verba
555 978 680 1048 Emisit
701 981 866 1063 spiritum
899 999 1008 1065 genua
1039 977 1153 1045 flectet
1186 981 1220 1044 in
1254 977 1472 1065 suppedaneo,
1500 979 1576 1044 loco
1606 983 1644 1044 et

431 1093 520 1153 statu
544 1087 667 1153 eodem.
692 1088 799 1163 Quum
823 1095 976 1154 cantores
999 1086 1158 1153 desierint
1181 1106 1302 1153 canere
1333 1087 1466 1165 Passio,
1498 1085 1643 1172 palmam

431 1195 575 1259 Diacono
597 1196 762 1270 restituet,
786 1195 944 1280 procedet
972 1193 1013 1260 ad
1048 1193 1189 1259 medium
1220 1193 1349 1271 Altera,
1384 1192 1471 1260 dicet
1500 1193 1644 1262 Munda
1724 1185 1736 1206 ⁸

432 1319 494 1368 cor
514 1321 631 1368 meum
654 1307 717 1367 etc.
740 1301 830 1368 Jube
852 1301 999 1369 Domine
1020 1307 1084 1367 ete.
1109 1300 1282 1368 Dominus
1297 1301 1341 1367 sit
1357 1305 1419 1365 etc.
1436 1305 1471 1365 et
1486 1301 1520 1366 in
1535 1315 1644 1364 cornu

431 1407 606 1492 Evangelii
628 1427 694 1473 non
718 1428 754 1473 se
777 1409 912 1494 signans
935 1409 1026 1493 leget
1050 1407 1199 1473 ultimam
1223 1414 1350 1494 partem
1374 1407 1508 1474 Passio:
1531 1407 1647 1472 incon-

431 1535 503 1580 sum
527 1514 602 1579 dein
625 1516 658 1580 in
680 1514 890 1581 thuribulum
912 1514 1075 1593 infundet,
1110 1513 1371 1580 benedictionem
1404 1513 1548 1578 Diacono
1578 1513 1646 1579 im·-
1691 1543 1693 1547 ·

431 1623 604 1709 pertietur,
629 1641 747 1688 rursus
769 1641 806 1687 se
828 1627 1003 1687 convertet
1025 1624 1060 1686 in
1084 1628 1185 1688 cantu
1209 1621 1347 1686 ultimae
1372 1619 1483 1705 partis,
1500 1620 1646 1706 palmam

431 1748 528 1813 quam
552 1729 613 1813 ipsi
636 1726 725 1794 dabit
747 1727 1041 1805 Gaeremoniarius,
1066 1727 1207 1794 dextera
1236 1729 1413 1792 sustinens.
1446 1726 1553 1792 cantu
1582 1725 1647 1792 ab·

431 1836 551 1910 soluto,
575 1833 716 1918 palmam
739 1837 903 1912 restituet,
927 1835 1050 1900 librum
1073 1833 1290 1910 osculabitur,
1314 1853 1409 1917 quem
1433 1835 1463 1898 ei
1493 1834 1645 1919 porriget

433 1940 658 2007 Subdiaconus
680 1948 714 2007 et
736 1961 756 2006 a
779 1943 923 2008 Diacono
946 1939 1202 2007 thurificabitur.

710 2161 741 2241 g.
769 2156 818 2222 15.
843 2157 887 2224 In
911 2156 1099 2225 Matutinis
1123 2155 1357 2223 tenebrarunt.

519 2373 594 2438 260.
620 2371 799 2437 celebrans
823 2369 980 2435 induetur
1004 2369 1257 2456 superpelliceo,
1281 2369 1336 2434 vel
1360 2369 1428 2435 alio
1453 2367 1648 2435 indumento

434 2478 562 2543 chorali
585 2475 750 2555 distincto,
775 2479 802 2542 si
827 2479 875 2544 uti
898 2477 1021 2544 licebit.
1569 2468 1571 2471 ’

519 2585 594 2650 261.
619 2584 656 2649 ln
679 2603 816 2650 accessu
831 2583 873 2649 ad
889 2584 1008 2650 Altera
1024 2583 1161 2649 Glerum
1176 2582 1363 2670 praecedet,
1381 2602 1551 2667 quumque
1566 2587 1647 2648 ante

433 2691 551 2755 Altare
574 2692 712 2766 venerit,
736 2693 959 2758 reverentiam
983 2689 1084 2756 faciet
1107 2690 1205 2756 Cruci
1236 2691 1283 2775 (in
1318 2691 1503 2755 Parasceve
1534 2696 1647 2755 antem

433 2794 710 2882 genuflexionem)
734 2805 769 2863 et
792 2796 890 2863 vadet
912 2797 953 2862 ad
976 2797 1118 2882 primum
1141 2797 1235 2861 chori
1259 2796 1464 2862 subsellium.

520 2903 595 2968 262.
621 2903 729 2978 Quum
753 2904 870 2971 Glerus
894 2906 1073 2969 universus
1096 2905 1309 2989 occupaverit
1331 2903 1442 2969 locum
1465 2922 1570 2979 suum,
1589 2902 1649 2969 06-

435 3008 578 3085 lebrans,
603 3009 772 3076 submissis
795 3011 932 3095 genibus
963 3011 1119 3076 recitabit
1149 3012 1331 3076 orationem
1361 3010 1474 3093 Aperi
1501 3009 1649 3078 Domine

434 3122 497 3179 etc.
522 3116 604 3179 Tum
628 3124 781 3202 assurget
803 3125 837 3183 et
860 3123 965 3183 totum
999 3124 1130 3182 secreto
1160 3116 1248 3183 dicet
1278 3111 1387 3184 Pater
1416 3124 1545 3194 noster,
1575 3117 1650 3183 Ave

437 3221 556 3287 Μανία
579 3229 613 3287 et
639 3217 760 3290 Credo.

522 3329 596 3393 263.
626 3330 788 3396 lnnueute
823 3331 1098 3406 caeremoniarm,
1131 3339 1287 3397 cantores
1317 3333 1476 3416 incipient
1508 3332 1649 3416 primam

434 3437 644 3520 antiphonam
668 3456 798 3513 canere,
822 3442 856 3502 et
879 3437 1061 3504 Celebraus
1085 3456 1160 3503 cum
1185 3435 1285 3503 Olero
1309 3437 1435 3503 sedebit
1456 3435 1498 3502 ad
1521 3437 1652 3503 intona·

435 3543 558 3607 tionem
582 3545 678 3628 primi
701 3545 819 3629 psalmi
841 3549 876 3609 et
898 3543 1004 3610 bireto
1027 3552 1128 3630 caput
1151 3546 1287 3630 operiet.

520 3649 596 3714 264.
620 3651 700 3716 Post
723 3671 856 3716 versum
879 3653 975 3735 primi
998 3652 1163 3727 nocturni,
1189 3652 1296 3736 capite
1319 3650 1461 3727 detecto,
1483 3656 1650 3736 assurget,

435 3756 587 3821 recitabit
610 3764 739 3822 secreto
763 3758 872 3825 Pater
894 3765 1023 3836 noster,
1048 3764 1118 3824 tum
1142 3778 1260 3825 rursus
1284 3757 1409 3824 sedebit
1431 3764 1467 3823 et
1490 3758 1590 3846 capiti
1606 3757 1654 3824 bi·

437 3869 546 3928 retum
570 3864 725 3948 imponet.
1390 3943 1394 3950 ,

521 3969 596 4038 265.
621 3968 764 4056 idipsum
786 3971 934 4037 servabit
964 3973 998 4038 in
1032 3972 1170 4056 reliquis
1206 3974 1387 4050 nocturnis
1424 3977 1458 4039 et
1488 3973 1653 4060 principio

436 4076 584 4141 Laudum
607 4095 669 4141 nec
692 4076 825 4162 deteget
846 4085 956 4163 caput,
981 4097 1088 4163 neque
1111 4090 1275 4162 assurget.

522 4185 596 4249 266.
622 4183 673 4249 Ad
696 4186 934 4251 intonationem
958 4187 1079 4251 cantici
1103 4186 1312 4253 Benedictus
1335 4185 1472 4252 nudabit
1494 4193 1595 4275 caput
1618 4195 1656 4255 et

438 4297 601 4376 assurget.

523 4399 598 4463 267.
624 4399 705 4464 Post
727 4406 897 4465 cantatum
921 4401 1133 4467 Benedictus
1157 4400 1284 4466 sedebit
1306 4421 1434 4479 rursus,
1459 4401 1565 4468 donec
1595 4421 1656 4469 re·

339 4523 346 4534 ·
439 4503 542 4586 petita
564 4507 628 4570 erit
650 4507 830 4593 antiphona
852 4512 996 4572 canmta.

424 4626 431 4641 ·
527 4610 602 4675 268.
628 4609 751 4679 lleinde
773 4613 978 4699 geniculabit
999 4618 1034 4679 et
1056 4610 1151 4681 flexis
1174 4615 1314 4700 genibus
1337 4615 1483 4681 manebit
1511 4614 1552 4680 ad
1583 4623 1654 4683 ant.
