4175 5717
515 732 580 802 286
969 756 1035 802 mn.
1061 759 1095 804 11.
1214 819 1216 826 Ι

519 867 572 932 55.
597 865 819 931 Thuribulum
842 863 1023 931 aciacono
1039 867 1180 952 accipiet
1195 885 1235 931 ac
1251 863 1377 952 triplici
1392 863 1497 930 ductu
1513 863 1573 932 SS.
1591 863 1649 932 Sa-

430 979 637 1040 cramentum
660 972 874 1039 thurificabit.
898 974 1062 1039 Diaconus
1088 981 1257 1059 receptum
1281 971 1520 1040 acelebrante
1540 973 1650 1040 thuri·

428 1083 544 1148 bulum
569 1083 725 1147 restituet
752 1082 979 1147 thuriferario.
1011 1080 1245 1147 Remanebunt
1274 1080 1338 1146 duo
1370 1081 1584 1147 thuriferarii
1614 1083 1647 1146 in

430 1190 592 1255 lateribus
616 1189 755 1265 Altaris,
780 1193 818 1253 ut
840 1209 876 1254 se
899 1187 1017 1254 deinde
1040 1189 1209 1254 collocent
1233 1189 1266 1252 in
1290 1187 1440 1254 ordinem
1462 1189 1649 1274 processio-

431 1299 491 1362 nis.
524 1297 689 1360 Diaconus
725 1295 932 1361 Celebrantis
965 1297 1113 1361 humeris
1148 1298 1293 1382 imponet
1326 1295 1440 1361 velum
1470 1295 1650 1362 humerale

429 1405 551 1481 altrum,
576 1403 662 1487 quod
686 1404 736 1467 illi
762 1402 989 1469 Subdiaconus
1013 1410 1091 1468 ante
1121 1409 1237 1489 pectus
1268 1403 1429 1488 alligabit.
1463 1403 1651 1470 celebrans

430 1532 546 1576 manus
562 1531 639 1576 suas
656 1510 923 1576 extremitatibus
940 1510 1164 1576 anterioribus
1181 1510 1248 1576 veli
1265 1509 1448 1577 humeralis
1465 1513 1650 1598 cooperiet

487 1605 491 1610 ⁸
518 1619 571 1684 56.
596 1618 762 1683 Diaconus
785 1617 943 1682 ascendet
966 1616 1008 1683 ad
1031 1616 1160 1694 Altare,
1186 1615 1452 1703 genuflexionem
1478 1619 1514 1684 in
1529 1639 1654 1706 suppe-

431 1727 536 1792 daneo
561 1745 626 1790 unc
649 1730 779 1790 tantum
802 1744 890 1810 genu
914 1722 1035 1790 efficiet
1058 1725 1209 1810 paullum
1232 1744 1351 1791 versus
1367 1730 1495 1811 purtem
1513 1725 1654 1814 Episto-

431 1835 494 1908 lae‚
512 1853 554 1898 ne
571 1839 701 1916 tergum
718 1837 830 1898 vertat
846 1831 1049 1908 celebranti,
1066 1838 1229 1917 assurget,
1248 1832 1480 1899 Ostensorium
1496 1835 1652 1921 accipiet,

431 1942 604 2007 ‹lesteram
628 1961 753 2027 ponens
778 1939 883 2005 ferme
906 1939 995 2004 infra
1012 1940 1179 2046 radiorum
1196 1941 1359 2026 spheram,
1377 1941 1548 2008 sinistram
1562 1941 1654 2008 infru

432 2050 555 2136 pedem,
580 2055 799 2114 convertetur
821 2055 855 2114 et
879 2047 1110 2114 Ostensorium
1135 2047 1246 2116 tradet
1261 2048 1452 2116 celebranti
1468 2045 1654 2134 genuflexo

431 2157 620 2232 advertens,
644 2162 683 2222 ut
705 2162 831 2242 partem
855 2157 1057 2221 anteriorem
1081 2156 1173 2222 illius
1197 2157 1237 2221 ad
1262 2177 1297 2222 se
1320 2162 1508 2223 convertat.

520 2265 573 2330 57.
599 2264 780 2330 Celebrans
804 2263 1055 2330 inclinationem
1078 2263 1190 2340 faciet,
1214 2264 1363 2330 manibus
1387 2264 1465 2330 velo
1484 2267 1654 2334 contectis

431 2373 572 2458 accipiet
596 2371 838 2446 Ostensorium,
863 2370 1037 2436 dexteram
1060 2370 1101 2436 ad
1125 2371 1247 2436 nodum
1270 2372 1452 2456 applicans,
1477 2373 1654 2440 sinistram

432 2480 473 2546 ad
497 2479 611 2566 pedem
635 2486 670 2545 et
692 2483 856 2564 assurget.
882 2479 1082 2564 Expectabit
1105 2477 1181 2543 dum
1205 2478 1370 2544 Diaconus
1393 2479 1604 2564 genuflectat
1618 2487 1656 2550 et

435 2587 685 2652 Sacramentum
708 2585 836 2662 adoret,
860 2605 925 2670 quo
948 2584 1039 2651 facto
1062 2584 1103 2651 ad
1126 2585 1284 2672 populum
1308 2593 1537 2654 convertetur.
1572 2587 1657 2656 Dia-

434 2714 538 2760 conus
562 2699 596 2758 et
620 2692 847 2758 subdiaconus
871 2691 948 2757 dum
972 2691 1013 2756 ad
1029 2692 1187 2778 populum
1205 2712 1280 2758 oum
1297 2693 1495 2760 Celebrante
1511 2715 1660 2764 eonven-

434 2806 559 2875 tentur‚
584 2800 795 2865 meminerint
809 2799 921 2864 locum
938 2820 1034 2865 suum
1052 2819 1200 2876 servare,
1219 2798 1376 2866 videlicet
1391 2803 1483 2889 prior
1498 2821 1521 2881 a,
1535 2801 1659 2870 dexte-

434 2910 490 2984 ris,
513 2907 602 2973 alter
624 2927 644 2970 a
667 2907 811 2972 sinistris
836 2906 1055 2972 Celebrantis.

521 3014 574 3079 58.
600 3013 718 3080 Statim
741 3032 781 3078 ac
805 3012 985 3078 Celebrans
1010 3033 1193 3079 conversus
1217 3014 1257 3078 ad
1290 3016 1447 3100 populum
1479 3018 1559 3094 erit,
1588 3017 1658 3086 duo

434 3129 588 3188 cantores
612 3120 812 3186 intonabunt
835 3121 959 3205 Pange
983 3122 1107 3206 lingua
1131 3127 1165 3187 et
1187 3123 1405 3207 processionis
1428 3123 1563 3190 initium
1586 3123 1658 3212 flet.

522 3229 575 3294 59.
601 3229 828 3294 Processionis
851 3235 1000 3314 tempore
1024 3231 1247 3315 pulsabuntur
1270 3230 1390 3296 festivo
1413 3250 1506 3297 more
1535 3243 1658 3304 omnes

434 3338 596 3402 ccclesiae
621 3356 810 3421 campanae,
835 3341 868 3402 et
892 3337 1058 3404 sonabunt
1081 3339 1179 3405 etiam
1203 3338 1289 3404 aliae
1320 3338 1540 3406 ecclesiarum
1572 3363 1660 3428 pron

436 3448 610 3520 rimarum,
635 3445 662 3510 si
687 3447 854 3531 processio
877 3443 1002 3512 desua
1025 3447 1168 3512 ecclesia
1191 3467 1335 3532 egressa,
1359 3467 1461 3533 prope
1483 3447 1571 3517 alias
1596 3471 1661 3520 ec-

437 3554 555 3618 clesias
579 3552 742 3617 transibit.

524 3660 578 3724 60.
603 3660 776 3726 Processio
800 3662 987 3728 instruetur
1010 3662 1124 3728 ordine
1148 3665 1308 3747 sequenti.
1333 3663 1482 3730 Praeibit
1505 3649 1660 3734 Confra-

435 3769 577 3833 ternitas
602 3767 774 3844 laicorum
801 3789 885 3834 umus
910 3790 928 3834 e
952 3770 1177 3836 confratribus
1200 3770 1343 3856 gestabit
1367 3769 1662 3862 Crucifixumfon-

438 3895 489 3940 ma
512 3874 643 3940 diversa
665 3895 685 3939 a
710 3874 817 3941 Gruce
841 3876 941 3953 Cleri,
966 3884 1000 3944 et
1022 3899 1043 3942 a
1065 3877 1227 3944 lateribus
1251 3879 1322 3944 eius
1339 3879 1494 3947 incedent
1509 3879 1578 3948 duo
1594 3890 1660 3953 aut

435 3990 579 4068 quatuor
603 3981 797 4050 confratres
822 4004 896 4049 cum
920 3985 1096 4051 intorticiis
1119 3987 1278 4051 accensis:
1302 3992 1486 4070 sequentur
1508 3988 1580 4054 bini
1604 4009 1662 4058 re-

432 4092 514 4176 liqui
539 4089 726 4155 confratres
750 4097 784 4156 et
808 4091 916 4156 ultimi
940 4091 1095 4158 incedent
1118 4093 1275 4159 officiales
1300 4093 1368 4160 sive
1381 4094 1656 4178 neaenarchee,

435 4201 490 4282 qui
515 4200 617 4284 ipsam
642 4197 959 4264 confraternitatem
985 4207 1248 4286 repraesentant,
1273 4201 1391 4285 quibus
1408 4203 1508 4268 etiam
1526 4203 1561 4269 in
1579 4225 1660 4292 pro·

436 4309 507 4390 pria
523 4306 665 4372 ecclesia
680 4304 893 4370 interdicitur
909 4309 1000 4390 sequi
1017 4308 1261 4384 baldachinum,
1278 4308 1543 4394 quandoquidem
1555 4311 1658 4382 locus

434 4416 498 4478 iste
521 4415 562 4478 ad
586 4415 829 4480 ecclesiasticas
853 4415 1030 4500 dignitates
1055 4417 1282 4483 tantummodo
1306 4424 1443 4505 spectat:
1462 4421 1489 4484 si
1506 4419 1658 4490 confra-

435 4522 584 4585 ternitati
608 4544 687 4587 suus
712 4523 776 4587 erit
800 4522 1032 4609 Cappellanus,
1059 4532 1092 4589 et
1116 4526 1159 4589 sit
1183 4528 1215 4590 in
1240 4545 1331 4591 more
1355 4527 1509 4612 positum,
1526 4532 1565 4594 ut
1583 4529 1656 4617 ipse

439 4625 753 4694 confraternitatem
778 4636 947 4716 sequatur,
972 4632 1031 4697 ibit
1047 4641 1120 4718 post
1137 4632 1294 4700 officiales
1310 4635 1379 4700 sive
1400 4634 1656 4706 hetaeriarchas
