4175 5717
975 743 1042 790 ΜΒ.
1067 743 1102 790 11.

900 957 952 1014 DE
971 956 1179 1014 DOMlNlCIS

484 1063 829 1132 SEPTUAGaslmaa
848 1064 1134 1124 SEXAGESIMAE
1153 1065 1204 1122 ET
1224 1064 1588 1132 QUINQUAGESIMAE

895 1370 1038 1437 CAPUT
1056 1371 1186 1436 XVIII.

433 1607 460 1668 l.
493 1530 562 1677 Α
589 1606 759 1670 Dominica
783 1604 1052 1691 Septuegesimae
1077 1607 1208 1671 initium
1226 1604 1319 1671 ducit
1342 1605 1456 1672 luctus
1480 1606 1662 1674 Ecclesiae

372 1707 374 1711 ’
431 1720 465 1777 et
496 1714 663 1778 omittitur
694 1723 812 1778 cantus
843 1713 995 1779 Alleluia
1026 1734 1130 1798 usque
1160 1713 1202 1779 ad
1233 1713 1407 1790 Paschem,
1430 1720 1468 1780 ut
1500 1717 1662 1802 superius

431 1820 639 1885 dictumest.

519 1927 550 1992 2.
576 1927 686 2004 Color,
711 1947 777 2012 quo
800 1928 955 1994 Ecclesia
979 1932 1087 1994 utitur
1109 1930 1143 1992 in
1165 1929 1367 2013 paramentis
1391 1933 1425 1993 et
1448 1935 1575 1995 ornatu
1605 1929 1667 1996 Al·

430 2038 553 2099 terium
577 2037 610 2099 in
634 2036 726 2100 hisco
750 2034 939 2119 Dominicis,
963 2043 1015 2101 est
1038 2035 1220 2100 violaceus.
1253 2035 1306 2099 Ex
1340 2034 1452 2102 Altari
1485 2035 1665 2104 tollentur

357 2153 360 2158 '
431 2163 511 2208 vasa
534 2141 647 2218 florea,
671 2142 868 2227 reliquiario
890 2163 951 2209 seu
973 2149 1106 2209 statuae
1131 2142 1340 2209 Sanctorum.
1365 2142 1403 2208 ln
1433 2143 1537 2209 Missa
1557 2151 1667 2230 alque

433 2253 467 2314 in
491 2249 598 2316 officio
620 2251 794 2316 sonabitur
818 2252 962 2336 organis,
989 2257 1023 2315 et
1046 2251 1133 2315 sacri
1157 2249 1302 2315 Ministri
1325 2248 1510 2326 induentur
1533 2250 1669 2320 aalma

434 2362 499 2424 tica
521 2379 561 2424 ac
584 2358 756 2424 tunicella.

693 2679 733 2736 IN
754 2679 882 2738 FESTO
903 2677 1223 2737 PURlFlCATIONlS
1243 2679 1276 2735 B.
1296 2677 1337 2736 M.
1356 2679 1392 2733 V.

914 2984 1057 3052 CAPUT
1083 2985 1173 3050 XIX.

853 3201 925 3268 Res
944 3203 1231 3308 praeparandae.

438 3422 465 3484 l.
496 3347 660 3492 Altera
683 3419 874 3495 maximum,
899 3416 986 3503 apud
1010 3416 1097 3501 quod
1121 3417 1348 3483 celebrabitur
1370 3416 1500 3482 iunctio
1524 3427 1670 3504 praeter

437 3527 595 3602 tobaleae,
620 3526 808 3591 instruetur
831 3523 934 3613 pallio
957 3524 1024 3590 albi
1059 3524 1194 3600 coloris,
1219 3544 1321 3612 super
1348 3524 1435 3608 quod
1470 3526 1671 3613 imponetur

436 3635 529 3700 aliud
555 3634 749 3700 violaceum:
774 3635 807 3699 in
831 3633 942 3700 Alteri
972 3638 1140 3720 ponentur
1171 3632 1374 3699 candelabra
1405 3652 1479 3698 cum
1512 3635 1672 3704 candelis

436 3765 483 3826 aa
503 3762 581 3808 cera
604 3740 681 3806 elba
697 3749 731 3808 et
748 3741 841 3807 Crux
864 3741 1013 3826 aequalis
1037 3741 1327 3819 candelabrorum,
1342 3760 1427 3827 quae
1450 3740 1671 3812 distinctiora

435 3859 536 3917 erunt
560 3869 658 3934 quam
681 3868 766 3933 quae
789 3848 903 3914 diebus
927 3849 1101 3916 ferialibus
1124 3849 1338 3915 adhibentur.
1364 3847 1496 3915 Gradus
1531 3849 1669 3919 Altaria

436 3965 548 4044 tapeto
572 3957 694 4022 decoro
717 3961 922 4024 sternentur.
948 3958 984 4021 ln
1009 3957 1120 4022 Allari
1145 3977 1162 4022 e
1187 3955 1294 4024 latere
1320 3957 1491 4043 Epistolae
1513 3965 1668 4045 ponetur·

435 4067 538 4153 legile
561 4086 620 4131 seu
645 4067 796 4132 cussinus
820 4065 990 4130 violaceus
1013 4085 1088 4132 oum
1124 4065 1251 4132 Missali
1282 4071 1476 4152 tegumento
1507 4065 1666 4136 violaceo

435 4180 599 4240 exornato
623 4193 683 4260 pro
707 4173 889 4239 functione.

522 4283 552 4346 2.
578 4280 674 4367 Apud
698 4280 817 4346 Altare
840 4300 883 4345 ex
906 4280 1020 4346 eodem
1055 4282 1226 4368 Epistolae
1256 4282 1365 4348 latere
1398 4282 1663 4369 praeparabitur

437 4413 560 4476 parvus
583 4390 706 4456 abacus
729 4387 806 4454 elba
828 4388 961 4454 tobalea
984 4396 1170 4476 coopertus,
1196 4391 1252 4474 qui
1275 4391 1422 4476 conspici
1444 4392 1585 4478 possita
1604 4389 1666 4460 ce

436 4498 598 4564 lebrante:
623 4517 725 4584 super
748 4498 818 4582 ipso
842 4495 1061 4582 disponentur
1095 4495 1256 4563 candelae
1287 4496 1384 4564 albae
1414 4496 1663 4566 benedicendae

438 4611 473 4670 et
497 4605 595 4670 Glero
619 4605 805 4692 populoque
829 4603 1086 4671 distribuendae.
1112 4604 1278 4671 Sacristae
1301 4605 1444 4672 officium
1461 4607 1599 4672 eniteas
1615 4607 1662 4674 ila
