4175 5717
518 959 559 1025 12
962 977 1027 1026 cm.
1053 975 1101 1025 111.

427 1087 526 1152 aridis
550 1092 584 1151 et
607 1085 782 1151 subtilibus
805 1105 848 1151 ex
874 1085 971 1150 ramis
995 1086 1104 1150 olivae
1128 1083 1308 1151 benedictis
1331 1085 1365 1149 in
1388 1077 1554 1150 Dominica
1567 1077 1625 1169 pal·

427 1213 555 1259 marum
570 1195 648 1258 anni
665 1194 855 1278 superioris,
876 1199 1034 1278 cooperta
1050 1191 1126 1257 velo
1141 1191 1301 1269 violaceo,
1319 1193 1429 1278 posita
1448 1193 1535 1256 inter
1555 1189 1627 1255 llis·

427 1302 498 1366 sale
521 1309 555 1366 et
578 1302 668 1366 latus
692 1300 873 1385 Epistolae.

519 1410 567 1474 10.
593 1410 629 1472 ln
654 1408 761 1474 latere
785 1408 960 1493 Evangelii
984 1413 1153 1474 statuetur
1176 1406 1361 1476 scabellum
1378 1407 1506 1473 nudum
1527 1407 1629 1491 inquo

429 1516 555 1582 sedebit
578 1515 769 1591 Celebrans,
793 1514 871 1580 dum
895 1534 1081 1580 sermonem
1103 1515 1145 1579 ad
1168 1514 1326 1600 populum
1351 1514 1499 1580 habebit.

519 1624 569 1687 ll.
594 1624 631 1687 ln
655 1623 807 1687 sacristia
829 1621 973 1687 aderunt
995 1624 1062 1687 tria
1085 1622 1328 1708 superpellicea
1350 1642 1414 1709 pro
1438 1622 1578 1689 clericis.

520 1731 568 1798 12,
592 1731 753 1804 Amictus‚
773 1730 859 1806 alba,
877 1730 1059 1815 cingulum,
1078 1730 1166 1795 stola
1182 1749 1257 1795 cum
1273 1728 1417 1815 pluviali
1435 1728 1590 1803 violaceo,
1604 1735 1632 1792 11

431 1839 547 1903 bireto.

520 1946 568 2009 13.
593 1944 738 2010 Seorsim
762 1944 895 2010 foculus
919 1965 994 2011 cum
1018 1946 1095 2031 igne
1119 1944 1250 2011 ardenti
1274 1963 1335 2030 pro
1358 1939 1546 2010 thuribulo.

909 2160 952 2228 In
974 2162 1158 2244 functione

519 2378 568 2442 14.
594 2377 834 2463 campanarum
858 2378 987 2443 sonitus
1003 2376 1200 2443 convocabit
1214 2377 1374 2463 populum
1390 2375 1434 2441 ad
1458 2374 1632 2442 ecclesiam.

518 2484 568 2548 15.
594 2484 715 2549 Clerici
731 2482 966 2570 superpellicio
981 2485 1015 2548 in
1031 2485 1184 2549 sacristia
1199 2484 1260 2549 sibi
1276 2483 1405 2559 induto,
1418 2503 1473 2550 res
1492 2484 1633 2569 superius

431 2597 561 2656 notatas
585 2590 759 2677 disponent
782 2611 882 2677 super
905 2591 1015 2655 Altari
1039 2598 1075 2656 et
1097 2611 1197 2676 super
1219 2591 1332 2656 abaco.

518 2700 568 2763 16.
594 2699 784 2776 celebrans,
810 2701 991 2785 praemissa
1014 2700 1277 2785 praeparatione,
1307 2698 1439 2765 lavabit
1468 2703 1633 2766 manuset

430 2808 607 2873 adiuvante
631 2808 776 2873 secundo
799 2827 838 2872 ac
861 2810 961 2874 tertio
978 2808 1102 2874 clerico
1119 2829 1154 2874 se
1170 2809 1299 2894 parabit
1314 2810 1452 2887 amictu,
1475 2809 1563 2887 alba,
1578 2810 1636 2875 cin-

430 2916 519 2998 gulo
545 2916 631 2980 stola
655 2923 689 2979 et
712 2916 852 3000 pluviali
876 2917 1035 2981 violaceo,

521 3023 569 3086 17.
594 3024 726 3087 Interea
749 3023 892 3088 clericus
917 3025 1040 3109 primus
1058 3022 1218 3088 accendet
1234 3042 1349 3088 cereos
1367 3023 1511 3097 Altaria,
1534 3030 1634 3111 postea

431 3130 551 3195 redibit
574 3132 606 3193 in
631 3131 824 3206 sacristiam,

521 3238 570 3301 18.
599 3237 778 3302 celebrans
802 3241 1025 3303 reverentiam
1050 3259 1117 3303 una
1141 3260 1215 3304 cum
1238 3240 1370 3304 clericis
1386 3240 1495 3305 faciet
1513 3240 1554 3306 ad
1570 3240 1637 3305 Gru

430 3365 500 3410 cem
532 3343 587 3407 vel
611 3343 651 3407 ad
675 3344 849 3427 imaginem
882 3346 1107 3430 principalem,
1133 3352 1232 3431 caput
1264 3348 1435 3431 cooperiet
1459 3349 1636 3431 iunctisque

432 3451 579 3516 manibus
603 3449 643 3514 ad
668 3450 787 3514 Altare
811 3452 968 3534 procedet
991 3453 1117 3518 medius
1141 3455 1230 3519 inter
1246 3452 1430 3518 secundum
1447 3474 1489 3519 ac
1513 3456 1636 3520 tertium

431 3560 601 3634 clericum,
619 3557 762 3624 fimbrias
779 3559 934 3644 pluvialis
952 3563 1022 3626 eius
1039 3564 1252 3636 sustinentes
1271 3563 1374 3646 primo
1392 3568 1509 3628 autem
1526 3563 1638 3628 clerico

433 3673 623 3753 praeeunte.

522 3775 572 3839 19.
598 3774 705 3847 Quum
728 3775 768 3839 ad
793 3775 910 3840 Altare
934 3783 1072 3842 ventum
1088 3779 1163 3853 crit,
1181 3778 1305 3863 primus
1321 3776 1471 3842 clericus
1489 3777 1636 3844 subsistat

431 3901 549 3947 versus
574 3900 678 3945 cornu
703 3881 881 3966 Epistolae,
901 3883 1082 3948 Oelebrans
1099 3883 1236 3949 nudabit
1251 3890 1351 3969 caput
1367 3890 1403 3948 et
1419 3884 1568 3950 biretum
1584 3893 1639 3950 111-

433 3989 488 4054 det
511 3990 615 4074 primo
639 3988 772 4063 clerice,
797 3996 866 4053 turn
891 3993 1112 4056 reverentiam
1138 3991 1178 4056 ad
1203 3992 1343 4057 Crucem
1364 3991 1484 4068 faciet,
1517 3993 1638 4058 clericis

432 4093 741 4181 genuflectentibus.
766 4095 800 4161 Si
824 4097 992 4162 conditum
1016 4101 1048 4162 in
1073 4099 1290 4164 tabernaculo
1313 4098 1424 4164 aderit
1451 4100 1513 4166 SS.
1537 4101 1642 4168 Sacra·

433 4210 588 4279 mentum,
614 4203 794 4269 celebrans
818 4210 852 4269 et
868 4206 935 4290 ipse
952 4203 1155 4290 genuflectet
1171 4206 1258 4290 quod
1274 4205 1431 4292 deinceps
1448 4210 1553 4273 etiam
1568 4227 1642 4274 exe·

433 4318 564 4396 quatur.

519 4418 572 4483 20.
598 4417 747 4484 Clericus
770 4420 894 4504 primus
919 4428 1036 4505 perget
1050 4420 1092 4485 ad
1108 4422 1244 4486 abacum
1261 4421 1317 4487 ubi
1333 4421 1482 4506 deponet
1506 4425 1639 4489 biretum

434 4525 650 4592 Celebrantis

520 4635 573 4698 21.
599 4633 765 4700 Ascendet
787 4634 827 4698 ad
852 4635 969 4699 Altare
995 4637 1176 4702 celebrans
1202 4638 1327 4703 medius
1350 4639 1443 4704 inter
1468 4638 1637 4706 secundun

435 4763 473 4808 ac
497 4745 630 4807 tertium
655 4742 825 4816 clericum,
850 4745 904 4826 qui
929 4741 1073 4808 fimbrias
1098 4746 1255 4829 pluvialis
1279 4747 1350 4810 eius
1373 4748 1568 4814 sustollent.

521 4851 573 4915 2⁴2.
600 4851 779 4917 Gelebrans
797 4850 914 4916 Altare
931 4853 964 4915 in
982 4852 1087 4918 medio
1104 4853 1311 4919 osculabitur
1327 4860 1361 4918 et
1378 4854 1482 4921 vadet
1504 4855 1544 4921 ad
1567 4853 1646 4919 uis·
