4175 5717
523 766 584 832 196
970 786 1036 833 uun.
1063 786 1109 834 iu.

431 893 573 978 spatium
595 892 714 956 saltem
738 875 870 957 intersit
893 891 1081 957 cubitorum
1104 896 1189 967 octo,
1214 892 1270 956 vel
1297 891 1339 957 ad
1369 894 1537 959 minimum
1569 916 1648 979 qua-

431 1004 508 1065 tuor
528 1000 561 1064 in
579 999 738 1064 Ecclesiis
763 1019 828 1064 non
853 999 1058 1084 Collegiatis;
1083 1000 1127 1066 sit
1148 1005 1296 1065 autema
1315 999 1454 1066 scabelli
1477 1002 1549 1066 solo
1573 1002 1647 1067 alti·

431 1105 546 1172 tudine
577 1106 763 1171 cubitorum
794 1105 944 1182 duorum,
969 1112 1002 1172 et
1033 1106 1207 1173 unciarum
1230 1111 1315 1183 octo,
1339 1112 1374 1172 et
1407 1107 1448 1172 ad
1483 1128 1646 1173 summum

432 1213 555 1290 decem;
580 1212 789 1299 longitudine
812 1213 999 1279 cubitorum
1023 1213 1177 1297 quinque,
1201 1232 1241 1278 ac
1264 1213 1409 1299 plurium
1439 1234 1499 1301 pro
1531 1215 1647 1281 Eccle

433 1322 501 1386 siae
524 1319 760 1406 magnitudine
785 1320 963 1387 altitudine
986 1339 1067 1385 vero
1091 1319 1279 1385 cubitorum
1301 1321 1420 1386 saltem
1448 1320 1590 1387 duorum
1613 1329 1648 1389 et

432 1429 605 1493 unciarum
629 1427 810 1505 duodecim;
835 1434 904 1494 tres
934 1432 1046 1493 autem
1076 1428 1164 1493 inter
1195 1426 1318 1513 gradus
1348 1428 1501 1514 pradella
1535 1431 1648 1516 lignea

431 1541 638 1610 numeretur,
650 1554 735 1619 quae
758 1556 778 1599 a
801 1534 913 1601 fronte
935 1534 1063 1601 Altaria
1087 1534 1215 1601 cubitos
1238 1534 1320 1601 duos
1342 1535 1514 1622 producta,
1531 1539 1646 1603 uncias

431 1641 597 1708 sexdecim
622 1642 691 1708 late
721 1647 842 1729 pateat;
876 1641 1019 1708 altitudo
1050 1661 1131 1707 vero
1165 1641 1375 1728 singulorum
1409 1643 1573 1730 graduum
1603 1646 1648 1711 sit

433 1750 538 1816 unciis
561 1754 647 1815 octo.

521 1857 644 1924 Altore
675 1858 795 1925 maus
829 1856 983 1923 elevetur
1021 1856 1139 1923 cubitis
1174 1856 1312 1934 duobus,
1347 1863 1383 1923 et
1420 1860 1525 1925 unciis
1560 1866 1645 1937 octo,

432 1965 532 2050 longe
562 1969 675 2050 pateat
704 1964 823 2031 cubitis
853 1969 1006 2048 quatuor,
1031 1970 1066 2029 et
1092 1963 1234 2040 dimidio,
1266 1984 1328 2030 nec
1358 1966 1467 2030 minus
1503 1974 1647 2050 quatuor

430 2072 549 2137 saltem
580 2072 709 2149 cubitis,
740 2072 847 2137 latum
876 2073 920 2137 sit
950 2071 1071 2137 cubitis
1101 2071 1238 2148 duobus,
1267 2071 1450 2138 scabellum
1474 2093 1492 2138 e
1522 2074 1646 2140 tabulis

433 2181 563 2264 ligneis,
588 2179 764 2246 latitudine
787 2178 975 2245 cubitorum
999 2178 1150 2257 duorum,
1174 2179 1351 2246 altitudine
1367 2182 1541 2246 unciarum
1559 2186 1645 2258 octo,

433 2287 490 2354 sed
521 2293 556 2353 et
583 2288 718 2372 longius
748 2292 869 2373 pateat,
902 2307 1000 2372 quam
1031 2280 1162 2364 Altare,
1192 2307 1259 2353 non
1282 2287 1393 2354 cubito
1420 2288 1563 2373 longius,
1587 2288 1646 2354 sed

435 2396 539 2462 unciis
562 2395 696 2461 circiter
718 2393 894 2461 sexdecim.
919 2395 1057 2461 Nullum
1081 2396 1244 2474 foramen,
1268 2414 1374 2480 neque
1397 2394 1577 2463 fenestella
1600 2393 1643 2461 ibi

434 2506 486 2581 sit,
511 2502 566 2568 ubi
588 2501 764 2586 quidquem
787 2503 966 2579 asservari,
991 2502 1171 2568 recondive
1193 2504 1306 2589 possit.

521 2610 679 2677 Amator
709 2630 728 2675 e
758 2612 852 2675 tenui
881 2610 951 2676 tela
980 2612 1025 2676 sit
1054 2610 1261 2695 longitudine
1291 2610 1478 2676 cubitorum
1508 2612 1644 2676 circiter
1680 2580 1684 2587 ,

432 2718 584 2789 duorum,
608 2716 785 2783 latitudine
807 2722 919 2783 autem
943 2716 1203 2801 sesquioubitali,
1219 2719 1253 2782 in
1269 2716 1398 2783 duobus
1418 2716 1490 2803 ejus
1513 2717 1647 2801 angulis

434 2823 657 2890 anterioribus
680 2831 860 2890 assuantur
882 2824 1025 2890 funiculi
1041 2823 1328 2909 commode'lcngi,
1342 2830 1380 2890 ut
1398 2825 1552 2890 revocari
1567 2830 1646 2891 ante

434 2937 549 3018 pectus
580 2936 712 3015 queant,
737 2938 869 2997 etcum
900 2933 940 2998 iis
970 2930 1043 2997 lieri
1074 2931 1179 2997 nodus
1212 2932 1326 3018 possit;
1355 2933 1389 2996 in
1418 2931 1525 2997 medio
1555 2931 1646 2998 Grux

433 3059 496 3104 acu
520 3040 687 3124 pingatur,
712 3040 886 3104 unciarum
917 3038 1067 3115 duarum,
1092 3039 1193 3125 longe
1222 3040 1264 3106 ab
1296 3041 1508 3106 extremitate
1535 3038 1647 3123 digitis

433 3146 560 3213 duobus
576 3151 730 3233 exparte
746 3148 919 3233 superiori,
935 3148 1167 3213 extremitates
1183 3146 1276 3212 illius
1290 3152 1523 3233 praeterquam
1545 3165 1589 3212 ex
1605 3164 1645 3212 ea

435 3259 530 3340 parte
545 3273 630 3338 quae
653 3253 778 3319 collum
801 3253 913 3330 ambit,
928 3254 1040 3338 aliquo
1064 3253 1212 3320 modesto
1235 3273 1335 3340 opere
1359 3254 1470 3319 ornari
1494 3259 1644 3339 possunt.

496 3355 498 3360 ’
523 3361 609 3439 Ara,
633 3382 677 3427 ex
700 3361 808 3449 lapide
832 3361 1069 3449 longepateat
1091 3364 1207 3427 uncias
1229 3360 1359 3447 viginti,
1379 3361 1449 3427 late
1479 3360 1647 3443 sexdecim

435 3475 569 3557 praeter
592 3490 710 3556 capsae
735 3469 981 3548 dimensionem,
998 3473 1052 3537 cui
1067 3472 1194 3536 inserta
1209 3474 1270 3547 est,
1286 3489 1372 3554 quae
1391 3489 1524 3556 capsae
1539 3488 1648 3535 nucea

434 3578 568 3643 omnino
592 3578 708 3644 tabula
729 3579 782 3653 sit,
806 3577 1027 3644 crassitudine
1051 3578 1225 3643 unciarum
1247 3575 1385 3643 circiter
1411 3576 1569 3661 duarum,
1587 3581 1647 3641 aut

433 3686 581 3772 plurium
611 3704 672 3771 pro
701 3684 819 3771 lapidis
850 3684 1079 3762 crassitudine,
1111 3704 1177 3749 non
1207 3683 1350 3750 distata
1373 3684 1485 3750 fronte
1516 3683 1646 3750 Altaria

434 3794 540 3880 spatio
563 3793 697 3878 longius
720 3794 894 3859 unciarum
917 3799 1002 3871 octe,
1016 3794 1064 3859 ita
1086 3812 1167 3858 vero
1190 3794 1317 3857 inserta
1339 3792 1391 3867 sit,
1408 3797 1448 3857 ut
1468 3811 1488 3856 e
1512 3810 1646 3858 mensae

435 3900 564 3965 Altaria
590 3897 763 3986 superficie
793 3900 969 3987 paululum
995 3906 1195 3984 extatque
1226 3897 1415 3966 Sacerdotis
1442 3898 1645 3965 celebrantis

434 4012 527 4074 tactu
543 4005 694 4093 dignosci
707 4008 822 4094 possit·
837 4009 907 4074 tela
921 4008 1063 4094 denique
1079 4013 1193 4075 cerata
1208 4013 1352 4093 tegatur,
1366 4006 1542 4073 claviculis
1553 4025 1647 4093 prae·

434 4114 542 4182 dictae
565 4135 683 4202 capsae
706 4113 845 4181 confixa.
1239 4123 1244 4132 '

523 4222 642 4290 Burro
671 4225 916 4308 Corporalium
949 4246 969 4290 a
999 4226 1113 4291 fronte
1143 4226 1186 4289 sit
1217 4223 1334 4298 Gruee,
1366 4221 1421 4286 vel
1452 4224 1520 4287 alia
1551 4241 1660 4287 sacra-

433 4330 579 4415 lmagine
602 4334 635 4396 in
659 4333 764 4398 medio
789 4334 926 4398 intexta:
951 4354 970 4397 a
993 4339 1090 4418 tergo
1114 4335 1213 4398 etiam
1241 4350 1284 4395 ex
1310 4329 1423 4395 eadem
1446 4331 1595 4406 materia,
1612 4335 1647 4394 et

433 4437 556 4514 colore;
580 4441 780 4506 intrinsecus
807 4449 918 4507 autem
946 4442 1125 4517 subserico‚
1149 4446 1208 4505 aut
1234 4438 1303 4504 tela
1334 4436 1473 4504 candida
1500 4439 1646 4502 circum-

434 4549 607 4623 vestiatur;
632 4548 701 4614 late
725 4568 805 4615 vero
829 4550 974 4636 undique
997 4554 1109 4636 pateat
1132 4548 1267 4615 circiter
1289 4544 1422 4615 dimidio
1443 4545 1566 4622 cubito,
1590 4543 1645 4609 vel

435 4648 550 4735 paullo
574 4652 724 4737 amplius,
748 4661 782 4717 et
804 4654 913 4718 forma
936 4652 1107 4737 quadrata.

1685 1092 1695 1130 Ι
