4175 5717
521 707 588 772 292
978 729 1043 774 nm.
1069 729 1104 776 11.

521 833 575 898 87.
600 833 766 900 Absoluta
788 835 891 900 Missa
920 835 1070 910 solemni,
1095 835 1276 902 celebrans
1311 854 1386 902 cum
1420 833 1582 900 Ministris
1611 831 1653 898 ad

435 960 605 1006 scamnum
629 943 750 1019 veniet,
775 941 933 1007 induetur
956 941 1106 1028 pluviali,
1130 941 1251 1008 redibit
1272 947 1353 1008 ante
1386 941 1514 1008 Altare-
1537 945 1576 1006 et
1603 957 1656 1006 ca·

433 1055 557 1115 nentur
580 1050 731 1114 Litaniae
754 1069 829 1115 cum
853 1050 1006 1136 precibus
1031 1070 1135 1135 usque
1159 1049 1200 1115 ad
1224 1056 1330 1115 totum
1353 1055 1385 1124 l.
1410 1049 1568 1124 Domine,
1596 1065 1657 1116 em·

431 1158 519 1224 cudi
540 1158 735 1224 orationem
757 1163 819 1226 etc.

516 1266 569 1330 88.
595 1265 703 1341 Quum
729 1264 910 1331 celebrans
934 1265 1020 1350 apud
1043 1285 1213 1331 scamnum
1236 1267 1311 1341 erit,
1335 1271 1373 1330 ut
1396 1264 1558 1330 induatur
1581 1263 1656 1352 plu·

435 1373 525 1450 riali,
549 1372 698 1439 Sacrista
721 1373 821 1438 tollet
844 1373 885 1440 de
908 1373 1019 1438 Altari
1043 1373 1195 1452 (trucem,
1218 1375 1247 1438 si
1270 1375 1377 1461 posita
1399 1374 1444 1440 ibi
1467 1373 1583 1450 fuerit,
1605 1377 1659 1438 ta·

429 1481 536 1548 bellas
560 1487 781 1557 secretarum,
806 1480 908 1566 legile
932 1501 1008 1547 cum
1031 1481 1168 1558 blissali,
1204 1481 1291 1566 quod
1315 1487 1454 1568 reponet
1485 1481 1519 1546 iu
1553 1479 1657 1548 abaco

430 1596 466 1656 et
487 1609 589 1676 super
612 1588 730 1654 Altare
765 1587 895 1655 deleret.
928 1588 1114 1675 corporale,
1146 1588 1346 1656 claviculam
1379 1587 1594 1658 tabernaculi
1622 1591 1660 1654 et

435 1697 606 1783 capsulam
629 1696 684 1762 vel
708 1695 850 1782 pixidem
874 1695 915 1762 ad
939 1695 1163 1782 reponendum
1188 1695 1451 1774 Sacramentum,
1475 1695 1532 1762 vel
1557 1695 1659 1762 etiam

434 1805 547 1869 velum
570 1803 773 1887 albumque
796 1802 880 1868 illud
905 1809 1115 1888 contegatur,
1141 1809 1179 1869 ut
1198 1803 1355 1890 deinceps
1370 1803 1612 1872 declarabitur.

520 1912 574 1977 89.
599 1912 683 1976 Dum
706 1917 871 1976 canentur
894 1911 1055 1986 Litauiae,
1080 1911 1324 1978 distribuentur
1355 1911 1454 1978 Glero
1486 1909 1662 1978 intertiata

433 2041 491 2086 seu
516 2019 686 2096 candelae,
710 2018 776 2084 duo
800 2019 1010 2086 thuriferarii
1033 2019 1281 2106 praeparabunt
1311 2019 1485 2086 thuribula
1514 2025 1552 2086 et
1583 2037 1661 2086 cun

429 2132 507 2216 ipsis
531 2137 665 2216 praesto
687 2133 789 2195 erunt
809 2127 851 2193 ad
875 2127 1003 2206 Altera
1028 2129 1076 2193 sic
1099 2126 1186 2213 apud
1208 2128 1347 2194 abacum
1369 2127 1478 2196 aderit
1507 2127 1659 2194 clericus

433 2243 626 2322 gestaturus
650 2236 800 2304 Crucem.
836 2235 1026 2302 Mouebitur
1057 2234 1341 2322 ‚Confrateruilas
1367 2241 1405 2302 ut
1439 2235 1596 2302 ordinata
1627 2239 1664 2302 at

430 2346 589 2430 disposita
612 2345 712 2440 sitin
737 2344 881 2409 ecclesia
904 2343 1023 2408 saltem
1049 2343 1108 2408 sub
1134 2344 1337 2410 litaniarum
1371 2341 1481 2410 linem.
1517 2343 1663 2412 Olericis

431 2456 530 2519 etiam
553 2473 655 2518 curae
678 2453 743 2518 erit.
766 2449 886 2517 afferre
909 2450 1144 2517 baldachinum
1180 2451 1311 2529 hastile,
1337 2458 1371 2518 et
1401 2449 1521 2516 inflxas
1553 2451 1663 2518 hastis

433 2562 582 2626 laternas
607 2580 682 2625 cum
716 2559 865 2626 candelis
897 2561 1110 2636 accensis,si
1145 2560 1313 2645 processio
1348 2565 1447 2624 extra
1480 2559 1664 2626 ecclesiam

432 2669 634 2756 egredietur.
733 2709 740 2729 .

522 2779 576 2844 99.
600 2777 710 2853 Quum
733 2783 888 2842 cantatus
912 2778 978 2842 erit
999 2777 1188 2843 versiculus
1213 2776 1401 2864 praedictus
1425 2777 1587 2854 Domine,
1604 2797 1667 2846 erc·

434 2887 522 2952 audi
543 2904 610 2952 ecc.
635 2891 714 2952 ante
738 2886 917 2962 orationes,
940 2889 1098 2970 assurget
1122 2883 1304 2952 Celebrans
1327 2905 1402 2950 cum
1437 2885 1606 2954 Ministn's
1630 2891 1667 2954 at

435 2996 608 3060 incensum
632 2994 666 3057 in
690 2993 767 3058 bina
790 2993 964 3059 thuribula
986 2994 1058 3058 siue
1082 2992 1311 3060 benedictione
1335 2993 1468 3068 iniiciet:
1494 2993 1668 3062 Diaconus

433 3103 463 3166 ei
492 3100 693 3166 ministrabit
715 3101 887 3166 incensum
910 3105 945 3166 at
968 3099 1197 3166 Subdiaconus
1220 3097 1381 3166 fimbriam
1397 3099 1574 3166 dexteram
1592 3101 1669 3188 plu·

433 3210 530 3274 irialis
553 3208 698 3276 attollet.
723 3208 854 3274 ltursus
878 3207 1060 3274 celebrans
1085 3229 1159 3274 cum
1177 3209 1340 3276 Ministris
1355 3205 1572 3294 genuflectet
1589 3209 1669 3278 Dia-

434 3337 538 3382 conus
563 3316 773 3382 thuribulum
798 3335 899 3382 unum
930 3315 1041 3381 tradet
1074 3315 1275 3394 celebranti,
1307 3319 1362 3402 qui
1394 3317 1522 3402 triplici
1558 3315 1668 3386 ductu

435 3427 686 3492 Sacramentum
710 3422 925 3490 thurificabit.
950 3424 1083 3490 Interea
1106 3443 1170 3508 quo
1196 3423 1290 3490 modo
1321 3425 1473 3510 superius
1508 3431 1668 3494 notatum

436 3543 497 3610 est,
524 3534 691 3619 processio
715 3534 748 3598 in
772 3532 922 3598 ordinem
945 3532 1149 3618 disponetur.

526 3641 579 3706 91.
604 3641 784 3724 Postquam
808 3640 990 3708 celebrans
1013 3640 1223 3708 thuribulum
1247 3641 1391 3707 Diacono
1423 3647 1456 3706 et
1489 3642 1548 3708 bic
1581 3643 1670 3710 tua-

435 3748 592 3814 rilerario
617 3746 806 3825 reddiderit,
833 3749 999 3814 Diaconus
1022 3747 1135 3813 velum
1159 3748 1333 3814 humerale
1347 3747 1460 3814 album
1483 3747 1671 3820 Celebran-

437 3857 480 3921 tis
504 3855 651 3920 humeris
675 3855 820 3940 imponet
843 3861 877 3920 et
901 3854 1130 3921 Subdiaconus
1154 3856 1183 3920 ei
1207 3861 1285 3920 ante
1309 3861 1424 3941 pectus
1451 3855 1625 3944 alligabit

526 3961 583 4028 92.
608 3962 775 4028 Diaconus
798 3961 956 4029 ascendet
979 3983 1080 4049 super
1103 3963 1221 4031 altare
1243 3969 1278 4030 et
1301 3962 1341 4030 de
1364 3963 1488 4030 tbrono
1523 3967 1674 4056 accipiet

437 4070 494 4137 SS.
522 4070 783 4135 Sacramentum.
809 4069 844 4136 Si
867 4071 931 4136 hoc
953 4069 1049 4136 fieret
1072 4091 1092 4136 a
1116 4070 1271 4148 Sacrista,
1296 4071 1351 4138 bic
1373 4077 1474 4158 ponet
1497 4071 1674 4144 Ostenso-

436 4180 522 4244 rium
546 4198 646 4263 super
670 4177 789 4243 Altare
806 4185 839 4242 et
857 4179 1022 4246 Diaconus
1046 4179 1121 4246 inde
1139 4179 1278 4266 accipiet
1294 4181 1401 4266 ipsum
1416 4199 1456 4246 ac
1472 4179 1590 4250 tradet
1613 4183 1674 4252 Oe-

436 4288 580 4352 lobranti
604 4295 637 4353 et
661 4289 880 4372 processionis
907 4289 1034 4352 initium
1059 4287 1124 4363 fiet,
1150 4295 1187 4354 ut
1210 4287 1412 4375 descriptum
1434 4293 1486 4355 est
1510 4293 1671 4378 superius

437 4415 524 4458 num.
549 4396 602 4462 60.

526 4502 579 4567 93.
605 4503 642 4567 in
666 4502 775 4570 reditu
799 4504 1019 4588 processionis
1043 4504 1083 4569 ad
1107 4505 1235 4581 Altare,
1262 4504 1531 4572 Goulraternitas
1554 4507 1591 4572 in
1609 4527 1669 4576 or-

440 4607 548 4672 dinem
572 4610 776 4697 disponetur,
802 4619 838 4678 ut
862 4613 1038 4690 innuimus,
1064 4619 1162 4678 extra
1185 4612 1440 4700 presbyterium,
1466 4613 1590 4682 Glerus
1626 4615 1666 4684 ad
