4175 5717
517 719 582 788 228
630 749 640 766 =
977 737 1043 784 crs.
1069 737 1090 784 1.

517 845 595 912 394.
619 843 723 910 Sacro
746 849 892 930 peracto,
917 863 953 910 se
975 843 1135 930 adiunget
1158 844 1348 912 Oelebranti
1370 846 1585 916 dextrorsum
1609 851 1647 918 in

429 953 639 1042 suppedaneo
661 949 874 1036 genuflectet,
898 956 1031 1017 etcum
1054 969 1094 1018 eo
1117 972 1137 1017 a
1159 952 1267 1020 latere
1290 952 1469 1022 descendet
1490 955 1532 1024 ad
1566 977 1647 1026 sca-

429 1082 551 1138 mnum,
577 1060 632 1126 ubi
655 1059 859 1144 manipulum
882 1057 1033 1144 deponet.
1499 1113 1507 1130 ,

518 1167 593 1235 395.
618 1166 651 1234 Si
675 1165 843 1232 absolutio
865 1165 908 1236 ad
929 1185 1074 1252 pannum
1098 1167 1231 1252 nigrum
1246 1167 1302 1232 vel
1326 1166 1367 1233 ad
1383 1168 1550 1236 tumulum
1565 1175 1648 1240 ante

430 1278 558 1345 Altaris
581 1273 704 1361 gradus
727 1279 917 1361 peragetur,
942 1277 1114 1359 postquem
1137 1273 1318 1341 celebrans
1342 1276 1477 1343 indutus
1490 1279 1557 1344 erit
1571 1277 1649 1364 plu·

431 1385 521 1462 vicli,
546 1383 711 1448 Diaconus
733 1401 754 1446 a
776 1380 904 1448 dextris
928 1383 998 1446 eius
1021 1381 1180 1448 subsistet
1203 1383 1237 1448 in
1252 1382 1352 1469 plano
1369 1383 1551 1470 Epistolae,
1566 1385 1649 1452 dum

431 1497 571 1559 canetur
593 1501 630 1571 ab.
654 1489 782 1556 Libero
803 1508 867 1565 me,
891 1488 1037 1555 Domine
1060 1495 1123 1554 etc.

519 1599 596 1665 396.
621 1597 730 1672 Quum
753 1617 773 1662 a
788 1596 982 1663 cantoribus
998 1602 1173 1682 repetetur
1188 1617 1307 1666 versus
1323 1599 1420 1684 Resp.
1438 1598 1567 1668 Libera
1580 1621 1649 1680 nte,

431 1707 588 1782 Domine,
610 1703 771 1772 fimbriam
792 1706 966 1772 dexteram
989 1704 1148 1789 pluvialis
1163 1707 1275 1774 tradet
1291 1707 1508 1788 Subdiacono,
1525 1713 1560 1776 et
1574 1710 1650 1776 sine

433 1822 557 1888 osculis
579 1815 781 1884 ministrabit
808 1815 979 1880 incensum
1015 1815 1206 1881 celebranti
1235 1815 1497 1884 benedictionem
1530 1821 1650 1906 petens

431 1929 578 1996 formula
598 1931 759 1992 consueta
781 1923 979 1991 senectute
1000 1923 1203 1989 Reverendo
1225 1924 1343 1992 Pater.

519 2035 595 2102 397.
618 2034 681 2102 Ubi
703 2032 884 2099 Celebrans
907 2033 1077 2096 incensum
1094 2031 1272 2116 ingesserit
1286 2033 1320 2096 in
1335 2031 1554 2108 thuribulum,
1571 2051 1651 2100 cum

433 2164 473 2210 eo
497 2141 742 2229 suppedaneum
764 2160 785 2205 a
807 2141 916 2206 latere
939 2137 1150 2214 conscendet,
1175 2144 1209 2206 et
1231 2140 1322 2206 facta
1344 2138 1386 2204 ad
1420 2139 1561 2206 (lrucem
1592 2159 1653 2226 ge·

434 2249 634 2326 nudexione,
659 2268 695 2313 se
717 2252 894 2313 convertet
916 2246 1081 2312 tumulum
1105 2266 1223 2314 versus
1247 2253 1282 2314 et
1304 2249 1374 2313 sine
1397 2246 1521 2312 osculis
1537 2265 1653 2334 aspar-

434 2360 558 2424 sorium
580 2355 691 2422 tradet
715 2355 907 2421 Celebranti
930 2357 1024 2440 eique
1048 2357 1270 2441 aspersionem
1293 2355 1467 2442 peragenti
1499 2353 1653 2444 pluviale

435 2465 619 2532 sustinebit.
1321 2448 1339 2482 ⁴¹

522 2572 599 2639 398.
623 2571 821 2658 Aspersorio
844 2590 864 2635 a
888 2570 1087 2637 Celebrante
1116 2577 1231 2657 postea
1263 2575 1407 2657 recepto,
1439 2567 1653 2636 thuribulum

434 2684 496 2769 ipsi
519 2679 641 2757 tradet,
657 2678 744 2764 quod
760 2680 840 2745 item
855 2685 1027 2765 receptum
1043 2685 1118 2766 post
1132 2677 1413 2745 thurificationem
1432 2677 1654 2746 thuriferario

436 2792 614 2866 restituet„

523 2896 598 2963 399.
623 2895 848 2963 convertetur
871 2894 912 2959 ad
935 2895 1054 2960 Altare
1078 2901 1113 2962 et
1135 2875 1251 2981 perget
1284 2914 1359 2960 cum
1394 2894 1597 2963 Celebrante
1619 2895 1654 2962 in

436 3024 542 3071 cornu
566 3004 744 3090 Epistolae,
768 3022 905 3068 manens
927 3022 947 3067 a
970 3002 1118 3069 dexteris
1142 3005 1223 3069 eius.

527 3110 602 3176 400.
626 3109 855 3176 Absolutionis
879 3110 947 3174 ritu
971 3109 1145 3196 completo,
1170 3109 1210 3176 de
1226 3110 1336 3177 Alteri
1360 3130 1435 3177 cum
1452 3109 1656 3178 celebrante

438 3218 624 3294 descendet,
649 3215 852 3302 genuflectet
874 3217 916 3282 ad
941 3217 1081 3283 Crucem
1104 3224 1204 3302 atque
1226 3218 1361 3285 adstans
1385 3218 1578 3285 celebranti
1594 3217 1657 3284 de-

440 3334 621 3403 xtrorsum,
645 3325 723 3390 dum
745 3325 894 3412 pluviale
917 3327 1049 3390 interim
1080 3329 1109 3392 ei
1139 3327 1326 3402 sustinebit,
1356 3325 1495 3412 gradum
1525 3325 1672 3394 referet

439 3436 480 3500 ad
503 3434 695 3508 sacrarium,
720 3437 755 3497 et
777 3433 923 3499 vestibus
946 3435 1050 3499 sacris
1073 3440 1227 3500 exuetur.

530 3541 605 3605 401.
630 3540 664 3606 Si
689 3540 838 3606 tumulus
861 3560 919 3606 seu
954 3546 1101 3606 castrum
1131 3541 1255 3607 doloris
1286 3547 1385 3607 extra
1413 3541 1553 3607 chorum
1584 3543 1657 3609 aive

442 3648 687 3736 presbyterium
711 3648 776 3712 erit
791 3654 949 3724 erectum,
967 3653 1139 3733 postquam
1155 3649 1335 3714 Celebrans
1351 3648 1487 3714 indutus
1502 3651 1569 3714 erit
1584 3649 1659 3734 plu·

441 3757 531 3832 viali,
556 3759 590 3820 et
613 3753 840 3821 subdiaconus
865 3755 1004 3821 Crucem
1028 3758 1206 3842 sumpserit
1228 3776 1329 3840 seque
1358 3757 1447 3821 inter
1476 3755 1658 3842 acolythos

440 3865 614 3940 locaverit,
638 3862 803 3928 Diaconus
826 3883 909 3936 cum,
925 3864 1124 3930 Celebrante
1147 3871 1226 3930 ante
1258 3864 1377 3950 Altera
1406 3864 1519 3930 veniet
1548 3869 1585 3930 et
1613 3863 1658 3930 ad

443 3974 583 4040 Crucem
604 3967 816 4056 genuflectet.
839 3971 926 4036 Hinc
949 3973 979 4036 ei
1002 3972 1143 4037 biretum
1175 3971 1295 4047 tradet,
1326 3989 1451 4055 suoque
1480 3989 1501 4036 a
1530 3969 1658 4037 Onere-

443 4080 601 4147 moniario
624 4082 760 4163 accepto
784 4083 884 4164 caput
907 4077 1043 4163 operiet,
1067 4083 1102 4144 et
1124 4101 1160 4144 se
1175 4085 1375 4144 convertens
1391 4083 1429 4144 ut
1444 4078 1547 4144 choro
1563 4097 1659 4164 egm-

443 4189 562 4263 diatur‚
587 4203 654 4250 non
676 4183 812 4250 recedet
833 4204 853 4249 a
875 4182 1020 4253 sinistris
1044 4185 1262 4263 Celebrantis,
1275 4187 1328 4251 cui
1352 4183 1511 4251 fimbriam
1527 4175 1660 4252 interea

445 4295 602 4380 pluvialis
625 4292 812 4358 sustinebit.

532 4401 606 4467 402.
631 4399 682 4466 Ad
705 4404 805 4486 caput
827 4399 950 4466 tumuli
973 4400 1029 4466 ubi
1052 4399 1234 4479 devenerit,
1266 4400 1424 4466 subsistet
1452 4418 1526 4466 cum
1556 4399 1660 4466 (lele-

446 4508 564 4573 brante
587 4510 676 4575 inter
698 4508 818 4575 Altare
841 4513 875 4573 et
908 4509 1086 4585 tumulum,
1121 4506 1300 4574 advertens
1335 4513 1373 4574 ut
1406 4507 1557 4594 paullum
1590 4511 1662 4574 stet

447 4635 566 4684 versus
589 4635 695 4684 cornu
717 4616 897 4704 Epistolae,
915 4633 958 4686 ne
980 4621 1113 4704 tergum
1129 4614 1170 4681 ad
1186 4615 1305 4684 Altera
1319 4614 1446 4684 directe
1461 4619 1582 4684 vertat
1600 4613 1662 4682 (la-
