4175 5717
526 697 568 762 10
986 717 1053 767 tin.
1075 715 1098 765 t.

526 827 576 888 ln,
599 823 706 908 capnt
728 825 947 892 inclinabitur
968 845 1068 910 quum
1086 823 1209 892 Gloria
1223 824 1327 891 Petri
1346 843 1382 889 et
1402 824 1492 890 Ιῶ
1513 845 1547 890 er
1570 824 1647 909 Spi-

436 931 758 998 mammam
789 935 990 999 mmurin
1020 931 1211 998 &orout
1242 932 1436 996 recitabitur
1465 930 1645 997 indicia

436 1039 1414 1128 parimcdonlnnmenlctmllariaeetSmctiffliu
1445 1038 1647 1104 ποῦ-

435 1155 524 1214 cinn
544 1165 603 1211 aut
623 1151 895 1215 emmonim
915 1147 1118 1216 celebratur.
1141 1148 1207 1213 Sed
1229 1168 1271 1212 ne
1294 1151 1424 1234 saepiu
1445 1148 1560 1212 eaden
1575 1148 1647 1212 iru-

435 1278 508 1322 stra
528 1267 760 1326 retractemus,
783 1257 1055 1341 quatietcumque
1077 1255 1241 1342 oportebit
1263 1273 1362 1342 capnt
1385 1256 1550 1321 inclinare
1575 1259 1645 1321 suis

435 1367 587 1449 deincps
610 1361 691 1427 lucia
715 1363 914 1430 nctabimtts.

526 1473 575 1536 ll.
598 1469 707 1547 Quum
717 1471 911 1538 alternatim
926 1493 949 1538 a
963 1473 1074 1539 Charo
1088 1470 1272 1536 canendum
1287 1475 1363 1536 erit.
1379 1493 1456 1558 pars
1472 1473 1567 1537 illal'
1569 1473 1644 1540 leri.

434 1585 488 1647 cui
521 1599 643 1645 canere
676 1581 857 1665 contingit'
887 1580 1042 1646 uniformi
1078 1597 1193 1643 untur
1222 1595 1334 1644 tantm
1365 1580 1520 1645 videlieet
1549 1600 1646 1644 nemo

435 1691 607 1776 piusquam
629 1690 733 1752 ceteri
757 1707 871 1754 racem
894 1685 1010 1753 atterat
1042 1703 1103 1751 aut
1136 1687 1318 1752 submittat.
1343 1708 1439 1751 nemo
1469 1687 1645 1774 praecedat

433 1813 492 1861 aut
515 1809 674 1878 sequatur
694 1794 794 1868 aliem,
818 1795 875 1861 sed
898 1795 1012 1862 eadem
1035 1793 1243 1859 sillabarum
1270 1814 1484 1859 numerorum
1514 1816 1646 1860 wicum-

435 1925 501 1989 qne
522 1902 747 1968 mulctatione
770 1905 964 1969 unimanum
987 1899 1161 1967 ellnrment
1183 1919 1285 1987 atque
1302 1906 1490 1968 imernnum
1505 1923 1647 1969 concen-

435 2029 520 2076 tum:
544 2010 683 2094 ideoque
704 2030 748 2076 ne
769 2013 843 2095 quir
864 2032 886 2076 a
900 2011 1021 2076 ceteris
1035 2009 1192 2076 dissonet.
1208 2014 1371 2075 sociarum
1387 2012 1645 2076 modulationem

435 2121 524 2183 racis
546 2116 708 2183 attendat.
731 2118 840 2184 Porro
861 2119 890 2183 si
911 2119 985 2202 qni«.
1000 2134 1088 2182 earet
1104 2120 1160 2201 qui
1176 2117 1216 2182 ad
1232 2119 1376 2183 aliorum
1398 2137 1514 2184 tonum
1530 2139 1644 2184 rtttem

433 2246 527 2290 suam
550 2245 617 2290 non
639 2237 750 2311 posset
771 2243 979 2312 componere,
1002 2227 1108 2289 satius
1130 2228 1194 2289 erit
1217 2243 1257 2291 ut
1279 2227 1388 2294 sileat.
1410 2247 1507 2311 qnam
1540 2226 1643 2291 tissa

434 2354 514 2398 num
537 2331 657 2398 efficiat
679 2345 825 2398 cantum.

524 2441 575 2505 ta.
599 2437 751 2507 Officium
774 2439 865 2506 Gleri
887 2455 938 2505 ert
961 2441 996 2504 in
1019 2440 1131 2506 Charo
1152 2444 1312 2505 morantis.
1336 2442 1514 2508 silentium.
1539 2442 1646 2508 mode·

432 2551 530 2613 stiam
553 2547 734 2613 observare
754 2550 966 2631 animumque
988 2550 1021 2612 in
1046 2548 1149 2613 Deum
1174 2549 1358 2614 intendere.
1373 2550 1543 2615 abstinere
1556 2553 1644 2614 omni

432 2657 574 2730 actione,
596 2674 682 2738 qnae
702 2653 874 2720 levitatem
896 2663 954 2719 aut
989 2657 1242 2721 irreverentiam
1274 2655 1449 2742 significet:
1481 2677 1523 2722 ne
1552 2657 1644 2742 legat

431 2761 587 2828 videlicet
609 2762 727 2827 literas
751 2761 806 2828 rel
827 2761 1066 2847 ephemeridas,
1090 2783 1133 2828 ne
1157 2764 1310 2830 blateret.
1335 2763 1452 2832 rideat.
1483 2783 1526 2828 ne
1555 2764 1645 2829 alter

430 2873 530 2937 alteri
553 2874 753 2937 nicotianam
775 2870 948 2956 pulverem
968 2873 1144 2938 ministret.
1161 2892 1204 2937 ne
1219 2874 1284 2937 huc
1301 2872 1384 2938 illuc
1400 2889 1511 2937 vertat
1527 2871 1644 2936 oculos

431 2981 626 3066 praesertim
648 2978 690 3042 ad
713 2978 881 3064 populum.
895 2997 937 3042 ne
951 2977 1064 3043 sedeat
1080 2980 1233 3044 cruribus
1250 2979 1442 3044 decussatis.
1456 3000 1499 3044 ne
1514 2978 1646 3043 decum-

432 3088 487 3151 bat
503 3090 537 3152 in
553 3085 672 3152 stallis.
683 3103 784 3169 atque
798 3085 849 3149 his
862 3084 992 3153 similia:
1005 3086 1267 3170 quandoquidem
1284 3089 1312 3151 si
1328 3087 1410 3151 ardu
1425 3087 1593 3151 clericalis
1610 3089 1643 3150 in

430 3214 636 3279 quacumque
657 3196 789 3259 actione
811 3195 1008 3277 gravitatem
1032 3197 1253 3279 pietatemque
1269 3214 1362 3257 suam
1382 3194 1437 3258 rel
1454 3197 1486 3258 in
1504 3194 1643 3279 publicis

430 3306 493 3367 riis
517 3302 724 3389 praeseferre
747 3300 854 3376 debet,
878 3315 914 3364 ut
939 3302 1028 3366 iubet
1053 3302 1237 3367 Concilium
1267 3301 1494 3366 tridentinum.
1519 3318 1644 3385 quanto

432 3414 535 3496 magis
558 3410 728 3476 dedecebit
750 3408 863 3474 eadem
882 3410 914 3472 in
935 3410 1038 3473 choro
1062 3409 1119 3473 Dei
1145 3412 1280 3474 servitio
1305 3427 1461 3474 vacantes
1481 3407 1644 3473 abiicere?

523 3521 573 3584 13.
598 3520 706 3594 Quum
723 3537 859 3583 necesse
874 3518 975 3582 alicui
993 3519 1056 3581 erit
1074 3537 1093 3581 e
1108 3517 1212 3581 choro
1229 3520 1332 3582 exire.
1350 3533 1484 3603 praeter
1499 3538 1538 3582 ea
1560 3536 1644 3600 quae

433 3648 533 3714 supra
556 3629 751 3702 monuimus,
773 3624 924 3689 attendat
949 3641 985 3689 ut
1009 3645 1164 3709 egressus
1181 3645 1200 3689 e
1216 3625 1318 3689 stallo
1333 3639 1481 3689 transeat
1498 3646 1559 3709 per
1569 3625 1646 3689 che

433 3757 506 3801 rum
530 3735 670 3800 medium
694 3739 830 3819 gestant
854 3751 952 3796 manu
977 3733 1131 3807 biretum,
1156 3752 1243 3817 genu
1268 3732 1439 3797 submittat
1462 3743 1541 3797 ante
1564 3732 1645 3797 Gru·

434 3865 516 3921 cem,
539 3841 657 3907 deinde
680 3840 851 3906 inclinabit
874 3860 910 3905 se
933 3842 993 3904 toti
1011 3838 1112 3905 Clero
1127 3842 1266 3925 primum
1283 3858 1463 3905 conversus
1479 3840 1519 3904 ad
1538 3859 1643 3906 cornu

434 3949 607 4036 Evangelii
623 3956 737 4035 postea
762 3946 803 4012 ad
832 3947 923 4011 latus
954 3946 1134 4032 Epistolae.
1166 3947 1260 4022 Quod
1291 3934 1333 4011 si¹
1347 3948 1431 4012 adsit
1463 3947 1643 4014 celebrans

432 4068 567 4144 paratus
590 4065 682 4124 stans
705 4055 760 4121 vel
791 4054 909 4121 sedens
940 4056 973 4119 in
1001 4056 1114 4131 choro,
1149 4065 1320 4140 postquam
1350 4053 1571 4140 genuflexerit
1601 4056 1642 4120 ad

432 4187 575 4244 crucem,
599 4165 821 4231 reverentiam
844 4163 944 4227 faciat
967 4162 1155 4228 distinctam
1182 4163 1381 4238 Celebranti‚
1399 4175 1469 4227 tum
1485 4162 1525 4227 ad
1549 4163 1642 4227 illam

431 4274 526 4337 chori
538 4281 674 4359 partem,
687 4273 781 4337 cuius
797 4269 975 4355 principem
993 4269 1102 4334 locum
1117 4269 1297 4335 Celebrant
1314 4276 1462 4355 occupat,
1476 4277 1642 4356 postremo

430 4378 470 4443 ad
495 4388 622 4464 partem
645 4378 824 4465 oppositam
848 4376 907 4462 (a).

502 4596 545 4661 (a)
565 4593 595 4650 Si
615 4593 705 4659 chori,
724 4602 755 4649 ut
782 4591 871 4654 aiunt,
892 4592 1065 4647 Praefectus
1090 4590 1173 4656 adsit,
1193 4608 1211 4647 a
1235 4590 1347 4665 quode
1376 4609 1457 4647 more
1482 4601 1531 4648 aut
1556 4590 1638 4648 iuxta
