4175 5717
972 758 1038 806 ula.
1064 759 1097 806 11.

807 973 901 1046 Quae
923 974 994 1042 siat
1015 975 1274 1058 praeparando

517 1188 548 1253 2.
574 1183 692 1254 Altare
715 1190 820 1254 maius
844 1189 1064 1254 exornabitur
1080 1189 1183 1276 pallio
1200 1189 1359 1266 violaceo,
1375 1189 1517 1256 tobaleis
1534 1195 1570 1255 et
1585 1209 1650 1256 sex

431 1295 638 1360 candelabris
662 1317 704 1360 ex
728 1296 920 1362 aurichalco
946 1317 1021 1362 cunr
1053 1297 1199 1362 candelis
1230 1317 1272 1362 ex
1304 1317 1382 1362 cera
1414 1297 1581 1362 communi
1614 1305 1652 1364 et

432 1404 539 1469 Gruce
563 1403 662 1468 simili
688 1411 845 1490 cooperta
869 1405 944 1469 rolo
969 1405 1129 1470 violaceo.
1156 1404 1262 1492 Super
1284 1404 1441 1490 gradibus
1475 1409 1653 1470 sternetur

434 1517 580 1596 tapetum
603 1511 800 1576 violaceum.
826 1513 863 1575 ln
888 1512 1055 1577 Matutino
1078 1511 1249 1578 feriaev.
1276 1513 1465 1598 vespertino
1495 1517 1653 1598 tempore
1709 1581 1712 1588 ,

426 1619 550 1704 ¹Altare
575 1620 639 1682 erit
662 1620 794 1683 ornnino
817 1617 1018 1685 denudatum
1042 1627 1076 1684 et
1099 1619 1243 1686 aderunt
1271 1624 1400 1684 tantum
1435 1637 1495 1686 sex
1528 1617 1653 1686 cande·

432 1725 528 1790 labra
553 1745 596 1790 ex
618 1725 811 1790 aurichalco
826 1731 885 1790 aut
900 1747 944 1790 eu
959 1745 1038 1792 aere
1055 1747 1129 1792 curn
1147 1725 1295 1792 candelis
1312 1745 1355 1790 ex
1377 1745 1456 1792 cera
1478 1727 1652 1792 communi

431 1841 461 1898 et
488 1834 593 1898 Cruce
617 1842 774 1918 cooperta
797 1832 873 1898 velo
897 1835 1002 1918 nigro:
1027 1837 1218 1920 vespertino
1241 1840 1353 1898 autern
1369 1841 1519 1920 ternpore
1536 1833 1649 1900 feriae

433 1943 489 2006 Vl.
515 1941 556 2005 ad
581 1941 789 2018 blatutiuum,
826 1941 945 2006 Altare
975 1951 1013 2006 ut
1047 1945 1079 2007 in
1105 1941 1190 2007 feria
1213 1944 1328 2026 quinta
1351 1943 1416 2006 erit
1439 1939 1651 2027 dispositum,

433 2050 489 2114 sed
514 2049 605 2114 Crux
630 2049 695 2113 erit
716 2048 857 2114 detecta.

517 2159 547 2220 3.
578 2157 650 2232 Quo
673 2156 747 2222 loco
772 2157 923 2242 Epistola
946 2160 1076 2222 cantari
1100 2159 1195 2234 solet,
1221 2163 1389 2223 statuetur
1404 2155 1652 2224 caudelabrum

344 2259 346 2264 ’
431 2269 589 2352 ligneum,
614 2267 646 2329 in
671 2267 765 2330 cuius
789 2265 935 2331 culmine
960 2271 1108 2352 aptaturu
1134 2267 1198 2331 erit.
1222 2265 1425 2350 triangulum
1450 2265 1582 2352 pariter
1613 2263 1653 2330 li·

429 2395 560 2459 granu,
585 2371 671 2457 quod
702 2372 879 2438 sustinebit
901 2373 1087 2457 quindeciru
1112 2373 1267 2440 candelas
1298 2373 1454 2466 aequales
1484 2391 1529 2438 ex
1567 2393 1651 2438 cera

432 2483 608 2547 cornmuni:
633 2501 735 2567 prope
759 2480 994 2547 candelabrum
1017 2483 1126 2548 aderit
1149 2483 1245 2547 hasta
1269 2501 1343 2546 curu
1378 2481 1585 2548 extinctorio
1609 2479 1653 2546 ad

432 2589 588 2658 candelas
612 2589 854 2676 extinguendas
878 2596 913 2654 et
935 2591 1076 2656 seorsim
1101 2589 1354 2677 praeparabitur
1377 2587 1564 2654 scabellum
1590 2609 1652 2656 seu

434 2700 542 2764 brevis
566 2697 657 2764 scala
682 2711 718 2762 ut
740 2715 800 2763 suo
824 2703 972 2783 tempore
995 2701 1099 2785 possit
1122 2699 1196 2764 tolli
1221 2697 1368 2774 eandola,
1395 2714 1479 2781 quae
1500 2697 1535 2760 iu
1551 2717 1653 2762 surn-

431 2809 544 2873 iuitate
566 2807 631 2871 erit
654 2805 712 2890 (a).
737 2805 772 2871 Si
801 2805 919 2871 Altero
942 2817 1031 2876 esset
1058 2807 1230 2882 orientale,
1256 2825 1314 2872 sau
1342 2815 1485 2870 versum¹
1508 2803 1551 2870 ad
1586 2825 1651 2892 po-

431 2914 555 2999 pulum,
577 2919 617 2978 -ut
640 2914 674 2976 in
690 2911 844 2990 basilicis
862 2933 945 2998 quae
960 2913 1101 2979 formam
1118 2916 1287 2998 antiquam
1310 2913 1533 2988 retinuerunt,
1550 2931 1653 2998 prae-

433 3021 604 3106 parabitur
628 3021 726 3085 etiam
750 3020 884 3086 laterna
910 3021 1045 3107 grandis
1077 3022 1190 3108 lignea
1221 3041 1263 3086 ex
1295 3027 1364 3086 toto
1397 3019 1513 3084 clausa
1543 3039 1654 3108 prope

432 3128 525 3192 latus
551 3127 721 3213 Epistolao
745 3129 882 3206 Altaris,
907 3131 940 3194 in
964 3149 1028 3214 qua
1052 3129 1222 3195 condenda
1245 3135 1296 3194 ast
1326 3127 1466 3194 candela
1493 3146 1653 3194 accensa.

434 3235 549 3300 Aderit
573 3244 606 3300 et
629 3237 695 3300 alia
719 3237 814 3302 hasta
837 3239 963 3324 pariter
986 3240 1151 3303 instructa
1174 3237 1384 3312 extinctoria
1402 3254 1467 3319 qua
1483 3233 1655 3304 candelae

432 3363 532 3428 super
555 3343 665 3409 Altari
688 3344 843 3412 ardentes
867 3347 1017 3430 extingui
1042 3348 1178 3432 possint.

520 3453 550 3514 4.
574 3452 610 3515 In
635 3451 740 3517 medio
764 3453 866 3518 choro
889 3459 1032 3540 ponetur
1056 3453 1158 3538 legile
1182 3453 1314 3518 maioris
1340 3453 1466 3516 formae
1483 3453 1558 3518 sine
1577 3453 1655 3522 ullo

431 3567 636 3646 tegumento,
660 3561 716 3626 sed
741 3563 891 3647 imposito
915 3562 1012 3639 libro,
1030 3563 1086 3646 qui
1110 3565 1280 3627 contineat
1296 3561 1555 3627 lamentationes
1574 3583 1655 3630 oum

437 3667 523 3731 uritis
546 3669 679 3733 musicis
703 3674 737 3733 et
761 3669 921 3735 lectiones
944 3671 978 3735 iu
1003 3670 1167 3736 Matutino
1192 3667 1382 3734 cantandas.

917 3887 962 3954 la
983 3887 1168 3971 functione

520 4099 550 4162 5.
576 4100 610 4164 si
635 4098 752 4164 (llerus
776 4100 936 4166 ecclesiae
960 4103 994 4165 iu
1017 4121 1082 4186 qua
1105 4101 1256 4167 facienda
1279 4109 1330 4166 est
1361 4101 1500 4174 functio,
1537 4111 1656 4170 tenea·

436 4223 490 4271 cur
514 4224 673 4291 peragere
690 4205 841 4280 officium,
858 4215 935 4272 aute
953 4207 1153 4274 Matutinum
1171 4209 1367 4274 recitabitur
1385 4208 1654 4294 Courpletorium

434 4317 500 4380 ritu
516 4316 550 4379 in
567 4315 706 4380 rubricis
730 4315 894 4381 Breviarii
916 4317 1055 4383 Romani
1072 4319 1286 4404 praescripto.
1305 4317 1362 4382 Sin
1381 4316 1464 4382 haec
1485 4317 1654 4404 obligatio

436 4440 500 4487 urin
523 4425 598 4501 erit,
625 4423 883 4509 Oompletoriunr
907 4426 1089 4490 omittetur.
1203 4433 1206 4440 '

522 4565 564 4630 (a)
583 4563 694 4620 Omnes
713 4561 879 4619 candelabri
899 4565 1078 4634 trangularis
1108 4565 1250 4622 candelae
1278 4583 1345 4622 csso
1374 4565 1481 4621 debent
1509 4560 1548 4622 ex
1575 4565 1653 4628 cera

436 4652 590 4716 cormnuui,
611 4654 698 4709 etiarn
720 4653 767 4708 illu
787 4672 862 4730 quac
882 4655 910 4711 in
930 4653 1057 4712 culmine
1077 4654 1133 4710 erit
1152 4666 1182 4712 ot
1201 4675 1329 4716 accensa
1347 4653 1521 4712 seruabitur.
