4175 5717
520 749 541 810 o
968 765 1032 813 ms.
1058 769 1106 816 111.

433 879 560 944 Altaris
583 875 714 942 adesset
737 875 794 940 SS.
819 875 1080 952 Sacrarooutum,
1106 875 1286 942 Celebrans
1310 887 1344 942 et
1367 879 1436 964 ipse
1461 877 1563 944 faciet
1584 899 1645 964 ge·

434 983 665 1060 nulleuionem,
690 993 789 1066 atque
812 985 858 1046 ita
881 981 1034 1068 deinceps
1059 984 1093 1048 in
1116 989 1187 1048 tota
1210 983 1392 1050 iunctione.

519 1095 573 1160 26.
598 1095 631 1158 Si
654 1093 756 1158 fuerit
778 1090 847 1155 dies
870 1090 1050 1166 Doiuinica,
1076 1089 1129 1156 fiet
1153 1093 1300 1176 aspersio
1317 1112 1422 1176 aquae
1440 1091 1644 1160 benedictae.
1684 1071 1687 1080 ⁴

520 1205 573 1266 27.
598 1202 728 1266 Primus
752 1198 896 1263 clericus
912 1205 1013 1282 ponet
1027 1218 1128 1282 super
1144 1197 1245 1262 abaco
1262 1199 1405 1264 biretum
1424 1199 1644 1278 Celebrantis,

433 1309 549 1376 deinde
571 1329 590 1372 a
614 1306 759 1373 candelis
782 1303 1014 1370 benedicendis
1037 1305 1203 1370 amovebit
1226 1308 1362 1372 mantile
1386 1327 1445 1372 seu
1468 1307 1645 1386 tobaleam,

435 1439 498 1502 qua
522 1417 648 1482 fuerint
672 1419 857 1498 coopertae.

520 1525 573 1590 23.
599 1522 778 1588 Celebrans
801 1520 927 1585 medius
950 1520 1038 1584 inter
1062 1521 1241 1587 secundum
1266 1529 1299 1586 et
1322 1524 1458 1590 tertium
1483 1523 1647 1590 clericum

432 1632 589 1697 ascendet
612 1629 653 1694 ad
677 1629 805 1702 Altare,
829 1627 916 1711 quod
950 1626 1158 1692 osculabitur
1182 1630 1214 1692 in
1238 1627 1344 1694 medio
1375 1639 1409 1696 et
1432 1631 1474 1696 ad
1510 1631 1647 1697 blissale

433 1741 466 1803 in
490 1757 594 1803 cornu
619 1735 787 1820 Epistolae
812 1734 974 1798 transibit.
1000 1733 1123 1799 Clerici
1147 1754 1211 1799 non
1236 1734 1461 1820 genuflectent
1486 1737 1565 1804 dum
1590 1737 1647 1804 Ge·

432 1846 567 1911 lebrans
591 1843 709 1908 Altare
732 1841 948 1916 osculabitur,
973 1840 1030 1906 sed
1054 1843 1317 1926 perseverabunt
1339 1851 1430 1910 stare
1446 1865 1466 1908 a
1482 1845 1646 1910 lateribus

433 1955 504 2018 eius
528 1971 630 2035 usque
654 1949 731 2014 dum
754 1947 938 2014 benedictio
962 1947 1164 2034 perficiatur.

519 2060 572 2124 29.
598 2057 778 2125 Celebrans
803 2056 887 2121 facie
922 2075 1021 2120 versa
1043 2055 1084 2121 ad
1110 2056 1227 2122 Altare
1261 2064 1296 2124 et
1326 2059 1448 2124 iunctis
1483 2059 1646 2138 manibus,

432 2170 519 2234 dicet
542 2169 631 2232 elata
654 2187 735 2232 voce
758 2165 931 2230 Dominus
956 2164 1134 2230 vobiscum
1157 2173 1191 2230 et
1214 2166 1392 2251 subiunget
1413 2169 1561 2251 quinque
1577 2187 1647 2234 ora-

431 2279 537 2341 tiones
571 2295 630 2360 pro
665 2272 892 2340 benedictione
926 2271 1141 2336 candelarum
1165 2274 1398 2359 praescriptas.
1424 2273 1533 2348 Quum
1565 2293 1646 2340 can·

431 2384 524 2448 delas
555 2381 790 2447 benedicturus
821 2381 896 2454 erit,
927 2381 1072 2464 imponet
1103 2380 1213 2444 Altari
1244 2382 1411 2446 sinistram
1446 2388 1482 2446 et
1515 2383 1646 2468 signum

434 2491 548 2555 Crucis
572 2509 689 2554 versus
720 2486 875 2552 candelas
907 2486 1048 2552 dextera
1078 2486 1208 2564 efficiet,
1240 2488 1364 2553 clerico
1394 2487 1542 2554 secundo
1573 2487 1645 2574 firn-

432 2598 536 2662 briam
559 2597 717 2682 pluvialis
740 2598 811 2661 eius
835 2595 1043 2661 sublevante.

519 2705 573 2770 30.
597 2705 730 2768 Interea
752 2703 896 2770 clericus
919 2705 1044 2788 primus
1068 2703 1207 2789 accipiet
1230 2723 1273 2768 ex
1304 2703 1405 2768 abaco
1436 2703 1646 2770 thuribulum
1681 2725 1683 2732 ·

433 2815 465 2877 in
490 2833 553 2896 quo
576 2811 786 2896 praeparabit
808 2813 927 2896 ignem,
945 2818 980 2876 et
1000 2816 1130 2896 sumpta
1148 2810 1304 2875 navicula
1319 2810 1479 2878 subsistet
1495 2813 1529 2876 in
1547 2813 1647 2898 plano

433 2941 452 2984 a
475 2920 582 2984 latere
606 2917 786 3004 Epistulae.

519 3026 572 3092 31.
596 3025 680 3089 Dum
704 3025 898 3091 recitabitur
921 3027 1036 3110 quinta
1061 3027 1178 3102 oratio,
1203 3025 1346 3091 clericus
1363 3028 1484 3092 tertius
1500 3027 1649 3094 discedet

431 3155 450 3197 a
473 3135 609 3197 sinistra
632 3133 851 3208 Celebrantis,
876 3132 916 3196 do
940 3133 1051 3197 Altari
1076 3131 1254 3198 descendet
1277 3154 1298 3198 a
1320 3133 1438 3210 latere,
1464 3137 1580 3201 veniet
1607 3133 1648 3202 ad

431 3241 578 3316 abacum,
602 3242 741 3324 accipiet
764 3239 936 3304 vasculum
960 3260 1065 3323 aquae
1090 3239 1283 3305 benedictae
1307 3261 1381 3305 cum
1405 3245 1599 3328 aspersorio
1616 3249 1650 3310 et

432 3347 551 3412 redibit
573 3347 613 3412 ad
637 3347 755 3412 Altare
779 3346 939 3412 accedens
963 3346 1004 3411 ad
1028 3346 1201 3412 dexteram
1225 3349 1321 3433 primi
1345 3349 1461 3414 clerici
1485 3351 1543 3434 qui
1575 3349 1651 3416 thu·

433 3455 578 3519 ribulum
601 3475 675 3520 cum
699 3454 855 3519 uaricula
877 3453 1064 3518 sustinebit.
1476 3469 1478 3474 ·

519 3561 572 3628 32.
598 3562 761 3627 Absoluta
783 3564 898 3646 quinta
922 3563 1082 3638 oratione,
1107 3563 1232 3647 primus
1262 3562 1405 3628 clericus
1436 3583 1513 3629 cum
1544 3563 1653 3630 thuri-

433 3669 511 3735 bulo
535 3675 569 3734 et
592 3669 747 3734 nauicula
769 3668 810 3733 ad
836 3668 1068 3734 Celebrantem
1093 3669 1259 3736 ascendet.

519 3777 571 3841 33.
596 3777 694 3842 Alter
717 3777 861 3841 clericus
885 3796 960 3842 cum
984 3777 1108 3842 osculis
1134 3779 1264 3842 usitatis
1288 3779 1460 3843 incensum
1483 3781 1654 3846 ministra-

431 3886 481 3950 bit
503 3883 705 3958 Celebranti,
729 3885 784 3968 qui
818 3903 893 3949 cum
929 3883 1041 3954 debita
1072 3883 1302 3950 benedictione
1336 3886 1461 3952 iniiciet
1495 3885 1587 3954 illud
1619 3889 1652 3956 in

432 3991 651 4058 thuribulum.

519 4104 572 4169 34.
598 4103 730 4168 Tertius
754 4102 898 4169 clericus
923 4121 997 4168 oum
1021 4103 1209 4186 aspersorio
1233 4108 1268 4168 et
1298 4102 1435 4170 vasculo
1466 4123 1576 4188 aquae
1601 4105 1653 4174 be·

433 4213 583 4278 nedictae
606 4211 763 4276 ascendet
785 4211 826 4276 ad
851 4210 1095 4276 celebrantem.

520 4321 573 4386 35.
598 4318 769 4384 Secundus
792 4319 937 4384 clericus
961 4320 1102 4403 accipiet
1129 4321 1351 4403 aspersorium
1375 4325 1409 4385 et
1431 4340 1507 4385 cum
1525 4323 1650 4390 osculis

433 4427 538 4512 ipsum
562 4426 672 4492 tradet
695 4426 895 4504 Celebranti,
921 4428 975 4510 qui
999 4426 1156 4491 candelas
1180 4434 1337 4512 asperget
1352 4428 1385 4490 in
1401 4427 1520 4504 medio,
1538 4449 1559 4494 a
1576 4431 1651 4496 sini·

433 4537 511 4598 stris
545 4540 579 4598 et
612 4555 632 4598 a
665 4534 793 4599 destris
828 4537 906 4609 suis,
941 4535 1084 4597 recitans
1120 4533 1281 4598 submissa
1316 4555 1396 4600 uoce
1432 4535 1649 4622 antiphonam

433 4643 607 4725 dsperpes
630 4661 684 4707 me
707 4651 769 4708 eto.
794 4651 827 4708 et
850 4643 1075 4728 aspersorium
1101 4643 1257 4707 restituet
1279 4642 1424 4708 secundo
1441 4643 1580 4723 clerico,
1597 4645 1649 4712 hic

433 4757 544 4812 autem
568 4751 678 4814 tertio.
1386 4761 1388 4766 '
