4175 5717
518 693 562 754 66
985 709 1050 754 niu.
1077 709 1097 754 1.

431 814 511 879 dent
536 816 630 878 iuxta
653 813 801 878 ordinem
824 814 1040 900 possessionis
1064 815 1119 898 qui
1135 813 1284 899 singulos
1301 815 1445 900 respicit,
1466 813 1651 881 Celebrans

429 933 565 1005 paratus
590 941 719 1007 semper
745 921 859 985 ullimo
883 921 957 985 loco
982 927 1055 1007 posi
1083 921 1265 986 Canonicos
1290 921 1358 997 ibit,
1383 941 1422 986 ac
1446 923 1474 986 si
1497 941 1572 986 cum
1589 921 1651 990 Ce-

428 1028 584 1094 lebrante
607 1028 720 1092 lorenl.
743 1030 841 1092 eliam
866 1029 1021 1092 nonnulli
1046 1027 1252 1092 beneficiarii
1283 1029 1399 1113 parati,
1433 1029 1494 1114 ipsi
1518 1049 1652 1114 quoque

432 1143 700 1222 paramentorum
724 1156 841 1201 caussa
864 1135 982 1220 quibus
1006 1135 1196 1212 induentur,
1228 1142 1395 1222 postremo
1419 1135 1494 1200 loco
1510 1155 1653 1222 sequen·

431 1257 487 1309 tur
512 1264 588 1308 cum
612 1243 824 1310 Celebranle.

523 1352 572 1418 lo.
599 1349 631 1416 Si
657 1351 933 1436 Archiepiscopus
951 1351 1115 1427 intererit,
1134 1350 1224 1415 Crux
1247 1350 1540 1438 archiepiscopalis
1557 1370 1652 1438 prae·

433 1459 491 1522 ibit
515 1459 700 1534 Canonium,
728 1467 763 1522 ut
788 1458 926 1522 inferius
950 1457 1243 1522 ‹lemonslrabilur

524 1568 574 1630 17.
600 1567 676 1631 Posl
705 1565 936 1630 Celebrenrem
962 1564 1093 1629 incedet
1121 1563 1301 1650 Episcopus
1325 1583 1429 1652 cappa
1460 1559 1595 1630 indutus
1625 1567 1656 1632 si

432 1673 549 1748 uderil,
573 1694 612 1737 uc
637 1674 663 1736 si
687 1693 752 1737 non
769 1675 906 1758 ipsemet¹
922 1672 1106 1736 celebrabit
1130 1672 1343 1747 functionem,
1362 1678 1435 1756 post
1453 1673 1653 1760 Episcopum

429 1782 537 1844 celeri
562 1781 752 1855 Praesules,
778 1781 803 1844 si
828 1779 981 1854 aderunt,
1006 1785 1038 1842 el
1073 1779 1228 1843 Vicarius
1259 1778 1426 1862 generalis
1458 1787 1654 1863 sequentur,

431 1909 471 1952 eo
497 1895 607 1952 lamen
633 1886 821 1951 discrimine
840 1899 874 1950 ut
892 1885 1058 1972 digniore<
1075 1887 1208 1972 propius
1225 1885 1397 1971 Episcopo,
1415 1887 1522 1951 minus
1538 1893 1654 1954 autem

434 1995 523 2080 digni
549 1996 682 2080 longius
704 1995 824 2058 absint.
1282 1989 1284 1996 ’

523 2103 571 2165 18.
610 2102 825 2186 Magislralus
860 2121 917 2165 seu
953 2101 1076 2186 publici
1108 2105 1400 2186 repraesentantes
1431 2103 1458 2165 si
1495 2103 1656 2168 intersint

432 2212 535 2274 sacris
560 2209 785 2274 functionibus
810 2209 924 2273 babitu
951 2209 1081 2272 lor-muli
1111 2207 1226 2282 induli,
1259 2213 1398 2272 ulenlur
1430 2208 1592 2274 subsellio
1609 2209 1658 2274 di·

432 2320 554 2382 slinclo
578 2325 676 2382 extra
692 2318 936 2405 presbyterium
953 2324 1052 2400 utque
1070 2318 1102 2380 in
1120 2317 1384 2403 processionibus
1403 2317 1556 2383 incedent
1571 2325 1656 2384 ante

434 2426 575 2492 Crucem
601 2425 690 2491 Cleri
715 2425 887 2500 secularis,
912 2446 969 2489 seu
996 2425 1132 2490 Clorum
1165 2425 1355 2508 regularem
1389 2427 1478 2489 inter
1501 2432 1534 2490 et
1559 2446 1656 2492 secu·

435 2533 551 2608 larem,
576 2532 847 2617 quemadmodum
872 2532 1016 2597 dilucide
1039 2532 1234 2617 praescribil
1268 2532 1504 2617 Episcoporurn
1534 2533 1659 2600 Caere·

437 2641 590 2706 moniale.

605 2983 654 3038 DE
678 2982 826 3037 ouoluu
848 2981 885 3036 ΙΝ
907 2979 1245 3037 THUllll'lCATIONE
1265 2980 1479 3036 SERVANDO

997 3127 1083 3139 --—-

942 3305 1085 3371 CAPUT
1111 3307 1151 3369 V.

439 3613 467 3676 l.
491 3535 645 3685 Primo
662 3614 800 3676 huiusce
817 3611 893 3676 libri
904 3615 1010 3698 capite
1025 3613 1069 3677 de
1088 3614 1322 3679 Coercmoniis
1339 3613 1582 3679 communibus
1600 3633 1659 3678 no-

436 3719 578 3782 tavimus
602 3718 762 3801 quomodo
786 3718 982 3802 gestandum
1005 3722 1049 3784 sil.
1072 3721 1281 3785 tlmribulum
1306 3741 1434 3804 <piaque
1459 3721 1587 3785 rat-ione
1611 3723 1660 3786 sit

437 3825 624 3911 peragenda
649 3825 861 3891 thurificatio.
887 3828 1060 3891 Praesenti
1085 3834 1194 3891 autem
1215 3829 1322 3912 cupite
1344 3847 1479 3912 agemus
1511 3827 1552 3892 de
1580 3827 1659 3893 lhu-

436 3932 620 3997 rificalione
651 3954 671 3996 a
708 3933 908 3999 Celebrenle
945 3934 1133 4020 peragenda
1164 3936 1195 3998 in
1229 3935 1337 3999 blissis
1372 3933 1584 4011 solemnibus
1621 3936 1656 4001 in

437 4041 594 4125 Vesperis
619 4039 830 4108 solemnibus.
856 4047 889 4104 el
913 4043 945 4104 in
970 4042 1137 4106 Laudibus
1161 4044 1238 4106 ilem
1267 4041 1468 4106 solemnibus
1496 4061 1558 4106 nec
1587 4062 1656 4108 non

436 4147 476 4212 de
501 4147 591 4215 Cleri
615 4149 647 4210 in
672 4148 774 4211 cboro
798 4156 832 4212 el.
855 4156 1042 4213 ceterorum
1068 4152 1295 4214 ministrorum
1320 4151 1545 4215 incensalione
1562 4146 1624 4236 (α).

508 4307 549 4375 (o)
569 4307 664 4371 Quum
685 4306 713 4360 in
734 4305 788 4360 bor
808 4306 902 4378 primo
923 4306 995 4362 libro
1015 4321 1122 4379 egetur
1147 4309 1233 4364 elium
1264 4310 1300 4364 de
1325 4309 1510 4372 Celobrente,
1539 4308 1566 4364 in
1592 4310 1658 4366 lun·

438 4395 580 4450 orionibus
599 4396 778 4451 solemnibus
799 4395 1042 4452 l-burificulieuem
1065 4398 1174 4454 Aberis
1202 4416 1216 4453 a
1248 4399 1423 4456 Celeusum
1444 4399 1657 4471 peragendam.

436 4501 472 4538 ue
495 4497 576 4539 ostro
602 4485 697 4542 locum
723 4503 787 4541 oum
815 4503 999 4556 poneremus,
1028 4487 1082 4541 bor.
1113 4488 1208 4558 cupite
1238 4488 1461 4544 describendam
1492 4507 1559 4545 esse
1585 4506 1659 4546 cen·

439 4591 556 4627 suurms.
