4175 5717
615 695 681 762 356
1078 718 1144 766 cm.
1171 718 1192 764 1.

616 822 669 887 66.
694 823 766 887 Non
789 843 962 888 removere
978 823 1018 888 de
1034 822 1147 888 Alteri
1172 822 1300 889 cubitos
1323 844 1387 890 nec
1411 824 1503 889 terre
1518 843 1675 890 manuum
1692 843 1746 890 an·

525 930 646 995 ticulos
669 949 787 995 versus
810 929 956 996 frontem
979 930 1108 995 Altaria
1130 936 1206 1016 post
1228 932 1525 1006 consecrationem,
1542 937 1581 996 ut
1602 950 1746 997 commo-

524 1037 598 1102 dius
622 1033 876 1122 genuflectatur.

611 1144 664 1208 67.
690 1145 771 1209 Post
792 1144 1013 1209 elevationem
1036 1144 1173 1209 Hostiae
1196 1144 1352 1229 detegere
1377 1143 1533 1222 Calicem,
1558 1149 1674 1230 postea
1689 1163 1748 1230 ge-

527 1248 720 1317 nuflcctere.

614 1360 667 1424 68.
695 1360 856 1445 Accipere
880 1357 1024 1423 Calicem
1057 1358 1098 1423 ad
1123 1359 1224 1424 verba
1247 1358 1432 1442 Aem'pieus
1455 1367 1487 1426 et
1511 1360 1606 1426 6666
1632 1379 1750 1443 prae-

525 1469 665 1534 ctarum
691 1467 840 1532 Calicem
862 1485 961 1530 manu
986 1465 1128 1531 dextera
1151 1472 1290 1543 tantum,
1308 1486 1344 1530 os
1368 1473 1403 1531 et
1426 1487 1542 1532 nasum
1567 1465 1670 1533 Galici
1687 1468 1749 1532 im-

525 1592 658 1660 ponere,
682 1579 742 1637 aut
764 1573 928 1637 inclinare
951 1572 1086 1637 eumad
1110 1591 1146 1637 se
1169 1573 1224 1637 vel
1248 1574 1360 1639 Altari
1384 1572 1585 1659 applicatum
1616 1579 1749 1640 tenere.

613 1681 666 1746 69.
692 1681 728 1744 16
752 1679 938 1744 elevatione
961 1699 1028 1744 non
1053 1681 1145 1764 sequi
1169 1679 1275 1745 oculis
1299 1680 1448 1745 Hostiam
1465 1687 1500 1744 et
1512 1681 1667 1758 Calicem,
1686 1687 1751 1746 aut

524 1789 659 1855 elevare
682 1794 717 1853 et
739 1787 913 1852 demittere
937 1788 1033 1852 nimis
1057 1787 1266 1862 festinanter,
1290 1795 1349 1852 aut
1365 1788 1440 1874 plus
1456 1807 1562 1872 aequo
1579 1789 1749 1854 sustinere

511 1889 666 1962 'sublime
689 1896 723 1959 in
746 1900 959 1979 conspectum
981 1893 1195 1970 adstantium,
1219 1901 1278 1959 aut
1300 1897 1396 1960 nimis
1419 1895 1580 1960 attollere
1596 1897 1750 1960 extensis

526 2008 735 2067 monstruose
758 2001 911 2077 brachiis,
935 2007 995 2066 aut
1017 2007 1084 2066 tam
1108 2021 1225 2087 parum
1253 2002 1473 2067 attollerent
1503 2002 1647 2088 conspici
1678 1983 1749 2066 non

527 2111 662 2196 possint,
686 2114 745 2174 aut
768 2107 930 2173 elevando
953 2128 1054 2193 super
1077 2115 1178 2194 caput
1200 2128 1333 2195 ponere,
1351 2116 1410 2173 aut
1427 2108 1570 2174 calicem
1586 2108 1748 2173 osculari.

615 2215 667 2279 70.
693 2214 809 2279 Verba
831 2213 929 2280 Haec
957 2216 1244 2300 quotiescumque
1273 2222 1337 2280 etc.
1369 2220 1517 2300 tempore
1548 2214 1751 2280 elevationis

526 2323 646 2398 dicere,
671 2342 737 2387 non
760 2327 833 2407 post
857 2321 1122 2387 Consecrationis
1148 2322 1250 2387 verba
1273 2322 1350 2387 dum
1373 2320 1622 2408 genuflectitur.

614 2431 666 2493 71.
692 2429 764 2493 Non
787 2426 1012 2513 genuflectere
1036 2448 1140 2512 usque
1165 2431 1198 2492 in
1223 2436 1358 2506 terram,
1383 2429 1438 2494 vel
1455 2425 1684 2514 genuflectere
1701 2429 1752 2494 in-

528 2539 690 2604 concinne
714 2542 749 2601 61
771 2542 1003 2622 properanter.

615 2643 666 2708 72.
692 2643 764 2707 Non
788 2649 904 2707 tenere
927 2643 1068 2727 pollices
1091 2649 1126 2707 et
1149 2642 1272 2708 indices
1296 2644 1426 2708 iunctos
1450 2663 1470 2707 a
1493 2641 1751 2708 consecratione

529 2750 695 2836 usquead
719 2749 990 2836 purificationem,
1015 2756 1076 2814 aut
1098 2750 1247 2815 Hostiam
1271 2755 1410 2836 tangere
1433 2749 1544 2835 digitis
1575 2749 1753 2814 inferiori-

529 2858 598 2932 bus,
623 2863 682 2923 aut
704 2856 823 2941 digitos
847 2857 927 2922 istos
950 2876 1017 2921 non
1040 2857 1222 2923 extendere
1246 2876 1346 2941 quum
1370 2858 1519 2923 Hostiam
1541 2858 1691 2942 accipiet.

617 2965 670 3030 73.
695 2965 826 3029 Ponere
849 2983 965 3028 manus
989 2965 1120 3029 iunctas
1145 2985 1244 3049 super
1268 2965 1387 3029 Altera
1410 2966 1544 3029 omnino
1564 2966 1655 3029 intra
1677 2983 1754 3030 cor·

530 3071 646 3159 porale
669 3083 743 3156 post
765 3072 1049 3136 consecrationem
1074 3091 1138 3136 non
1163 3071 1329 3155 sequendo
1353 3073 1629 3160 praescriptiones
1652 3091 1673 3136 a
1693 3091 1754 3137 vu·

531 3180 622 3245 brica
645 3197 820 3265 expressas
851 3198 917 3243 una
943 3180 976 3242 in
1007 3185 1203 3264 perpetuum
1227 3181 1299 3244 vice
1329 3180 1401 3244 sine
1434 3179 1505 3243 ulla
1534 3178 1752 3246 distinctione

531 3292 592 3351 aut
615 3285 820 3350 limitatione.

619 3393 670 3456 74.
696 3393 838 3457 Pansam
861 3393 974 3458 facere
997 3395 1030 3457 in
1055 3395 1365 3459 commemoratione
1388 3393 1621 3458 defunctorum
1650 3401 1754 3462 ante-

533 3520 630 3584 quam
653 3499 784 3565 dicatur
807 3500 871 3584 qui
891 3520 955 3566 uos
976 3499 1250 3583 praecesserunt
1273 3507 1335 3566 etc.
1360 3507 1419 3565 aut
1442 3501 1512 3565 alta
1534 3519 1616 3566 voce
1636 3499 1753 3567 dicere
1785 3479 1798 3518 ⁴

535 3608 709 3673 Memeuto
732 3610 846 3681 etiam,
870 3608 1026 3684 Domine,
1051 3616 1110 3673 aut
1132 3608 1279 3691 reliquas
1303 3608 1404 3690 Ipsis,
1430 3607 1575 3674 Domine
1597 3613 1662 3672 etc.

619 3716 670 3780 75.
696 3717 817 3780 Pectus
841 3735 905 3780 666
930 3716 1040 3800 digitis
1064 3716 1170 3781 tribus
1194 3716 1406 3781 inferioribus
1430 3722 1615 3801 percutere,
1633 3723 1669 3780 et
1694 3737 1753 3782 re-

533 3824 632 3907 liquis
657 3823 778 3887 iunctis
802 3829 941 3907 tangere
964 3823 1113 3888 casulam
1137 3823 1178 3888 ad
1201 3822 1309 3889 Nobis
1332 3841 1473 3908 666666
1492 3821 1752 3905 peccatoribus,

538 3931 578 3996 ad
602 3931 727 4014 Apuus
750 3930 823 4005 Det,
849 3929 889 3994 ad
914 3917 1059 3997 Domiue
1081 3950 1153 3997 uou
1175 3951 1255 3997 sum
1278 3931 1418 4014 diguus.
1490 3992 1497 4004 ,
1745 3945 1747 3950 '

621 4039 673 4102 76.
699 4037 868 4102 lnclinare
891 4044 990 4123 caput
1018 4037 1156 4103 dicendo
1187 4037 1296 4105 Nobis
1324 4057 1466 4123 666666
1490 4037 1752 4120 peecatoribus,

532 4152 591 4212 aut
614 4146 684 4211 alta
708 4165 789 4210 voce
812 4145 923 4210 dicere
946 4148 1045 4210 etiam
1059 4147 1205 4231 famutis
1222 4147 1291 4213 tuis
1307 4167 1382 4211 cum
1399 4146 1549 4230 suspirio,
1567 4145 1621 4210 vel
1638 4144 1753 4213 dicere

535 4256 646 4321 Ameu
669 4261 746 4318 ante
771 4255 842 4319 Pcr
865 4273 970 4338 quem
992 4255 1078 4320 6666
1100 4256 1217 4322 omniu
1241 4261 1303 4320 etc.

621 4363 673 4424 77.
700 4361 807 4446 Gaput
830 4361 929 4424 etiam
954 4361 1117 4427 inclinare
1141 4361 1182 4427 ad
1206 4364 1409 4444 Praeceptis
1431 4360 1660 4436 salutaribus,
1693 4369 1756 4429 aut

533 4469 676 4532 recitare
699 4469 760 4533 illa
782 4469 906 4555 apertis
929 4467 1089 4542 manibus,
1112 4476 1173 4535 aut
1195 4471 1310 4536 oculos
1334 4490 1402 4536 666
1423 4469 1567 4555 defigere
1582 4470 1616 4534 in
1634 4468 1756 4536 Sacra·

537 4581 684 4640 mentum
707 4596 806 4660 quum
831 4574 1026 4641 recitabitur
1051 4577 1158 4643 Pater
1188 4585 1314 4645 noster.
1343 4583 1402 4643 aut
1431 4585 1583 4663 patenam
1606 4576 1648 4642 66
1671 4598 1755 4644 cov-
