4175 5717
524 673 602 738 322·
988 691 1053 738 mn.
1077 693 1097 738 1.

435 801 538 864 vitate
561 799 706 865 elevabit
728 801 775 864 ita
797 804 836 864 ut
858 800 962 884 possit
977 799 1122 884 conspici
1139 798 1179 864 ab
1195 798 1415 874 adstantibus,
1431 817 1504 864 eam
1520 819 1656 886 semper

435 907 541 973 oculis
565 925 715 990 sequens.
739 907 856 971 Hostia
877 904 1066 972 elevabitur
1088 905 1179 971 linea
1203 911 1305 982 recta,
1333 925 1440 990 neque
1462 911 1561 972 extra
1573 925 1655 972 cor-

433 1013 557 1099 porale:
582 1012 754 1078 cavebitur
777 1032 819 1077 ne
843 1013 939 1076 nimis
962 1011 1151 1089 attollatur,
1182 1011 1326 1077 brachiis
1359 1011 1454 1078 modo
1484 1011 1656 1080 indecenti

434 1120 614 1206 productis,
638 1140 703 1185 neu
727 1139 844 1206 parum
867 1119 1030 1196 elevetur,
1050 1111 1205 1185 'brachiis
1236 1120 1372 1185 nimium
1398 1120 1556 1186 curvatis·
1590 1139 1655 1186 nec

433 1228 653 1292 sustinebitur
675 1227 828 1292 moratim
852 1224 1012 1302 sublimis,
1036 1245 1098 1291 nec
1121 1231 1189 1291 tam
1212 1225 1371 1292 celeriter
1394 1225 1594 1304 elevabitur,
1615 1231 1656 1294 ut

434 1333 549 1399 fideles
572 1332 703 1398 deficiat
725 1339 854 1419 tempus
878 1352 951 1397 eam
979 1332 1138 1410 intuendi,
1170 1333 1290 1399 nedum
1320 1331 1489 1399 adorandi:
1519 1331 1656 1400 cavebit

434 1443 533 1505 ctiam
557 1441 738 1506 Celebrans
762 1440 855 1521 illam
885 1439 1046 1505 attollens
1071 1459 1111 1504 ne
1142 1460 1242 1526 super
1272 1447 1372 1526 caput
1401 1461 1497 1506 suurn
1528 1441 1653 1506 mittat.

435 1549 524 1614 Haec
546 1550 655 1613 omnia
678 1546 842 1614 servanda
865 1547 965 1612 etiam
987 1555 1067 1612 sunt
1090 1549 1123 1612 in
1148 1547 1269 1614 Calicis
1292 1549 1490 1614 ostensione.

521 1656 573 1720 89.
598 1657 780 1720 Demittens
805 1661 915 1720 autem
939 1655 1088 1720 Hostiam
1112 1675 1212 1741 super
1236 1655 1420 1741 corporale,
1445 1675 1544 1740 quum
1569 1673 1653 1742 pro-

433 1764 522 1826 xima
546 1763 604 1847 ipsi
628 1764 702 1838 erit,
729 1767 867 1846 reponet
890 1781 961 1826 eam
985 1769 1183 1828 reverenter
1206 1761 1346 1829 dextera
1368 1767 1508 1838 tantum,
1525 1781 1566 1828 ac
1589 1781 1653 1850 ge-

434 1869 658 1937 nuflexionem
681 1869 823 1935 iterabit.

520 1979 573 2044 90.
600 1977 730 2043 Exinde
752 1997 857 2061 usque
880 1983 956 2061 post
977 1976 1183 2042 ablutionem
1206 1996 1363 2043 manuum
1387 1995 1554 2061 nunquam
1579 1993 1654 2042 am-

434 2086 520 2172 plius
543 2085 777 2170 disiungantur
799 2083 938 2170 pollices
962 2089 996 2150 et
1018 2082 1153 2160 iudices,
1174 2085 1238 2150 nisi
1261 2103 1361 2168 quum
1384 2085 1500 2150 Hostia
1529 2103 1654 2150 conee-

432 2201 527 2259 crata
550 2192 717 2278 tangenda
739 2194 791 2269 sit;
815 2212 882 2276 qua
905 2191 945 2257 de
969 2211 1088 2272 caussa
1111 2193 1146 2256 in
1170 2192 1364 2258 evolvendis
1388 2191 1532 2258 Missalis
1549 2191 1654 2272 foliis,

430 2302 559 2388 pagina,
576 2320 660 2384 quae
684 2299 870 2365 evolvenda
893 2301 967 2378 erit,
986 2299 1097 2384 digitis
1124 2299 1229 2365 medio
1247 2306 1281 2364 et
1296 2300 1451 2365 annula'ri
1467 2299 1511 2366 ad
1526 2301 1656 2366 taenio·

434 2409 501 2474 lam
524 2407 606 2473 folio
632 2407 867 2473 adhaerentem
884 2407 1075 2492 accipietur.
1093 2407 1233 2492 Ibsuper
1249 2405 1398 2492 proderit
1412 2407 1467 2472 hic
1483 2411 1653 2492 repetere,
1732 2463 1736 2474 .

433 2513 519 2600 quo'd
543 2515 681 2601 posthac
703 2519 820 2580 manus
844 2513 1010 2599 corporali
1034 2533 1163 2600 semper
1186 2514 1404 2600 imponentur,
1429 2521 1467 2580 ut
1497 2515 1653 2601 superius

433 2629 587 2689 notatum
609 2631 669 2699 est,
694 2642 859 2706 quumque
883 2641 983 2708 super
1007 2621 1124 2686 Altare
1148 2623 1281 2687 iunctae
1304 2641 1377 2688 esse
1391 2620 1569 2699 debebunt,
1582 2639 1653 2688 non

431 2731 601 2817 ponendae
625 2731 760 2796 suntin
783 2729 960 2815 corporali,
987 2729 1134 2794 Hostiam
1159 2727 1230 2794 fere
1246 2728 1412 2814 tangendo
1428 2729 1590 2796 extremis
1605 2727 1655 2794 di·

431 2839 521 2923 gitis,
544 2837 601 2903 sed
625 2843 727 2903 erunt
748 2835 964 2922 applicandae
987 2835 1082 2902 modo
1106 2836 1239 2914 usitato,
1263 2835 1356 2922 digiti
1379 2855 1496 2922 nempe
1524 2835 1655 2902 minimi

431 2946 578 3010 frontem
602 2944 728 3010 Altaria
751 2945 956 3029 contingant.

326 3043 331 3048 ’
520 3054 572 3118 91.
598 3052 784 3118 Notandum
814 3057 848 3116 et
879 3050 973 3126 illud,
1005 3050 1092 3134 quod
1122 3057 1294 3137 postquam
1324 3051 1440 3118 Hostia
1470 3053 1579 3138 posita
1608 3054 1656 3119 sit

431 3180 530 3246 super
552 3159 739 3246 corporale,
768 3177 834 3225 non
859 3165 911 3224 est
934 3158 1031 3224 Galix
1055 3162 1166 3224 statim
1183 3159 1395 3244 detegendus,
1412 3161 1489 3244 quia
1504 3159 1654 3228 nondum

431 3275 646 3334 consecratus
670 3275 730 3333 est.

518 3376 570 3440 92.
595 3377 711 3460 Itaque
734 3373 967 3460 genuflexione
989 3382 1136 3461 peracta,
1161 3375 1305 3442 Calicem
1328 3375 1463 3462 deteget
1481 3378 1652 3465 accipiens

430 3481 553 3568 pallam
577 3484 666 3547 inter
689 3482 809 3568 digitos
833 3483 973 3548 indicem
997 3495 1032 3548 et
1055 3483 1196 3549 medium
1220 3482 1391 3559 dexterae,
1407 3503 1447 3550 ac
1463 3482 1581 3570 pedem
1597 3505 1654 3552 ca·
1684 3559 1686 3564 ,

429 3590 502 3654 licis
527 3591 663 3655 sinistra
686 3593 863 3657 sustinens.
888 3593 970 3657 Rem
994 3611 1106 3677 porro-
1119 3599 1293 3676 utramque
1316 3598 1520 3677 exsequetur
1547 3613 1653 3680 quum

429 3695 583 3782 deinceps
608 3696 755 3763 Calicem
778 3707 957 3784 operturus
980 3704 1039 3765 aut
1062 3697 1255 3764 detecturus
1280 3699 1353 3763 erit.

517 3805 570 3870 93.
595 3805 734 3870 Detecto
757 3806 871 3884 calice,
895 3807 1015 3893 digitos
1038 3807 1180 3893 desuper
1203 3809 1352 3873 excutiet
1366 3806 1498 3885 leviter,
1514 3810 1542 3874 si
1559 3809 1652 3878 forte

430 3913 469 3975 iis
492 3911 718 3997 fragmentum
742 3914 849 3979 ullum
872 3914 1085 3992 adhaesisset,
1111 3933 1233 3998 eosque
1255 3914 1424 4001 absterget
1447 3917 1517 3982 sive
1548 3935 1653 3984 excu·
1713 3961 1716 3966 -

430 4019 491 4084 tiet
514 4038 579 4084 non
603 4019 645 4085 ad
670 4022 851 4106 marginem
873 4021 929 4087 sed
954 4024 987 4086 in
1011 4022 1152 4088 medium
1175 4021 1277 4087 illius.
1302 4020 1337 4086 Id
1354 4019 1411 4086 flet
1429 4023 1652 4106 quotiescum-

430 4145 492 4208 que
516 4133 675 4211 tangetur
699 4127 824 4204 Hostia,
848 4135 883 4194 et
905 4131 994 4195 inter
1018 4129 1138 4214 digitos
1162 4129 1385 4214 fragmentum
1396 4128 1530 4214 aliquod
1548 4111 1649 4216 repe-

430 4235 547 4310 riatur,
574 4241 611 4300 ut
634 4236 732 4301 docet
757 4236 899 4301 rubrica:
924 4257 1027 4320 quare
1051 4237 1083 4303 id
1105 4236 1177 4301 fieri
1201 4237 1324 4323 poterit
1347 4236 1487 4321 singulis
1519 4235 1648 4304 vicibus

431 4342 594 4405 cautionis
619 4363 744 4444 caussa,
769 4363 868 4427 quum
893 4364 958 4407 non
982 4346 1037 4409 ita·
1053 4344 1152 4409 facile
1176 4346 1219 4409 sit
1242 4344 1314 4409 solo
1338 4350 1429 4410 tactu
1454 4345 1586 4410 novisse
1603 4363 1646 4410 an

433 4445 622 4530 fragmenta
647 4451 717 4516 ulla
740 4453 850 4537 digitis
873 4451 1095 4516 adhaeserint.

522 4555 575 4619 94.
601 4559 681 4626 Post
705 4561 787 4627 haec
810 4566 901 4625 stans
926 4565 1057 4624 erectus
1081 4557 1168 4624 dicet
1191 4558 1305 4626 Simili
1332 4559 1432 4628 modo
1455 4565 1645 4646 postquam
