4175 5717
522 777 587 841 Ι398
986 791 1052 841 nm.
1079 789 1099 840 1.

519 901 573 966 28.
598 901 708 976 Quum
733 901 915 968 celebrans
940 899 1162 984 Evangelium
1187 903 1324 965 canmre
1340 891 1485 986 incipiet,
1502 893 1571 966 duo
1586 895 1660 966 cla·

434 1011 493 1074 rici
517 1015 733 1094 consurgent,
757 1013 889 1096 etpost
912 1007 1134 1094 Evangelium
1169 1005 1416 1093 respondebunt
1449 1005 1550 1076 Lacca
1582 1003 1659 1082 aba

436 1118 581 1194 Christe,
606 1117 694 1202 quod
716 1137 736 1182 a
759 1117 863 1182 choro
886 1135 1092 1200 nequaquam
1118 1113 1349 1200 respondetur.

519 1225 572 1290 29.
597 1225 680 1290 Post
703 1231 873 1291 cantatum
897 1212 1118 1308 Euangelium
1134 1222 1376 1308 geniculabunt
1391 1241 1509 1310 rursus
1527 1221 1562 1286 in
1577 1219 1659 1286 loco

433 1337 574 1416 uterque
597 1352 658 1397 suo
682 1337 716 1398 et
738 1329 834 1398 flexis
856 1330 996 1416 genibus
1018 1329 1200 1397 manebunt
1223 1329 1329 1396 donec
1354 1328 1536 1396 Oelebraua
1552 1323 1659 1396 offar-

432 1442 511 1506 torii
534 1459 670 1505 versum
693 1439 825 1524 legerit.

519 1547 573 1612 30.
599 1545 633 1612 Si
657 1544 842 1612 cantandus
865 1548 932 1611 erit
954 1545 1143 1632 Symbolus,
1168 1544 1307 1631 genibus
1343 1541 1439 1610 flexis
1472 1541 1660 1612 manabunt

433 1654 548 1719 clerici
571 1653 649 1718 dum
672 1673 692 1718 a
716 1652 915 1719 Celebrsute
939 1652 1146 1719 recitabitur:
1170 1650 1212 1718 ad
1236 1657 1268 1728 t.
1293 1651 1338 1720 Et
1352 1653 1563 1720 incantatus
1580 1671 1659 1738 pro-

433 1759 535 1825 funde
558 1760 819 1826 inclinabuntur:
836 1760 877 1826 ad
894 1759 997 1826 verba
1020 1765 1134 1825 autem
1158 1759 1203 1828 Et
1225 1761 1334 1828 vitam
1355 1759 1501 1828 venturi
1520 1759 1660 1826 saeculi

432 1888 467 1932 se
491 1866 680 1953 signabuut,
704 1872 919 1953 consurgent,
936 1867 1075 1934 coibunt
1090 1873 1169 1933 aute
1186 1867 1315 1944 Altare,
1332 1863 1561 1952 genuflectent
1575 1865 1657 1932 dum

433 1975 615 2042 celebrans
638 1975 811 2042 inclinabit
833 1981 934 2062 caput
955 1975 997 2040 ad
1022 1975 1172 2054 Crucem,
1186 1982 1220 2042 et
1243 1974 1399 2042 redibunt
1414 1974 1456 2042 ad
1472 1993 1656 2042 scamnum.

433 2083 480 2148 lbi
503 2081 641 2149 stabunt
667 2104 687 2148 a
720 2083 882 2149 lateribus
914 2082 1133 2158 celebrantis,
1169 2084 1239 2149 aius
1269 2088 1399 2170 partem
1434 2085 1656 2170 posteriorem

431 2191 586 2276 planetae
609 2190 769 2256 attollent
791 2193 982 2278 primusque
1005 2190 1151 2256 clericus
1174 2190 1319 2256 biretum
1353 2192 1383 2256 ei
1420 2210 1495 2256 cum
1529 2189 1657 2258 osculis

434 2297 614 2383 praebebit.

520 2405 573 2470 31.
598 2404 736 2480 Dumt.
760 2406 1040 2474 reinsumatur
1065 2405 1265 2482 cantabitur,
1289 2406 1415 2491 primus
1440 2401 1593 2474 Glaricus
1609 2405 1659 2472 in-

432 2518 514 2578 nuet
537 2511 729 2580 Celebrauti
754 2518 792 2578 ut
814 2519 915 2600 caput
938 2516 1076 2600 aperiat,
1102 2513 1197 2580 ambo
1219 2519 1330 2579 autem
1354 2513 1478 2579 iunctis
1501 2511 1657 2580 manibus

408 2687 410 2691 .
432 2627 466 2685 et
481 2622 590 2706 capite
614 2621 775 2686 inclinato
798 2621 840 2686 ad
863 2641 997 2688 versum
1014 2621 1111 2686 illum
1128 2621 1371 2707 geniculabuut
1386 2620 1506 2688 Altare
1522 2641 1657 2690 versus.

520 2728 573 2793 232.
596 2729 663 2794 Sub
687 2727 785 2794 finem
808 2728 958 2816 Symboli
982 2730 1117 2806 cantati,
1142 2729 1267 2814 primus
1291 2729 1434 2796 clericus
1464 2728 1613 2796 biretum
1637 2749 1658 2796 a

433 2836 633 2903 Celebrante
656 2825 811 2922 recipiet,¹
829 2836 915 2922 quod
939 2837 973 2901 iu
997 2855 1132 2902 scamno
1157 2837 1333 2922 relinquet
1359 2843 1394 2904 et
1426 2837 1561 2922 utrique
1598 2835 1682 2906 Ge·-

429 2944 616 3008 lebrautem
640 2965 759 3010 rursus
782 2943 822 3012 ad
846 2945 965 3010 Altare
989 2944 1246 3023 comitabuntur,
1272 2946 1411 3010 usitatas
1428 2949 1657 3028 exsequentes

430 3054 637 3117 reverentias
660 3050 701 3116 ad
725 3053 863 3117 chorum
887 3059 922 3118 et
944 3049 1211 3137 genuflexionem
1236 3051 1275 3117 ad
1301 3052 1453 3120 Crucem.
1472 3053 1658 3138 Postquam

429 3159 632 3224 sustulerint
654 3161 900 3225 extremitatem
923 3161 1126 3224 anteriorem
1150 3161 1291 3226 vestium
1310 3159 1521 3226 celebrantis
1538 3159 1580 3226 ad
1597 3159 1659 3226 Al·

430 3275 504 3330 tare
528 3265 748 3344 ascendentis,
760 3267 835 3333 loco
860 3273 1002 3352 uterque
1018 3288 1079 3332 suo
1104 3270 1136 3332 iu
1153 3266 1264 3332 infimo
1277 3267 1385 3352 gradu
1400 3266 1657 3353 geniculabunt.

517 3373 571 3436 323.
597 3373 699 3438 Lecto
723 3395 743 3438 a
767 3374 967 3440 Celebraute
991 3371 1151 3439 offertorii
1167 3393 1277 3452 versu,
1294 3375 1421 3461 primus
1438 3375 1585 3441 clericus
1604 3395 1660 3444 aa·

431 3486 558 3563 surget,
583 3479 682 3546 vadet
704 3481 745 3546 ad
769 3502 949 3559 scamnum,
974 3486 1083 3547 sumet
1106 3481 1282 3568 ampullas,
1299 3489 1338 3548 ut
1361 3483 1394 3548 in
1411 3482 1521 3548 Missis
1545 3481 1658 3562 lectis,

432 3605 553 3670 casque
577 3585 708 3653 deseret
730 3588 771 3653 ad
795 3591 922 3656 Altare.

518 3693 572 3759 34.
597 3695 818 3781 Posteaquam
841 3699 1021 3764 Gelebrans
1047 3700 1160 3764 viuum
1186 3705 1220 3764 et
1243 3717 1361 3783 aquam
1387 3699 1420 3762 in
1445 3696 1593 3764 Calicem
1611 3699 1658 3770 in·

433 3801 565 3878 sudarit,
590 3804 780 3888 primusque
803 3805 948 3871 clericus
971 3807 1152 3893 ampullam
1177 3807 1245 3871 vini
1269 3804 1309 3870 ad
1326 3804 1464 3870 abacum
1482 3805 1657 3884 retulerit,

433 3913 586 3996 assurget
608 3908 707 3986 alter,
731 3909 996 3996 genuflexionem
1020 3915 1053 3978 in
1079 3912 1185 3978 medio
1209 3910 1330 3978 efficiet
1360 3910 1400 3976 ad
1432 3911 1585 3990 Crucem,
1620 3933 1657 3980 se

434 4019 474 4088 ad
494 4017 626 4083 laevam
650 4019 746 4103 prirui
769 4017 928 4106 adiunget
950 4040 1051 4107 super
1075 4020 1214 4106 gradum
1243 4020 1449 4106 superiorem
1480 4019 1513 4083 in
1546 4039 1656 4086 cornu

435 4125 610 4218 Epistulae,
636 4124 836 4210 pelviculam
859 4147 934 4190 cum
957 4147 1062 4212 aquae
1092 4129 1241 4213 ampulla
1273 4133 1391 4202 sumet,
1421 4127 1548 4212 primus
1581 4147 1656 4192 ma-

438 4233 624 4318 nutergium
647 4233 717 4296 sire
733 4230 947 4311 sudariolum,
965 4243 999 4300 et
1015 4255 1082 4300 una
1098 4235 1336 4300 ministrabunt
1352 4233 1544 4300 Celebranti
1560 4233 1657 4300 ablu·

440 4355 558 4422 lionam
568 4357 737 4413 manuum,
752 4345 827 4422 post
842 4359 938 4422 quam
955 4341 1069 4408 eadem
1088 4344 1198 4406 omma
1214 4343 1255 4406 ad
1266 4342 1405 4407 abacum
1422 4340 1653 4427 reportabunt.

524 4447 577 4518 35.
599 4445 732 4512 Primus
754 4444 895 4530 accipiat
916 4449 1158 4535 campanulam,
1183 4469 1218 4514 se
1242 4449 1402 4534 adiunget
1388 4447 1544 4526 talteri‚
1571 4447 1657 4514 redi·

443 4573 523 4648 me
541 4559 620 4628 ante
640 4549 771 4628 Altam,
786 4549 1013 4636 genuflectant
1027 4554 1069 4621 ad
1087 4555 1242 4633 Crucem,
1259 4576 1299 4622 ac
1315 4554 1477 4641 dirempti,
1494 4555 1528 4620 in
1544 4555 1654 4702 gradu

446 4680 559 4764 nano,
579 4663 655 4732 lccc
677 4661 819 4742 uterque
841 4679 913 4738 auo,
935 4681 1045 4746 genua
1068 4661 1217 4730 flectent.
