4175 5717
522 683 585 749 142
982 699 1049 748 nra.
1075 700 1095 748 1.

431 811 679 878 Sacramentum
702 809 824 877 efficiet
844 809 959 876 eodem
981 814 1142 894 ternpore,
1166 827 1231 891 quo
1254 807 1426 883 Sacerdos,
1450 813 1485 873 et
1513 807 1648 894 genicu-

430 918 512 984 labit
534 938 634 1005 super
656 916 762 1004 gradu
786 918 959 1004 superiori,
983 915 1039 982 uel
1064 917 1097 980 in
1121 914 1329 1002 suppedaneo
1352 935 1395 979 ex
1422 914 1536 981 eadem
1565 914 1649 1000 Epi-

430 1026 537 1092 stolae
560 1029 665 1111 parte,
689 1024 746 1091 sed
770 1026 804 1089 in
827 1024 934 1090 medio
957 1029 991 1089 et
1013 1025 1150 1110 propius
1174 1022 1415 1090 Celebrantem.
1634 1013 1636 1017 ’

518 1135 571 1200 30.
597 1132 706 1209 Quum
728 1134 990 1200 communicatus
1014 1132 1119 1197 fuerit
1140 1130 1318 1198 descendet
1333 1131 1367 1195 in
1383 1130 1530 1215 planum,
1546 1148 1650 1216 genu·
1689 1117 1691 1128 '

430 1240 544 1308 flectet
566 1241 608 1307 ad
632 1241 689 1308 SS.
715 1241 980 1328 Sacramentum,
1002 1240 1030 1306 si
1053 1238 1170 1314 aderit,
1195 1259 1290 1305 secus
1312 1239 1536 1304 reverentiam
1569 1257 1651 1324 pro-

433 1348 568 1414 fundam
593 1348 692 1415 Cruci
716 1346 845 1414 efficiet.

518 1456 571 1520 31.
597 1455 632 1521 Si
647 1461 681 1520 et
696 1455 755 1521 alii
773 1454 919 1521 aderunt
935 1457 1023 1520 inter
1040 1456 1277 1542 mysteriorum
1292 1453 1550 1519 celebrationem
1565 1471 1653 1518 com-

432 1562 629 1639 municandi,
644 1564 731 1648 iique
742 1562 798 1629 vel
815 1562 929 1629 clerici
946 1568 1070 1639 essent,
1087 1564 1238 1629 Minister
1248 1561 1503 1628 communicabit
1512 1561 1649 1648 primus.

680 1780 712 1863 5.
736 1778 768 1844 3.
792 1778 866 1845 Pro
889 1778 1108 1847 adstantium
1134 1778 1391 1845 Gornmuaionc.

518 1994 571 2059 32.
596 1994 629 2060 Si
654 1995 687 2058 in
712 1991 832 2069 Alteri,
855 1994 889 2057 in
913 2013 977 2077 quo
1001 2012 1055 2057 res
1079 1992 1191 2058 divina
1213 1990 1398 2079 conficitur,
1415 2012 1482 2058 non
1505 1993 1652 2059 servabi-

433 2108 489 2168 tur
514 2101 570 2167 SS.
596 2100 856 2176 Sacramentum,
881 2107 980 2184 atque
1004 2119 1091 2165 unus
1115 2100 1169 2164 vel
1194 2100 1309 2186 plures
1342 2099 1522 2166 adstabunt
1552 2100 1651 2166 Gom·

433 2210 622 2274 munionem
656 2212 816 2292 petentes,
847 2208 1036 2272 meminerit
1067 2208 1220 2273 Minister
1250 2225 1449 2293 praeparare
1483 2209 1516 2271 in
1548 2207 1651 2272 abaco

434 2316 620 2402 mappulam
644 2334 705 2401 pro
729 2334 843 2379 eorum
868 2314 1105 2380 Communionc
1129 2321 1164 2380 et
1186 2316 1354 2401 capsulam
1379 2335 1454 2380 cum
1477 2314 1652 2402 particulis

434 2422 780 2489 communicandorum
805 2442 943 2487 numero
967 2421 1253 2507 respondentibus.

522 2531 575 2597 33.
601 2529 708 2604 Quum
733 2530 914 2596 Celebrans
938 2529 1030 2615 leget
1053 2526 1278 2605 Offertorium,
1302 2529 1471 2615 capsulam
1488 2550 1562 2595 cum
1578 2548 1674 2615 par·¹

433 2639 545 2704 ticulis
569 2637 609 2702 de
632 2636 733 2703 abaco
755 2643 872 2708 sumet,
897 2638 992 2720 eique
1016 2638 1226 2713 ministrabit,
1250 2634 1439 2722 significans
1455 2638 1526 2724 ipsi,
1543 2635 1651 2721 quoad

435 2743 506 2811 fieri
530 2746 642 2831 possit,
668 2744 1015 2810 communicandorum
1040 2764 1225 2809 nnmerum.
1251 2743 1298 2830 (a)

523 2854 576 2917 34.
602 2852 781 2918 Sacerdote
805 2851 993 2936 fragmenta
1023 2852 1215 2937 colligente,
1249 2858 1405 2937 assurget
1434 2835 1588 2917 Minister
1617 2856 1653 2916 et

435 2961 549 3028 adiens
573 2960 613 3025 ad
637 2961 773 3025 abacum
798 2959 983 3045 mappulam
1007 2979 1067 3045 pro
1093 2959 1328 3026 communione
1352 2962 1501 3045 accipiet,
1530 2959 1652 3026 Sacer-

437 3068 513 3133 dote
537 3074 647 3133 autem
671 3068 815 3133 Calicem
839 3072 1000 3143 sumente,
1025 3066 1228 3151 geniculabit
1265 3069 1298 3131 in
1328 3068 1435 3133 latere
1471 3066 1652 3153 Epistolae,

437 3183 471 3241 et
494 3174 657 3261 profunde
682 3175 860 3240 inclinatus
886 3174 1133 3239 contessionem
1159 3175 1322 3240 recitabit.
1347 3175 1410 3250 Qui
1434 3175 1542 3240 velint
1568 3194 1656 3239 com·

435 3286 613 3357 municare,
631 3285 658 3347 si
677 3283 794 3348 Altare
818 3283 1002 3348 balaustrio
1017 3288 1139 3357 careat,
1157 3288 1372 3368 prosternent
1388 3303 1423 3348 se
1439 3290 1517 3347 ante
1533 3282 1653 3348 Altare

438 3399 535 3457 extra
559 3391 691 3476 gradus.
717 3387 762 3475 (b)
1106 3380 1109 3388 ’

525 3500 578 3564 35.
603 3500 765 3573 Minister,
791 3499 853 3564 nisi
878 3505 995 3583 parata
1018 3500 1051 3563 in
1074 3498 1258 3563 balaustrio
1281 3504 1370 3562 esset
1392 3517 1452 3582 pro
1469 3498 1655 3562 communi-

438 3606 550 3672 candis
574 3608 715 3683 tobalea,
741 3607 927 3693 mappulam
951 3606 1039 3671 dabit
1065 3607 1170 3691 primo
1193 3605 1472 3682 communicando
1497 3611 1532 3670 et
1547 3605 1586 3669 ab
1603 3604 1656 3669 ul·

438 3719 516 3781 timo
539 3722 653 3800 postea
677 3717 823 3801 recipiet.

525 3825 578 3889 36.
604 3824 637 3888 Si
661 3823 758 3888 multi
782 3824 909 3888 fuerint
932 3822 1203 3898 communicandi,
1227 3823 1506 3908 consurgentibus
1529 3822 1570 3889 de
1600 3823 1657 3890 ba·

436 3933 578 4000 laustrio
603 3932 726 4016 primis,
750 3930 930 3997 succedent
952 3933 1073 3997 sensim
1098 3932 1225 4015 reliqui.

510 4150 552 4218 (a)
573 4147 785 4205 Particularum
806 4165 947 4205 numerus
965 4165 1133 4218 congruere
1151 4148 1238 4205 debet
1257 4166 1324 4206 cnm
1343 4149 1655 4207 communicandorum

441 4257 572 4302 numero,
591 4256 628 4294 ne
648 4237 809 4296 celebrans
828 4237 964 4309 adigatur
983 4255 1035 4295 eas
1047 4256 1232 4303 consumere,
1245 4238 1270 4293 si
1283 4239 1438 4311 supersint,
1453 4240 1500 4297 vel
1515 4240 1655 4310 frangere

440 4345 476 4385 ac
495 4329 634 4390 dividere,
654 4328 677 4385 si
698 4327 800 4386 desint.

511 4422 550 4489 (b)
569 4422 627 4477 Fas
646 4420 761 4493 quidem
776 4437 832 4475 non
853 4427 898 4476 cst
911 4420 990 4475 viros
1003 4420 1094 4476 laicos
1107 4419 1255 4492 multoque
1268 4419 1363 4475 minus
1377 4420 1520 4476 foeminas
1532 4426 1656 4493 propter

440 4510 681 4567 communionem
702 4509 814 4582 ingredi
834 4510 870 4565 ad
890 4510 1000 4576 Altero,
1014 4528 1102 4584 <guum
1117 4510 1243 4567 debeant
1256 4526 1321 4566 eam
1336 4528 1454 4568 sumere
1469 4519 1555 4568 extra
1569 4518 1654 4583 septa

442 4599 504 4655 sivo
524 4600 558 4654 ad
580 4600 769 4659 balanstrium
790 4599 930 4658 eiusdem.
