<?xml version="1.0" encoding="UTF-8"?>
<!DOCTYPE html PUBLIC "-//W3C//DTD XHTML 1.0 Transitional//EN"
    "http://www.w3.org/TR/xhtml1/DTD/xhtml1-transitional.dtd">
<html xmlns="http://www.w3.org/1999/xhtml" xml:lang="en" lang="en">
 <head>
  <title>
</title>
<meta http-equiv="Content-Type" content="text/html;charset=utf-8" />
  <meta name='ocr-system' content='tesseract 3.04.00' />
  <meta name='ocr-capabilities' content='ocr_page ocr_carea ocr_par ocr_line ocrx_word'/>
</head>
<body>
  <div class='ocr_page' id='page_1' title='image "./manualesacrarum00martgoog_0398.png"; bbox 0 0 4175 5717; ppageno 0'>
   <div class='ocr_carea' id='block_1_1' title="bbox 602 679 1185 747">
    <p class='ocr_par' dir='ltr' id='par_1_1' title="bbox 602 679 1185 747">
     <span class='ocr_line' id='line_1_1' title="bbox 602 679 1185 747; baseline 0 -3"><span class='ocrx_word' id='word_1_1' title='bbox 602 679 624 744; x_wconf 89' lang='lat'>8</span> <span class='ocrx_word' id='word_1_2' title='bbox 1058 699 1124 747; x_wconf 72' lang='lat' dir='ltr'>nur.</span> <span class='ocrx_word' id='word_1_3' title='bbox 1150 699 1185 747; x_wconf 88' lang='lat'>11.</span> 
     </span>
    </p>
   </div>
   <div class='ocr_carea' id='block_1_2' title="bbox 506 804 1747 4654">
    <p class='ocr_par' dir='ltr' id='par_1_2' title="bbox 514 804 1731 1124">
     <span class='ocr_line' id='line_1_2' title="bbox 600 804 1730 894; baseline 0.001 -21"><span class='ocrx_word' id='word_1_4' title='bbox 600 805 653 873; x_wconf 89' lang='grc'>33.</span> <span class='ocrx_word' id='word_1_5' title='bbox 677 806 746 873; x_wconf 87' lang='lat' dir='ltr'>Sub</span> <span class='ocrx_word' id='word_1_6' title='bbox 769 807 896 872; x_wconf 86' lang='lat' dir='ltr'>exitum</span> <span class='ocrx_word' id='word_1_7' title='bbox 918 806 1034 893; x_wconf 85' lang='lat' dir='ltr'>hymni</span> <span class='ocrx_word' id='word_1_8' title='bbox 1058 804 1123 871; x_wconf 91' lang='lat' dir='ltr'>duo</span> <span class='ocrx_word' id='word_1_9' title='bbox 1146 805 1322 893; x_wconf 82' lang='lat' dir='ltr'>penultimi</span> <span class='ocrx_word' id='word_1_10' title='bbox 1346 805 1539 894; x_wconf 91' lang='lat' dir='ltr'>cappellani</span> <span class='ocrx_word' id='word_1_11' title='bbox 1561 825 1605 872; x_wconf 86' lang='lat' dir='ltr'>ex</span> <span class='ocrx_word' id='word_1_12' title='bbox 1631 805 1730 874; x_wconf 86' lang='lat' dir='ltr'>ebdo-</span> 
     </span>
     <span class='ocr_line' id='line_1_3' title="bbox 514 911 1731 999; baseline 0.002 -21"><span class='ocrx_word' id='word_1_13' title='bbox 514 911 650 978; x_wconf 86' lang='lat' dir='ltr'>madarii</span> <span class='ocrx_word' id='word_1_14' title='bbox 673 919 768 999; x_wconf 89' lang='lat' dir='ltr'>parte</span> <span class='ocrx_word' id='word_1_15' title='bbox 790 914 927 978; x_wconf 84' lang='lat' dir='ltr'>venient</span> <span class='ocrx_word' id='word_1_16' title='bbox 948 913 983 978; x_wconf 93' lang='lat' dir='ltr'>in</span> <span class='ocrx_word' id='word_1_17' title='bbox 999 911 1140 978; x_wconf 93' lang='lat' dir='ltr'>medium</span> <span class='ocrx_word' id='word_1_18' title='bbox 1162 912 1204 979; x_wconf 90' lang='lat' dir='ltr'>ad</span> <span class='ocrx_word' id='word_1_19' title='bbox 1220 912 1428 979; x_wconf 84' lang='lat' dir='ltr'>recitandum</span> <span class='ocrx_word' id='word_1_20' title='bbox 1444 913 1658 992; x_wconf 86' lang='lat' dir='ltr'>versiculum,</span> <span class='ocrx_word' id='word_1_21' title='bbox 1676 915 1731 980; x_wconf 90' lang='lat' dir='ltr'>cui</span> 
     </span>
     <span class='ocr_line' id='line_1_4' title="bbox 514 1018 1282 1124; baseline 0.003 -39"><span class='ocrx_word' id='word_1_22' title='bbox 514 1018 725 1105; x_wconf 81' lang='lat' dir='ltr'>respondebit</span> <span class='ocrx_word' id='word_1_23' title='bbox 747 1021 881 1086; x_wconf 85' lang='lat' dir='ltr'>chorus.</span> <span class='ocrx_word' id='word_1_24' title='bbox 1276 1101 1282 1124; x_wconf 34' lang='grc' dir='ltr'><strong><em>ι</em></strong></span> 
     </span>
    </p>

    <p class='ocr_par' dir='ltr' id='par_1_3' title="bbox 511 1126 1732 1749">
     <span class='ocr_line' id='line_1_5' title="bbox 600 1126 1730 1216; baseline 0 -22"><span class='ocrx_word' id='word_1_25' title='bbox 600 1128 653 1194; x_wconf 86' lang='grc'>34.</span> <span class='ocrx_word' id='word_1_26' title='bbox 678 1126 742 1203; x_wconf 91' lang='lat' dir='ltr'>Qui</span> <span class='ocrx_word' id='word_1_27' title='bbox 776 1127 998 1215; x_wconf 79' lang='lat' dir='ltr'>cappellanus</span> <span class='ocrx_word' id='word_1_28' title='bbox 1033 1129 1100 1194; x_wconf 90' lang='lat' dir='ltr'>erit</span> <span class='ocrx_word' id='word_1_29' title='bbox 1127 1128 1160 1192; x_wconf 92' lang='lat' dir='ltr'>in</span> <span class='ocrx_word' id='word_1_30' title='bbox 1192 1133 1287 1214; x_wconf 89' lang='lat' dir='ltr'>parte</span> <span class='ocrx_word' id='word_1_31' title='bbox 1317 1127 1549 1196; x_wconf 75' lang='lat' dir='ltr'>ebdomadario</span> <span class='ocrx_word' id='word_1_32' title='bbox 1579 1129 1730 1216; x_wconf 88' lang='lat' dir='ltr'>opposita</span> 
     </span>
     <span class='ocr_line' id='line_1_6' title="bbox 512 1235 1732 1322; baseline 0 -21"><span class='ocrx_word' id='word_1_33' title='bbox 512 1237 677 1302; x_wconf 75' lang='lat' dir='ltr'>intonabit</span> <span class='ocrx_word' id='word_1_34' title='bbox 697 1255 756 1303; x_wconf 90' lang='lat' dir='ltr'>seu</span> <span class='ocrx_word' id='word_1_35' title='bbox 779 1235 933 1302; x_wconf 83' lang='lat' dir='ltr'>recitabit</span> <span class='ocrx_word' id='word_1_36' title='bbox 953 1240 1059 1300; x_wconf 84' lang='lat' dir='ltr'>totam</span> <span class='ocrx_word' id='word_1_37' title='bbox 1081 1235 1294 1322; x_wconf 89' lang='lat' dir='ltr'>antiphonam</span> <span class='ocrx_word' id='word_1_38' title='bbox 1317 1238 1438 1302; x_wconf 89' lang='lat' dir='ltr'>cantici</span> <span class='ocrx_word' id='word_1_39' title='bbox 1453 1237 1676 1318; x_wconf 70' lang='lat' dir='ltr'>Benedictus,</span> <span class='ocrx_word' id='word_1_40' title='bbox 1695 1240 1732 1302; x_wconf 84' lang='lat' dir='ltr'>et</span> 
     </span>
     <span class='ocr_line' id='line_1_7' title="bbox 512 1341 1730 1429; baseline -0.001 -19"><span class='ocrx_word' id='word_1_41' title='bbox 512 1345 678 1410; x_wconf 88' lang='lat' dir='ltr'>canticum</span> <span class='ocrx_word' id='word_1_42' title='bbox 701 1345 808 1429; x_wconf 91' lang='lat' dir='ltr'>ipsum</span> <span class='ocrx_word' id='word_1_43' title='bbox 829 1341 1036 1410; x_wconf 86' lang='lat' dir='ltr'>intonabitnr</span> <span class='ocrx_word' id='word_1_44' title='bbox 1056 1362 1079 1407; x_wconf 92' lang='lat' dir='ltr'>a</span> <span class='ocrx_word' id='word_1_45' title='bbox 1112 1341 1313 1428; x_wconf 89' lang='lat' dir='ltr'>cappellano</span> <span class='ocrx_word' id='word_1_46' title='bbox 1344 1345 1399 1428; x_wconf 92' lang='lat' dir='ltr'>qui</span> <span class='ocrx_word' id='word_1_47' title='bbox 1430 1342 1658 1409; x_wconf 87' lang='lat' dir='ltr'>ebdomadarii.</span> <span class='ocrx_word' id='word_1_48' title='bbox 1683 1361 1730 1410; x_wconf 83' lang='lat' dir='ltr'>ex</span> 
     </span>
     <span class='ocr_line' id='line_1_8' title="bbox 512 1449 1731 1538; baseline -0.002 -22"><span class='ocrx_word' id='word_1_49' title='bbox 512 1457 607 1538; x_wconf 90' lang='lat' dir='ltr'>parte</span> <span class='ocrx_word' id='word_1_50' title='bbox 630 1455 691 1517; x_wconf 89' lang='lat' dir='ltr'>est.</span> <span class='ocrx_word' id='word_1_51' title='bbox 715 1450 823 1516; x_wconf 87' lang='lat' dir='ltr'>Huius</span> <span class='ocrx_word' id='word_1_52' title='bbox 845 1454 957 1515; x_wconf 90' lang='lat' dir='ltr'>autem</span> <span class='ocrx_word' id='word_1_53' title='bbox 980 1450 1105 1516; x_wconf 89' lang='lat' dir='ltr'>cantici</span> <span class='ocrx_word' id='word_1_54' title='bbox 1128 1451 1222 1516; x_wconf 90' lang='lat' dir='ltr'>initio</span> <span class='ocrx_word' id='word_1_55' title='bbox 1245 1471 1281 1516; x_wconf 89' lang='lat' dir='ltr'>se</span> <span class='ocrx_word' id='word_1_56' title='bbox 1304 1469 1417 1517; x_wconf 90' lang='lat' dir='ltr'>omnes</span> <span class='ocrx_word' id='word_1_57' title='bbox 1440 1451 1628 1536; x_wconf 81' lang='lat' dir='ltr'>signabunt.</span> <span class='ocrx_word' id='word_1_58' title='bbox 1645 1449 1731 1520; x_wconf 71' lang='lat' dir='ltr'>Rosa</span> 
     </span>
     <span class='ocr_line' id='line_1_9' title="bbox 511 1556 1731 1644; baseline -0.002 -20"><span class='ocrx_word' id='word_1_59' title='bbox 511 1560 678 1624; x_wconf 87' lang='lat' dir='ltr'>canticum</span> <span class='ocrx_word' id='word_1_60' title='bbox 700 1561 872 1644; x_wconf 89' lang='lat' dir='ltr'>repetetur</span> <span class='ocrx_word' id='word_1_61' title='bbox 894 1557 1075 1643; x_wconf 91' lang='lat' dir='ltr'>antiphona</span> <span class='ocrx_word' id='word_1_62' title='bbox 1097 1557 1137 1622; x_wconf 93' lang='lat' dir='ltr'>ab</span> <span class='ocrx_word' id='word_1_63' title='bbox 1160 1575 1200 1624; x_wconf 87' lang='lat' dir='ltr'>eo</span> <span class='ocrx_word' id='word_1_64' title='bbox 1223 1559 1279 1642; x_wconf 93' lang='lat' dir='ltr'>qui</span> <span class='ocrx_word' id='word_1_65' title='bbox 1302 1577 1374 1623; x_wconf 92' lang='lat' dir='ltr'>eam</span> <span class='ocrx_word' id='word_1_66' title='bbox 1396 1556 1556 1624; x_wconf 85' lang='lat' dir='ltr'>indicavit</span> <span class='ocrx_word' id='word_1_67' title='bbox 1578 1577 1638 1624; x_wconf 88' lang='lat' dir='ltr'>seu</span> <span class='ocrx_word' id='word_1_68' title='bbox 1669 1575 1731 1622; x_wconf 87' lang='lat' dir='ltr'>re-</span> 
     </span>
     <span class='ocr_line' id='line_1_10' title="bbox 511 1665 1185 1749; baseline -0.003 -18"><span class='ocrx_word' id='word_1_69' title='bbox 511 1666 637 1742; x_wconf 86' lang='lat' dir='ltr'>citavit,</span> <span class='ocrx_word' id='word_1_70' title='bbox 662 1665 825 1731; x_wconf 87' lang='lat' dir='ltr'>stantibus</span> <span class='ocrx_word' id='word_1_71' title='bbox 849 1683 979 1749; x_wconf 84' lang='lat' dir='ltr'>semper</span> <span class='ocrx_word' id='word_1_72' title='bbox 1002 1665 1185 1730; x_wconf 74' lang='lat' dir='ltr'>universis,</span> 
     </span>
    </p>

    <p class='ocr_par' dir='ltr' id='par_1_4' title="bbox 506 1770 1747 2696">
     <span class='ocr_line' id='line_1_11' title="bbox 600 1770 1725 1857; baseline 0.006 -20"><span class='ocrx_word' id='word_1_73' title='bbox 600 1771 653 1837; x_wconf 83' lang='lat'>35.</span> <span class='ocrx_word' id='word_1_74' title='bbox 678 1771 869 1857; x_wconf 83' lang='lat' dir='ltr'>Antiphone</span> <span class='ocrx_word' id='word_1_75' title='bbox 892 1772 1043 1857; x_wconf 89' lang='lat' dir='ltr'>repetita,</span> <span class='ocrx_word' id='word_1_76' title='bbox 1068 1770 1319 1848; x_wconf 86' lang='lat' dir='ltr'>ebdomadarius</span> <span class='ocrx_word' id='word_1_77' title='bbox 1342 1770 1430 1837; x_wconf 89' lang='lat' dir='ltr'>dicet</span> <span class='ocrx_word' id='word_1_78' title='bbox 1458 1770 1636 1838; x_wconf 69' lang='lat' dir='ltr'>Dominae·</span> <span class='ocrx_word' id='word_1_79' title='bbox 1661 1789 1725 1844; x_wconf 72' lang='lat' dir='ltr'>w·</span> 
     </span>
     <span class='ocr_line' id='line_1_12' title="bbox 511 1865 1747 1966; baseline -0.004 -20"><span class='ocrx_word' id='word_1_80' title='bbox 511 1879 654 1956; x_wconf 75' lang='lat' dir='ltr'>bircam,</span> <span class='ocrx_word' id='word_1_81' title='bbox 682 1878 839 1957; x_wconf 83' lang='lat' dir='ltr'>cremar,</span> <span class='ocrx_word' id='word_1_82' title='bbox 863 1883 964 1966; x_wconf 89' lang='lat' dir='ltr'>caput</span> <span class='ocrx_word' id='word_1_83' title='bbox 985 1877 1026 1945; x_wconf 89' lang='lat' dir='ltr'>ad</span> <span class='ocrx_word' id='word_1_84' title='bbox 1051 1877 1192 1946; x_wconf 88' lang='lat' dir='ltr'>crucem</span> <span class='ocrx_word' id='word_1_85' title='bbox 1215 1877 1388 1954; x_wconf 91' lang='lat' dir='ltr'>inclinans,</span> <span class='ocrx_word' id='word_1_86' title='bbox 1413 1883 1448 1944; x_wconf 92' lang='lat' dir='ltr'>et</span> <span class='ocrx_word' id='word_1_87' title='bbox 1470 1880 1664 1944; x_wconf 85' lang='lat' dir='ltr'>orationem.</span> <span class='ocrx_word' id='word_1_88' title='bbox 1691 1865 1747 1944; x_wconf 68' lang='lat' dir='ltr'>S&#39;i&#39;</span> 
     </span>
     <span class='ocr_line' id='line_1_13' title="bbox 512 1984 1733 2071; baseline 0 -21"><span class='ocrx_word' id='word_1_89' title='bbox 512 1986 654 2052; x_wconf 80' lang='lat' dir='ltr'>et&#39;aliae</span> <span class='ocrx_word' id='word_1_90' title='bbox 678 1984 759 2052; x_wconf 85' lang='lat' dir='ltr'>flant</span> <span class='ocrx_word' id='word_1_91' title='bbox 780 1988 1119 2062; x_wconf 88' lang='lat' dir='ltr'>commemorationes,</span> <span class='ocrx_word' id='word_1_92' title='bbox 1144 1987 1200 2070; x_wconf 91' lang='lat' dir='ltr'>qui</span> <span class='ocrx_word' id='word_1_93' title='bbox 1224 1986 1446 2071; x_wconf 92' lang='lat' dir='ltr'>cappellanus</span> <span class='ocrx_word' id='word_1_94' title='bbox 1469 1985 1554 2066; x_wconf 69' lang='lat' dir='ltr'>dipit</span> <span class='ocrx_word' id='word_1_95' title='bbox 1568 1985 1733 2071; x_wconf 85' lang='lat' dir='ltr'>antipho-</span> 
     </span>
     <span class='ocr_line' id='line_1_14' title="bbox 506 2091 1735 2179; baseline 0.002 -22"><span class='ocrx_word' id='word_1_96' title='bbox 506 2111 587 2158; x_wconf 92' lang='lat' dir='ltr'>nam</span> <span class='ocrx_word' id='word_1_97' title='bbox 610 2092 652 2158; x_wconf 89' lang='lat' dir='ltr'>ad</span> <span class='ocrx_word' id='word_1_98' title='bbox 675 2093 893 2169; x_wconf 79' lang='lat' dir='ltr'>Benedictus,</span> <span class='ocrx_word' id='word_1_99' title='bbox 918 2092 1065 2178; x_wconf 85' lang='lat' dir='ltr'>reliquas</span> <span class='ocrx_word' id='word_1_100' title='bbox 1088 2091 1220 2159; x_wconf 88' lang='lat' dir='ltr'>adiiciet</span> <span class='ocrx_word' id='word_1_101' title='bbox 1234 2093 1443 2179; x_wconf 66' lang='lat' dir='ltr'>antiphonas</span> <span class='ocrx_word' id='word_1_102' title='bbox 1461 2092 1656 2179; x_wconf 91' lang='lat' dir='ltr'>cappellani</span> <span class='ocrx_word' id='word_1_103' title='bbox 1672 2111 1735 2159; x_wconf 90' lang='lat' dir='ltr'>au-</span> 
     </span>
     <span class='ocr_line' id='line_1_15' title="bbox 512 2200 1733 2287; baseline 0.001 -20"><span class='ocrx_word' id='word_1_104' title='bbox 512 2208 579 2267; x_wconf 87' lang='lat' dir='ltr'>tem</span> <span class='ocrx_word' id='word_1_105' title='bbox 603 2201 659 2285; x_wconf 92' lang='lat' dir='ltr'>qni</span> <span class='ocrx_word' id='word_1_106' title='bbox 682 2202 900 2268; x_wconf 86' lang='lat' dir='ltr'>recitaverint</span> <span class='ocrx_word' id='word_1_107' title='bbox 922 2201 1127 2267; x_wconf 85' lang='lat' dir='ltr'>versiculum</span> <span class='ocrx_word' id='word_1_108' title='bbox 1150 2200 1331 2287; x_wconf 89' lang='lat' dir='ltr'>prodibunt</span> <span class='ocrx_word' id='word_1_109' title='bbox 1353 2203 1387 2267; x_wconf 95' lang='lat' dir='ltr'>in</span> <span class='ocrx_word' id='word_1_110' title='bbox 1403 2200 1545 2267; x_wconf 90' lang='lat' dir='ltr'>medium</span> <span class='ocrx_word' id='word_1_111' title='bbox 1562 2200 1604 2268; x_wconf 87' lang='lat' dir='ltr'>ad</span> <span class='ocrx_word' id='word_1_112' title='bbox 1619 2200 1733 2268; x_wconf 88' lang='lat' dir='ltr'>dicen-</span> 
     </span>
     <span class='ocr_line' id='line_1_16' title="bbox 512 2307 1733 2395; baseline 0.003 -22"><span class='ocrx_word' id='word_1_113' title='bbox 512 2307 590 2373; x_wconf 91' lang='lat' dir='ltr'>dum</span> <span class='ocrx_word' id='word_1_114' title='bbox 613 2308 817 2374; x_wconf 85' lang='lat' dir='ltr'>versiculum</span> <span class='ocrx_word' id='word_1_115' title='bbox 840 2307 881 2374; x_wconf 94' lang='lat' dir='ltr'>de</span> <span class='ocrx_word' id='word_1_116' title='bbox 904 2310 1228 2385; x_wconf 87' lang='lat' dir='ltr'>commemoratione,</span> <span class='ocrx_word' id='word_1_117' title='bbox 1251 2329 1290 2374; x_wconf 92' lang='lat' dir='ltr'>ac</span> <span class='ocrx_word' id='word_1_118' title='bbox 1314 2310 1342 2374; x_wconf 91' lang='lat' dir='ltr'>si</span> <span class='ocrx_word' id='word_1_119' title='bbox 1365 2309 1480 2395; x_wconf 90' lang='lat' dir='ltr'>plures</span> <span class='ocrx_word' id='word_1_120' title='bbox 1505 2315 1618 2376; x_wconf 86' lang='lat' dir='ltr'>essent</span> <span class='ocrx_word' id='word_1_121' title='bbox 1648 2327 1733 2376; x_wconf 81' lang='lat' dir='ltr'>ver·</span> 
     </span>
     <span class='ocr_line' id='line_1_17' title="bbox 513 2414 1731 2482; baseline 0.002 -3"><span class='ocrx_word' id='word_1_122' title='bbox 513 2414 611 2480; x_wconf 87' lang='lat' dir='ltr'>siculi</span> <span class='ocrx_word' id='word_1_123' title='bbox 627 2415 847 2481; x_wconf 89' lang='lat' dir='ltr'>remanebunt</span> <span class='ocrx_word' id='word_1_124' title='bbox 861 2415 905 2481; x_wconf 92' lang='lat' dir='ltr'>ibi</span> <span class='ocrx_word' id='word_1_125' title='bbox 920 2415 1026 2481; x_wconf 90' lang='lat' dir='ltr'>donec</span> <span class='ocrx_word' id='word_1_126' title='bbox 1041 2415 1179 2481; x_wconf 87' lang='lat' dir='ltr'>ultimae</span> <span class='ocrx_word' id='word_1_127' title='bbox 1196 2417 1514 2482; x_wconf 88' lang='lat' dir='ltr'>commemorationis</span> <span class='ocrx_word' id='word_1_128' title='bbox 1525 2417 1731 2482; x_wconf 81' lang='lat' dir='ltr'>versiculum</span> 
     </span>
     <span class='ocr_line' id='line_1_18' title="bbox 513 2521 1730 2611; baseline 0.002 -23"><span class='ocrx_word' id='word_1_129' title='bbox 513 2524 739 2588; x_wconf 85' lang='lat' dir='ltr'>recitaverint.</span> <span class='ocrx_word' id='word_1_130' title='bbox 762 2522 1023 2589; x_wconf 86' lang='lat' dir='ltr'>Ebdomadarius</span> <span class='ocrx_word' id='word_1_131' title='bbox 1047 2521 1134 2588; x_wconf 90' lang='lat' dir='ltr'>dicet</span> <span class='ocrx_word' id='word_1_132' title='bbox 1156 2523 1322 2589; x_wconf 86' lang='lat' dir='ltr'>orationes</span> <span class='ocrx_word' id='word_1_133' title='bbox 1346 2543 1406 2611; x_wconf 93' lang='lat' dir='ltr'>pro</span> <span class='ocrx_word' id='word_1_134' title='bbox 1441 2525 1730 2591; x_wconf 89' lang='lat' dir='ltr'>commemoratio-</span> 
     </span>
     <span class='ocr_line' id='line_1_19' title="bbox 516 2630 625 2696; baseline 0 -2"><span class='ocrx_word' id='word_1_135' title='bbox 516 2630 625 2696; x_wconf 85' lang='lat' dir='ltr'>nibus.</span> 
     </span>
    </p>

    <p class='ocr_par' dir='ltr' id='par_1_5' title="bbox 514 2737 1732 3231">
     <span class='ocr_line' id='line_1_20' title="bbox 602 2737 1731 2806; baseline 0.002 -3"><span class='ocrx_word' id='word_1_136' title='bbox 602 2737 655 2803; x_wconf 89' lang='lat'>36.</span> <span class='ocrx_word' id='word_1_137' title='bbox 679 2737 761 2802; x_wconf 91' lang='lat' dir='ltr'>Post</span> <span class='ocrx_word' id='word_1_138' title='bbox 784 2737 952 2803; x_wconf 90' lang='lat' dir='ltr'>orationes</span> <span class='ocrx_word' id='word_1_139' title='bbox 975 2757 1034 2803; x_wconf 91' lang='lat' dir='ltr'>seu</span> <span class='ocrx_word' id='word_1_140' title='bbox 1058 2739 1386 2804; x_wconf 88' lang='lat' dir='ltr'>commemorationes</span> <span class='ocrx_word' id='word_1_141' title='bbox 1403 2737 1654 2804; x_wconf 86' lang='lat' dir='ltr'>ebdomadarius</span> <span class='ocrx_word' id='word_1_142' title='bbox 1670 2740 1731 2806; x_wconf 82' lang='lat' dir='ltr'>ite-</span> 
     </span>
     <span class='ocr_line' id='line_1_21' title="bbox 516 2844 1731 2931; baseline 0.004 -22"><span class='ocrx_word' id='word_1_143' title='bbox 516 2844 602 2910; x_wconf 88' lang='lat' dir='ltr'>rabit</span> <span class='ocrx_word' id='word_1_144' title='bbox 623 2845 795 2912; x_wconf 67' lang='lat' dir='ltr'>Demeam</span> <span class='ocrx_word' id='word_1_145' title='bbox 817 2845 1005 2922; x_wconf 79' lang='lat' dir='ltr'>vobiscum,</span> <span class='ocrx_word' id='word_1_146' title='bbox 1022 2852 1138 2931; x_wconf 88' lang='lat' dir='ltr'>postea</span> <span class='ocrx_word' id='word_1_147' title='bbox 1152 2847 1408 2914; x_wconf 80' lang='lat' dir='ltr'>Benedieamus</span> <span class='ocrx_word' id='word_1_148' title='bbox 1422 2845 1582 2914; x_wconf 79' lang='lat' dir='ltr'>Domino.</span> <span class='ocrx_word' id='word_1_149' title='bbox 1599 2845 1731 2914; x_wconf 85' lang='lat' dir='ltr'>Versus</span> 
     </span>
     <span class='ocr_line' id='line_1_22' title="bbox 514 2951 1732 3020; baseline 0.003 -4"><span class='ocrx_word' id='word_1_150' title='bbox 514 2957 625 3017; x_wconf 89' lang='lat' dir='ltr'>autem</span> <span class='ocrx_word' id='word_1_151' title='bbox 648 2951 823 3019; x_wconf 76' lang='lat' dir='ltr'>Fidatiam</span> <span class='ocrx_word' id='word_1_152' title='bbox 844 2954 984 3020; x_wconf 63' lang='lat' dir='ltr'>animm</span> <span class='ocrx_word' id='word_1_153' title='bbox 1007 2959 1070 3019; x_wconf 89' lang='lat' dir='ltr'>etc.</span> <span class='ocrx_word' id='word_1_154' title='bbox 1095 2953 1292 3020; x_wconf 89' lang='lat' dir='ltr'>recitabitur</span> <span class='ocrx_word' id='word_1_155' title='bbox 1314 2954 1355 3020; x_wconf 93' lang='lat' dir='ltr'>ab</span> <span class='ocrx_word' id='word_1_156' title='bbox 1379 2952 1611 3020; x_wconf 85' lang='lat' dir='ltr'>ebdomadario</span> <span class='ocrx_word' id='word_1_157' title='bbox 1633 2953 1689 3020; x_wconf 82' lang='lat' dir='ltr'>vel</span> <span class='ocrx_word' id='word_1_158' title='bbox 1710 2973 1732 3020; x_wconf 91' lang='lat' dir='ltr'>a</span> 
     </span>
     <span class='ocr_line' id='line_1_23' title="bbox 515 3058 1731 3144; baseline 0.005 -22"><span class='ocrx_word' id='word_1_159' title='bbox 515 3058 684 3144; x_wconf 86' lang='lat' dir='ltr'>praefecto</span> <span class='ocrx_word' id='word_1_160' title='bbox 708 3059 810 3136; x_wconf 91' lang='lat' dir='ltr'>chori,</span> <span class='ocrx_word' id='word_1_161' title='bbox 835 3080 900 3143; x_wconf 87' lang='lat' dir='ltr'>qua</span> <span class='ocrx_word' id='word_1_162' title='bbox 923 3061 956 3125; x_wconf 95' lang='lat' dir='ltr'>in</span> <span class='ocrx_word' id='word_1_163' title='bbox 980 3079 1016 3126; x_wconf 89' lang='lat' dir='ltr'>re</span> <span class='ocrx_word' id='word_1_164' title='bbox 1040 3060 1229 3126; x_wconf 85' lang='lat' dir='ltr'>servabitur</span> <span class='ocrx_word' id='word_1_165' title='bbox 1251 3082 1332 3127; x_wconf 92' lang='lat' dir='ltr'>usus</span> <span class='ocrx_word' id='word_1_166' title='bbox 1355 3081 1415 3127; x_wconf 89' lang='lat' dir='ltr'>seu</span> <span class='ocrx_word' id='word_1_167' title='bbox 1438 3060 1645 3128; x_wconf 86' lang='lat' dir='ltr'>consuetudo</span> <span class='ocrx_word' id='word_1_168' title='bbox 1676 3061 1731 3128; x_wconf 92' lang='lat' dir='ltr'>lo-</span> 
     </span>
     <span class='ocr_line' id='line_1_24' title="bbox 517 3185 642 3231; baseline -0.016 -1"><span class='ocrx_word' id='word_1_169' title='bbox 517 3185 642 3231; x_wconf 90' lang='lat' dir='ltr'>corum.</span> 
     </span>
    </p>

    <p class='ocr_par' dir='ltr' id='par_1_6' title="bbox 514 3273 1735 3792">
     <span class='ocr_line' id='line_1_25' title="bbox 602 3273 1733 3362; baseline 0.004 -23"><span class='ocrx_word' id='word_1_170' title='bbox 602 3274 654 3339; x_wconf 86' lang='lat'>37.</span> <span class='ocrx_word' id='word_1_171' title='bbox 679 3273 845 3340; x_wconf 90' lang='lat' dir='ltr'>Laudibus</span> <span class='ocrx_word' id='word_1_172' title='bbox 860 3274 1015 3362; x_wconf 85' lang='lat' dir='ltr'>expletis,</span> <span class='ocrx_word' id='word_1_173' title='bbox 1030 3278 1059 3340; x_wconf 95' lang='lat' dir='ltr'>si</span> <span class='ocrx_word' id='word_1_174' title='bbox 1073 3273 1325 3341; x_wconf 84' lang='lat' dir='ltr'>ebdomadarius</span> <span class='ocrx_word' id='word_1_175' title='bbox 1341 3282 1502 3341; x_wconf 88' lang='lat' dir='ltr'>canturus</span> <span class='ocrx_word' id='word_1_176' title='bbox 1519 3278 1563 3342; x_wconf 88' lang='lat' dir='ltr'>sit</span> <span class='ocrx_word' id='word_1_177' title='bbox 1578 3277 1733 3355; x_wconf 86' lang='lat' dir='ltr'>Missam,</span> 
     </span>
     <span class='ocr_line' id='line_1_26' title="bbox 515 3380 1733 3452; baseline 0.004 -6"><span class='ocrx_word' id='word_1_178' title='bbox 515 3380 555 3446; x_wconf 92' lang='lat' dir='ltr'>de</span> <span class='ocrx_word' id='word_1_179' title='bbox 578 3381 682 3446; x_wconf 93' lang='lat' dir='ltr'>choro</span> <span class='ocrx_word' id='word_1_180' title='bbox 704 3380 852 3446; x_wconf 86' lang='lat' dir='ltr'>discedet</span> <span class='ocrx_word' id='word_1_181' title='bbox 873 3381 971 3447; x_wconf 86' lang='lat' dir='ltr'>simul</span> <span class='ocrx_word' id='word_1_182' title='bbox 996 3401 1071 3447; x_wconf 91' lang='lat' dir='ltr'>eum</span> <span class='ocrx_word' id='word_1_183' title='bbox 1093 3382 1168 3448; x_wconf 93' lang='lat' dir='ltr'>aliis</span> <span class='ocrx_word' id='word_1_184' title='bbox 1192 3381 1319 3448; x_wconf 87' lang='lat' dir='ltr'>duobus</span> <span class='ocrx_word' id='word_1_185' title='bbox 1343 3382 1517 3449; x_wconf 80' lang='lat' dir='ltr'>(laconicis</span> <span class='ocrx_word' id='word_1_186' title='bbox 1540 3389 1600 3450; x_wconf 88' lang='lat' dir='ltr'>ant</span> <span class='ocrx_word' id='word_1_187' title='bbox 1621 3385 1733 3452; x_wconf 89' lang='lat' dir='ltr'>Bene-</span> 
     </span>
     <span class='ocr_line' id='line_1_27' title="bbox 515 3487 1735 3574; baseline 0.004 -20"><span class='ocrx_word' id='word_1_188' title='bbox 515 3487 658 3565; x_wconf 85' lang='lat' dir='ltr'>flciariis,</span> <span class='ocrx_word' id='word_1_189' title='bbox 683 3487 725 3555; x_wconf 87' lang='lat' dir='ltr'>ad</span> <span class='ocrx_word' id='word_1_190' title='bbox 747 3508 829 3574; x_wconf 89' lang='lat' dir='ltr'>quos</span> <span class='ocrx_word' id='word_1_191' title='bbox 851 3489 1007 3555; x_wconf 88' lang='lat' dir='ltr'>attinebit</span> <span class='ocrx_word' id='word_1_192' title='bbox 1029 3488 1071 3555; x_wconf 91' lang='lat' dir='ltr'>ad</span> <span class='ocrx_word' id='word_1_193' title='bbox 1095 3489 1214 3556; x_wconf 83' lang='lat' dir='ltr'>Altero</span> <span class='ocrx_word' id='word_1_194' title='bbox 1237 3490 1439 3568; x_wconf 88' lang='lat' dir='ltr'>ministrare,</span> <span class='ocrx_word' id='word_1_195' title='bbox 1455 3511 1495 3557; x_wconf 90' lang='lat' dir='ltr'>ac</span> <span class='ocrx_word' id='word_1_196' title='bbox 1510 3491 1601 3558; x_wconf 84' lang='lat' dir='ltr'>iacta</span> <span class='ocrx_word' id='word_1_197' title='bbox 1616 3493 1651 3558; x_wconf 89' lang='lat' dir='ltr'>in</span> <span class='ocrx_word' id='word_1_198' title='bbox 1667 3513 1735 3560; x_wconf 90' lang='lat' dir='ltr'>me-</span> 
     </span>
     <span class='ocr_line' id='line_1_28' title="bbox 514 3594 1732 3682; baseline 0.004 -19"><span class='ocrx_word' id='word_1_199' title='bbox 514 3596 568 3663; x_wconf 92' lang='lat' dir='ltr'>dio</span> <span class='ocrx_word' id='word_1_200' title='bbox 592 3597 694 3663; x_wconf 88' lang='lat' dir='ltr'>choro</span> <span class='ocrx_word' id='word_1_201' title='bbox 717 3594 960 3682; x_wconf 79' lang='lat' dir='ltr'>genuflexione,</span> <span class='ocrx_word' id='word_1_202' title='bbox 986 3596 1040 3662; x_wconf 91' lang='lat' dir='ltr'>vel</span> <span class='ocrx_word' id='word_1_203' title='bbox 1064 3599 1254 3662; x_wconf 89' lang='lat' dir='ltr'>reverentia</span> <span class='ocrx_word' id='word_1_204' title='bbox 1277 3596 1318 3664; x_wconf 88' lang='lat' dir='ltr'>ad</span> <span class='ocrx_word' id='word_1_205' title='bbox 1342 3598 1481 3665; x_wconf 90' lang='lat' dir='ltr'>crucem</span> <span class='ocrx_word' id='word_1_206' title='bbox 1504 3599 1622 3666; x_wconf 90' lang='lat' dir='ltr'>altaris</span> <span class='ocrx_word' id='word_1_207' title='bbox 1638 3606 1673 3666; x_wconf 88' lang='lat' dir='ltr'>et</span> <span class='ocrx_word' id='word_1_208' title='bbox 1689 3599 1732 3668; x_wconf 84' lang='lat' dir='ltr'>ad</span> 
     </span>
     <span class='ocr_line' id='line_1_29' title="bbox 516 3702 1732 3792; baseline 0.004 -23"><span class='ocrx_word' id='word_1_209' title='bbox 516 3704 665 3782; x_wconf 86' lang='lat' dir='ltr'>chorum,</span> <span class='ocrx_word' id='word_1_210' title='bbox 682 3702 837 3769; x_wconf 90' lang='lat' dir='ltr'>redibunt</span> <span class='ocrx_word' id='word_1_211' title='bbox 852 3706 885 3769; x_wconf 94' lang='lat' dir='ltr'>in</span> <span class='ocrx_word' id='word_1_212' title='bbox 902 3706 1084 3770; x_wconf 89' lang='lat' dir='ltr'>sacrarium</span> <span class='ocrx_word' id='word_1_213' title='bbox 1100 3704 1142 3769; x_wconf 93' lang='lat' dir='ltr'>ad</span> <span class='ocrx_word' id='word_1_214' title='bbox 1158 3724 1254 3771; x_wconf 86' lang='lat' dir='ltr'>sacra</span> <span class='ocrx_word' id='word_1_215' title='bbox 1269 3712 1463 3792; x_wconf 87' lang='lat' dir='ltr'>paramenta</span> <span class='ocrx_word' id='word_1_216' title='bbox 1479 3707 1539 3773; x_wconf 92' lang='lat' dir='ltr'>sibi</span> <span class='ocrx_word' id='word_1_217' title='bbox 1555 3706 1732 3774; x_wconf 82' lang='lat' dir='ltr'>induenda.</span> 
     </span>
    </p>

    <p class='ocr_par' dir='ltr' id='par_1_7' title="bbox 516 3811 1736 4220">
     <span class='ocr_line' id='line_1_30' title="bbox 604 3811 1734 3897; baseline 0.003 -20"><span class='ocrx_word' id='word_1_218' title='bbox 604 3812 657 3877; x_wconf 83' lang='lat'>38.</span> <span class='ocrx_word' id='word_1_219' title='bbox 683 3811 745 3886; x_wconf 87' lang='lat' dir='ltr'>Qui</span> <span class='ocrx_word' id='word_1_220' title='bbox 761 3814 932 3897; x_wconf 85' lang='lat' dir='ltr'>proximus</span> <span class='ocrx_word' id='word_1_221' title='bbox 947 3814 1092 3878; x_wconf 91' lang='lat' dir='ltr'>omnium</span> <span class='ocrx_word' id='word_1_222' title='bbox 1109 3811 1339 3878; x_wconf 90' lang='lat' dir='ltr'>ebdomadario</span> <span class='ocrx_word' id='word_1_223' title='bbox 1357 3819 1417 3891; x_wconf 75' lang='lat' dir='ltr'>est,</span> <span class='ocrx_word' id='word_1_224' title='bbox 1435 3814 1592 3880; x_wconf 88' lang='lat' dir='ltr'>succedet</span> <span class='ocrx_word' id='word_1_225' title='bbox 1606 3816 1640 3880; x_wconf 93' lang='lat' dir='ltr'>in</span> <span class='ocrx_word' id='word_1_226' title='bbox 1655 3816 1734 3882; x_wconf 81' lang='lat' dir='ltr'>eius</span> 
     </span>
     <span class='ocr_line' id='line_1_31' title="bbox 517 3916 1733 4002; baseline 0.006 -19"><span class='ocrx_word' id='word_1_227' title='bbox 517 3916 668 3995; x_wconf 89' lang='lat' dir='ltr'>officium,</span> <span class='ocrx_word' id='word_1_228' title='bbox 693 3918 830 4002; x_wconf 91' lang='lat' dir='ltr'>ideoque</span> <span class='ocrx_word' id='word_1_229' title='bbox 854 3919 963 3987; x_wconf 83' lang='lat' dir='ltr'>Pater</span> <span class='ocrx_word' id='word_1_230' title='bbox 984 3926 1116 3996; x_wconf 76' lang='lat' dir='ltr'>noster,</span> <span class='ocrx_word' id='word_1_231' title='bbox 1141 3919 1213 3986; x_wconf 83' lang='lat' dir='ltr'>Ave</span> <span class='ocrx_word' id='word_1_232' title='bbox 1237 3919 1358 3986; x_wconf 76' lang='lat' dir='ltr'>Mario</span> <span class='ocrx_word' id='word_1_233' title='bbox 1388 3927 1423 3986; x_wconf 87' lang='lat' dir='ltr'>et</span> <span class='ocrx_word' id='word_1_234' title='bbox 1455 3921 1567 3990; x_wconf 80' lang='lat' dir='ltr'>credo</span> <span class='ocrx_word' id='word_1_235' title='bbox 1600 3929 1733 3990; x_wconf 87' lang='lat' dir='ltr'>secreto</span> 
     </span>
     <span class='ocr_line' id='line_1_32' title="bbox 518 4025 1736 4106; baseline 0.005 -15"><span class='ocrx_word' id='word_1_236' title='bbox 518 4025 724 4091; x_wconf 87' lang='lat' dir='ltr'>recitabitur.</span> <span class='ocrx_word' id='word_1_237' title='bbox 749 4025 1009 4093; x_wconf 85' lang='lat' dir='ltr'>Ebdomadarius</span> <span class='ocrx_word' id='word_1_238' title='bbox 1032 4027 1196 4092; x_wconf 83' lang='lat' dir='ltr'>intonabit.</span> <span class='ocrx_word' id='word_1_239' title='bbox 1210 4028 1306 4094; x_wconf 84' lang='lat' dir='ltr'>Deus</span> <span class='ocrx_word' id='word_1_240' title='bbox 1329 4029 1367 4094; x_wconf 79' lang='lat' dir='ltr'>in</span> <span class='ocrx_word' id='word_1_241' title='bbox 1382 4029 1609 4106; x_wconf 76' lang='lat' dir='ltr'>adiutorium,</span> <span class='ocrx_word' id='word_1_242' title='bbox 1627 4037 1736 4097; x_wconf 86' lang='lat' dir='ltr'>ut&#39;su-</span> 
     </span>
     <span class='ocr_line' id='line_1_33' title="bbox 516 4133 1620 4220; baseline 0.004 -22"><span class='ocrx_word' id='word_1_243' title='bbox 516 4154 585 4220; x_wconf 87' lang='lat' dir='ltr'>pra,</span> <span class='ocrx_word' id='word_1_244' title='bbox 610 4133 727 4200; x_wconf 90' lang='lat' dir='ltr'>deinde</span> <span class='ocrx_word' id='word_1_245' title='bbox 750 4134 910 4220; x_wconf 91' lang='lat' dir='ltr'>hymnum</span> <span class='ocrx_word' id='word_1_246' title='bbox 933 4154 999 4218; x_wconf 92' lang='lat' dir='ltr'>qua</span> <span class='ocrx_word' id='word_1_247' title='bbox 1021 4134 1176 4200; x_wconf 90' lang='lat' dir='ltr'>methodo</span> <span class='ocrx_word' id='word_1_248' title='bbox 1199 4137 1352 4220; x_wconf 91' lang='lat' dir='ltr'>superius</span> <span class='ocrx_word' id='word_1_249' title='bbox 1375 4135 1536 4202; x_wconf 87' lang='lat' dir='ltr'>traditum</span> <span class='ocrx_word' id='word_1_250' title='bbox 1560 4143 1620 4202; x_wconf 91' lang='lat' dir='ltr'>est.</span> 
     </span>
    </p>

    <p class='ocr_par' dir='ltr' id='par_1_8' title="bbox 517 4240 1739 4654">
     <span class='ocr_line' id='line_1_34' title="bbox 604 4240 1735 4331; baseline 0.005 -25"><span class='ocrx_word' id='word_1_251' title='bbox 604 4241 657 4306; x_wconf 87' lang='grc'>39.</span> <span class='ocrx_word' id='word_1_252' title='bbox 682 4241 873 4326; x_wconf 82' lang='lat' dir='ltr'>Antiphone</span> <span class='ocrx_word' id='word_1_253' title='bbox 889 4240 1087 4306; x_wconf 90' lang='lat' dir='ltr'>indicabitur</span> <span class='ocrx_word' id='word_1_254' title='bbox 1104 4260 1124 4305; x_wconf 91' lang='lat' dir='ltr'>a</span> <span class='ocrx_word' id='word_1_255' title='bbox 1141 4240 1353 4328; x_wconf 89' lang='lat' dir='ltr'>cappellano,</span> <span class='ocrx_word' id='word_1_256' title='bbox 1371 4245 1426 4327; x_wconf 94' lang='lat' dir='ltr'>qui</span> <span class='ocrx_word' id='word_1_257' title='bbox 1443 4243 1570 4309; x_wconf 86' lang='lat' dir='ltr'>sedebit</span> <span class='ocrx_word' id='word_1_258' title='bbox 1584 4246 1619 4309; x_wconf 93' lang='lat' dir='ltr'>in</span> <span class='ocrx_word' id='word_1_259' title='bbox 1638 4251 1735 4331; x_wconf 83' lang='lat' dir='ltr'>parte</span> 
     </span>
     <span class='ocr_line' id='line_1_35' title="bbox 517 4340 1733 4438; baseline 0.002 -23"><span class='ocrx_word' id='word_1_260' title='bbox 517 4349 748 4415; x_wconf 89' lang='lat' dir='ltr'>ebdomadario</span> <span class='ocrx_word' id='word_1_261' title='bbox 772 4352 928 4436; x_wconf 90' lang='lat' dir='ltr'>opposita,</span> <span class='ocrx_word' id='word_1_262' title='bbox 953 4349 1100 4435; x_wconf 90' lang='lat' dir='ltr'>psalmus</span> <span class='ocrx_word' id='word_1_263' title='bbox 1124 4340 1242 4416; x_wconf 29' lang='lat' dir='ltr'>autem*</span> <span class='ocrx_word' id='word_1_264' title='bbox 1270 4352 1448 4438; x_wconf 88' lang='lat' dir='ltr'>incipietur</span> <span class='ocrx_word' id='word_1_265' title='bbox 1477 4371 1498 4416; x_wconf 83' lang='lat' dir='ltr'>a</span> <span class='ocrx_word' id='word_1_266' title='bbox 1528 4349 1733 4438; x_wconf 81' lang='lat' dir='ltr'>cappellano</span> 
     </span>
     <span class='ocr_line' id='line_1_36' title="bbox 517 4457 1738 4544; baseline 0.004 -21"><span class='ocrx_word' id='word_1_267' title='bbox 517 4459 573 4542; x_wconf 91' lang='lat' dir='ltr'>qui</span> <span class='ocrx_word' id='word_1_268' title='bbox 596 4477 638 4523; x_wconf 81' lang='lat' dir='ltr'>er</span> <span class='ocrx_word' id='word_1_269' title='bbox 661 4465 757 4544; x_wconf 89' lang='lat' dir='ltr'>parto</span> <span class='ocrx_word' id='word_1_270' title='bbox 780 4457 1000 4524; x_wconf 90' lang='lat' dir='ltr'>ebdomadarii</span> <span class='ocrx_word' id='word_1_271' title='bbox 1024 4458 1077 4522; x_wconf 89' lang='lat' dir='ltr'>sit.</span> <span class='ocrx_word' id='word_1_272' title='bbox 1112 4458 1195 4523; x_wconf 91' lang='lat' dir='ltr'>ltem</span> <span class='ocrx_word' id='word_1_273' title='bbox 1225 4457 1370 4542; x_wconf 88' lang='lat' dir='ltr'>psalmus</span> <span class='ocrx_word' id='word_1_274' title='bbox 1400 4459 1498 4527; x_wconf 81' lang='lat' dir='ltr'>Deus</span> <span class='ocrx_word' id='word_1_275' title='bbox 1526 4459 1564 4526; x_wconf 80' lang='lat' dir='ltr'>ia</span> <span class='ocrx_word' id='word_1_276' title='bbox 1593 4460 1738 4528; x_wconf 77' lang='lat' dir='ltr'>nomiae</span> 
     </span>
     <span class='ocr_line' id='line_1_37' title="bbox 519 4564 1739 4654; baseline 0.002 -22"><span class='ocrx_word' id='word_1_277' title='bbox 519 4571 577 4633; x_wconf 78' lang='lat' dir='ltr'>tao</span> <span class='ocrx_word' id='word_1_278' title='bbox 601 4568 804 4633; x_wconf 88' lang='lat' dir='ltr'>intonabitur</span> <span class='ocrx_word' id='word_1_279' title='bbox 827 4587 847 4631; x_wconf 91' lang='lat' dir='ltr'>a</span> <span class='ocrx_word' id='word_1_280' title='bbox 871 4565 1084 4651; x_wconf 78' lang='lat' dir='ltr'>cappellano,</span> <span class='ocrx_word' id='word_1_281' title='bbox 1109 4567 1163 4649; x_wconf 93' lang='lat' dir='ltr'>qui</span> <span class='ocrx_word' id='word_1_282' title='bbox 1188 4571 1240 4630; x_wconf 87' lang='lat' dir='ltr'>est</span> <span class='ocrx_word' id='word_1_283' title='bbox 1262 4585 1305 4630; x_wconf 85' lang='lat' dir='ltr'>ex</span> <span class='ocrx_word' id='word_1_284' title='bbox 1329 4564 1550 4632; x_wconf 89' lang='lat' dir='ltr'>ebdomadarii</span> <span class='ocrx_word' id='word_1_285' title='bbox 1573 4574 1678 4654; x_wconf 81' lang='lat' dir='ltr'>parte,</span> <span class='ocrx_word' id='word_1_286' title='bbox 1696 4588 1739 4635; x_wconf 88' lang='lat' dir='ltr'>ac</span> 
     </span>
    </p>
   </div>
   <div class='ocr_carea' id='block_1_3' title="bbox 0 0 2096 5717">
    <p class='ocr_par' dir='ltr' id='par_1_9' title="bbox 0 0 2096 5717">
     <span class='ocr_line' id='line_1_38' title="bbox 0 0 2096 5717; baseline 0 0"><span class='ocrx_word' id='word_1_287' title='bbox 0 0 2096 5717; x_wconf 95' lang='lat' dir='ltr'> </span> 
     </span>
    </p>
   </div>
  </div>
 </body>
</html>
