4175 5717
528 753 591 823 102
981 771 1047 822 tm.
1072 769 1107 820 11.

436 882 592 949 Canonici
617 887 651 948 et
674 881 863 958 Praesules,
887 883 914 946 si
937 880 1091 946 aderunt:
1116 882 1165 946 sic
1188 882 1287 945 etiam
1317 897 1428 966 genua
1457 875 1659 947 submittent

436 989 596 1075 Acolythi
619 989 704 1076 apud
728 989 877 1065 abacum,
902 988 1066 1053 stantibus
1091 994 1221 1053 tantum
1256 986 1467 1066 celebrante,
1491 987 1658 1054 Ministris

435 1102 470 1161 et
493 1097 762 1163 Caeremoniario
786 1096 978 1163 Celebranti
1001 1097 1190 1161 assistente.

522 1204 574 1268 30.
601 1203 771 1289 Completo
802 1204 962 1269 orationis
985 1204 1055 1268 sive
1087 1204 1275 1267 orationum
1307 1209 1419 1281 cantu,
1449 1207 1660 1288 consurgent

433 1330 546 1376 omnes
570 1315 604 1376 et
627 1310 747 1376 Clarus
769 1311 804 1374 in
828 1310 931 1375 choro
955 1308 1150 1374 considebit.

521 1417 574 1482 31.
600 1417 726 1483 Ordine
751 1419 903 1502 superius
927 1423 1042 1482 notato
1068 1437 1138 1502 cap.
1163 1417 1221 1483 IV.
1247 1437 1336 1482 num.
1353 1417 1407 1483 92.
1425 1415 1659 1483 Subdiaconus

340 1589 345 1598 ,
432 1526 572 1611 recipiet
594 1524 716 1590 librum
740 1530 774 1590 et
797 1524 946 1590 cantabit
979 1523 1174 1610 Epistulam,
1206 1526 1414 1590 reverentias
1444 1523 1486 1589 ad
1513 1523 1660 1588 chorum

433 1651 631 1715 exsequens,
655 1637 693 1696 ut
715 1630 833 1697 ibidem
865 1631 1115 1717 praescribitur.
1147 1630 1229 1696 Post
1260 1630 1444 1716 Epistolam
1475 1635 1658 1708 mutatam,

434 1737 609 1803 redibitio
633 1737 776 1804 medium
799 1745 877 1804 ante
901 1739 1030 1812 Altare,
1055 1735 1321 1823 genuflexionem
1339 1738 1440 1804 faciet
1455 1737 1495 1804 ad
1513 1737 1659 1804 Crucem

434 1853 469 1910 et
492 1847 699 1910 reverentias
722 1845 764 1910 ad
787 1845 937 1921 chorum,
961 1865 1001 1911 ac
1023 1844 1135 1910 tradet
1157 1845 1280 1911 librum
1305 1843 1575 1911 caeremoniario
1599 1844 1660 1911 val

434 1952 613 2038 Acolytho‚
638 1954 692 2036 qui
716 1954 823 2038 ipsum
846 1954 1023 2019 comitatus
1048 1952 1161 2030 tuerit,
1187 1973 1329 2038 namque
1353 1954 1387 2018 in
1410 1952 1519 2018 Missis
1536 1951 1663 2018 solem-

435 2059 531 2125 nibus
554 2059 594 2124 de
619 2061 733 2143 requie
765 2079 830 2124 nou
863 2060 1071 2125 osculabitur
1102 2080 1234 2126 manum
1270 2059 1489 2127 Celebrantis.
1522 2058 1662 2126 Redibit

433 2165 551 2231 deinde
574 2165 614 2231 ad
638 2166 749 2232 locum
773 2188 869 2232 suum
893 2186 995 2253 prope
1019 2167 1212 2242 Diaconum,
1237 2173 1276 2232 ut
1299 2170 1333 2232 in
1357 2168 1508 2233 introitu.
1601 2205 1603 2210 ·

521 2273 575 2338 32.
600 2274 735 2340 lnterim
759 2279 970 2339 acantorum
988 2274 1091 2338 choro
1107 2274 1299 2340 cantabitur
1315 2273 1493 2352 Graduale,
1511 2273 1660 2339 Tractus

433 2387 468 2446 et
491 2380 680 2464 Sequentia,
705 2400 790 2465 quaa
813 2379 962 2446 canenda
986 2383 1052 2446 erit
1075 2383 1103 2445 si
1127 2401 1194 2446 una
1217 2386 1348 2447 tantum
1372 2382 1479 2446 oratio
1502 2381 1536 2445 in
1552 2379 1661 2446 Missa

433 2487 572 2565 dicetur,
597 2494 632 2553 et
655 2489 762 2553 omitti
785 2488 919 2574 poterit,
943 2488 971 2552 si
995 2487 1110 2574 plures
1135 2494 1236 2553 erunt
1259 2491 1438 2554 orationes.

522 2595 575 2660 33.
599 2595 780 2679 Postquam
805 2594 988 2660 Celebrans
1013 2594 1209 2681 Epistulam,
1235 2594 1414 2672 Graduale,
1439 2595 1598 2660 Tractum
1623 2601 1663 2662 et

434 2701 646 2786 Sequentiam
668 2702 800 2787 legerit,
831 2701 933 2767 saciat
961 2720 1028 2766 una
1059 2720 1134 2765 cum
1166 2702 1328 2767 Ministris
1361 2703 1586 2768 reverentiam
1613 2701 1660 2768 ad

434 2808 575 2876 Crucem
598 2808 737 2874 Altaris.
762 2783 1103 2874 Idem⁴convertetur
1135 2829 1252 2874 versus
1283 2830 1463 2888 scamnum,
1487 2809 1661 2878 Diaconus

433 2937 468 2983 se
492 2920 588 2982 sistet
609 2937 630 2981 a
653 2918 797 2982 sinistris
821 2918 902 2990 eius,
928 2921 961 2981 et
986 2915 1214 2982 Subdiaconus
1239 2916 1434 2995 adexteris,
1450 2915 1663 2984 descendent

435 3023 475 3089 da
498 3024 610 3089 Alteri
633 3044 653 3088 a
677 3024 783 3089 latere
807 3029 842 3088 et
865 3030 1006 3114 pergent
1021 3022 1063 3088 ad
1079 3043 1250 3089 scamnum
1266 3023 1326 3090 sibi
1341 3030 1577 3112 praeparatum
1598 3023 1663 3090 ibi-

435 3151 498 3214 que
522 3130 741 3196 considebuut
764 3132 871 3215 capita
896 3137 1063 3217 cooperto.
1462 3195 1466 3204 ,

525 3237 763 3324 attemptat
793 3237 917 3303 vadent
946 3238 987 3303 ad
1018 3237 1128 3303 latera
1159 3240 1284 3304 scamni
1315 3239 1416 3325 paulo
1446 3245 1525 3305 ante
1556 3259 1663 3324 quam

434 3345 518 3410 illuc
541 3347 655 3410 veniat
678 3345 860 3411 Celebrans
885 3366 959 3410 cum
984 3346 1159 3424 Ministris‚
1184 3353 1222 3412 ut
1245 3349 1391 3432 ipsorum
1403 3354 1532 3433 partem
1549 3335 1664 3434 posta·

434 3454 557 3520 riorem
581 3458 850 3539 paramentorum
874 3451 1052 3538 disponant
1074 3473 1174 3539 super
1197 3453 1347 3519 dorsuali
1362 3453 1508 3520 eiusdem
1528 3457 1661 3522 scamni

435 3567 470 3628 et
493 3559 628 3626 tradant
651 3562 698 3626 eis
722 3561 839 3626 bireta:
863 3580 963 3644 quum
987 3580 1069 3626 vero
1086 3560 1268 3627 Celebrans
1284 3566 1319 3627 et
1335 3562 1479 3627 Ministri
1495 3561 1660 3642 sederint,

435 3667 531 3733 iidem
555 3666 715 3753 Acolytbi
739 3666 838 3733 simul
863 3668 1031 3732 coniuncti
1055 3677 1133 3733 ante
1158 3668 1391 3734 Celebrantem
1407 3670 1661 3738 reverebuntur

435 3794 510 3840 eum
534 3779 569 3839 et
591 3773 632 3839 ad
656 3774 767 3840 locum
791 3795 887 3839 suum
911 3780 989 3839 ante
1013 3774 1152 3841 abacum
1177 3775 1342 3841 redibunt.

522 3881 575 3946 35.
601 3881 634 3946 Si
658 3881 817 3947 candelae
842 3881 942 3947 Claro
966 3880 1213 3948 distribuendae
1237 3890 1350 3960 erunt,
1373 3883 1438 3949 duo
1462 3884 1578 3950 clerici
1599 3886 1659 3954 vel

434 3989 533 4054 etiam
557 3987 672 4074 plures
695 4008 755 4074 pro
778 4007 916 4053 numero
939 3994 973 4055 et
996 3988 1160 4071 qualitate
1185 3987 1285 4064 Cleri,
1309 3992 1475 4077 accipiant
1490 4010 1534 4056 ex
1550 3989 1658 4060 abaco

432 4093 589 4159 candelas
613 4101 648 4159 et
671 4093 852 4179 procedent
874 4096 908 4159 in
939 4094 1082 4161 medium
1113 4103 1191 4162 ante
1221 4097 1352 4173 Altare,
1383 4095 1658 4183 genuflexionem

431 4200 473 4266 ad
499 4201 640 4267 Crucem
665 4210 699 4266 et
722 4203 930 4267 reverentias
954 4201 1033 4267 hinc
1056 4210 1090 4270 et
1113 4203 1189 4269 inde
1205 4204 1246 4268 ad
1265 4204 1399 4271 Clarum
1419 4204 1573 4283 efficient,
1590 4208 1658 4293 pri·

429 4330 482 4373 mo
506 4330 550 4375 ex
574 4317 668 4395 parte
693 4308 876 4395 Evangelii,
902 4309 1019 4376 deinde
1044 4311 1224 4397 Epistolae;
1250 4311 1449 4379 dirimentur
1464 4320 1502 4379 et
1516 4315 1659 4382 venient

430 4422 571 4499 uterque
594 4416 635 4482 ad
660 4415 750 4482 latus
774 4437 870 4480 suum
894 4416 1002 4500 ibique
1026 4419 1176 4503 singulas
1192 4418 1349 4485 candelas
1365 4421 1506 4506 singulis
1522 4422 1556 4485 in
1575 4421 1658 4487 cho-

429 4541 468 4586 ro
492 4521 701 4590 distribuent.
727 4524 761 4590 Si
785 4526 930 4591 transire
954 4523 1097 4590 debeant
1118 4532 1197 4590 ante
1221 4526 1455 4594 Celebrantem
1478 4526 1657 4594 sedentem

433 4631 679 4696 reverebuntur
702 4652 787 4698 eum.
812 4631 1051 4697 Distributione
1074 4640 1220 4718 peracta,
1251 4633 1408 4702 redibunt
1431 4637 1464 4702 in
1497 4633 1655 4716 medium,
