4175 5717
528 713 571 784 72
978 737 1044 786 nm.
1069 737 1103 786 ιι.

436 847 579 934 pixidem
601 861 703 934 supra
724 846 845 914 nodum
868 847 1004 912 sinistra
1025 849 1173 934 accipiet,
1190 853 1225 914 et
1241 847 1381 916 dextera
1396 867 1496 918 unam
1509 843 1553 920 S:
1568 853 1657 918 Par·

436 956 573 1022 ticulam
584 955 713 1032 educet
725 961 942 1022 convertetur
953 954 994 1020 ad
1005 955 1304 1035 communicandos,
1318 956 1406 1024 dicet
1417 957 1507 1026 Boea
1520 955 1657 1047 ΑΜ

437 1063 503 1130 Dei
523 1069 586 1130 etc.
610 1069 664 1128 ter
686 1061 936 1140 Domitianos
957 1081 1038 1130 mem
1062 1065 1195 1150 diosus
1217 1070 1283 1131 etot
1299 1071 1336 1132 et
1349 1053 1530 1132 Diaconum
1540 1067 1657 1156 primo

436 1175 508 1236 tum
530 1169 773 1238 subdiaconum
796 1170 1058 1236 communicabit.
1186 1185 1189 1190 ·
1436 1199 1438 1204 ·

526 1278 576 1342 18.
601 1278 820 1362 Posteaquam
843 1277 1007 1344 Diaconus
1022 1283 1055 1343 et
1072 1277 1298 1350 Su'bdlaeonua
1314 1278 1346 1346 S.
1374 1277 1651 1348 Communionem

435 1385 647 1470 sumpserint,
670 1383 859 1471 Aoolytbus
881 1386 1006 1472 primus
1028 1387 1140 1451 statim
1164 1386 1515 1454 retrahettobaleam.
1533 1389 1654 1456 Diaeu-

437 1514 499 1559 nus
523 1499 558 1558 et
580 1491 806 1560 Subdiaoonns
834 1498 1049 1578 consurgent,
1080 1489 1315 1580 genuflectent,
1346 1499 1381 1560 et
1411 1489 1579 1562 Diaconos
1606 1495 1653 1562 ad

438 1601 645 1668 Celebrantis
667 1599 850 1678 dexteram,
874 1601 943 1667 eive
965 1599 1007 1666 ad
1029 1600 1120 1666 latus
1143 1600 1329 1686 Evangelii,
1354 1607 1389 1668 et
1417 1601 1652 1676 Subdiaoonue

436 1708 478 1774 ad
500 1708 668 1774 sinistram
690 1708 762 1774 sire
783 1707 824 1774 ad
847 1707 937 1774 latus
960 1705 1131 1794 Epistolee
1154 1707 1318 1787 redibunt,
1335 1708 1444 1794 ibique
1458 1703 1652 1778 dumffi·

436 1818 547 1882 munio
570 1815 821 1891 ministrabitur,
845 1815 980 1880 stabunt
1002 1817 1124 1882 iunctis
1140 1815 1300 1885 menibus.
1318 1816 1451 1882 Interea
1463 1815 1651 1884 Oelebrtn's

436 1943 503 1989 non
526 1923 713 1989 movebitur
734 1941 754 1988 e
776 1922 853 1998 sito,
876 1939 941 2006 qno
963 1927 1047 1988 eret.
1473 1939 1478 1948 ·
1524 1925 1526 1930 '

526 2030 577 2096 19.
601 2029 636 2096 si
658 2049 729 2095 mos
751 2031 827 2108 erit,
851 2029 1014 2096 Diaconus
1044 2025 1185 2095 dextera
1213 2031 1353 2116 accipiet
1381 2037 1547 2117 patenam,
1578 2049 1653 2098 non

434 2137 592 2205 adhibens
614 2135 885 2224 purificatorium,
916 2155 1054 2222 eamque
1084 2137 1322 2204 communionis
1356 2145 1523 2206 momento
1553 2143 1653 2206 oonn'-

434 2244 708 2313 mnnicandorum
730 2249 842 2311 mento
864 2250 1038 2332 supponet.

520 2353 575 2422 20.
599 2352 634 2420 Si
657 2352 822 2419 Diaconos
845 2357 880 2418 et
902 2350 1129 2418 Subdiaconus
1153 2349 1193 2416 de
1216 2371 1313 2417 sacra
1334 2371 1449 2420 mensa
1470 2371 1537 2420 non
1566 2371 1653 2442 pnr-

433 2462 602 2548 tioipeturi
624 2461 702 2538 sint,
726 2465 801 2548 post
822 2459 1085 2546 Iadolyeotmm
1108 2465 1172 2525 etc.
1196 2458 1320 2526 vadent
1341 2459 1383 2526 ad
1405 2460 1515 2528 latera
1533 2457 1655 2530 ¹(lale--

434 2569 571 2647 brantis,
595 2574 766 2655 utsupra,
789 2565 1016 2655 genuflectent
1037 2571 1163 2634 etcum
1187 2587 1226 2634 eo
1241 2571 1482 2634 convertentur
1498 2545 1656 2664 adcom-

435 2675 660 2744 municandos.
1092 2761 1094 2766 Ι

520 2783 574 2852 21.
599 2783 634 2852 Si
655 2782 800 2852 aderunt
822 2780 1028 2860 Sacerdotes,
1053 2779 1107 2868 qui
1131 2779 1163 2848 S.
1195 2779 1439 2848 Eucharistinm
1470 2771 1653 2880 accipient,

434 2890 500 2958 duo
522 2890 638 2960 clerici
659 2891 739 2958 huic
761 2888 868 2958 officio
888 2889 1045 2975 delegati,
1070 2892 1202 2956 sument
1224 2887 1329 2954 stolas
1351 2886 1392 2954 de
1414 2887 1522 2958 abaco¹
1538 2889 1654 2974 anue

433 3001 609 3086 porrigent
630 3005 669 3066 nt
691 2999 781 3065 collo
802 2998 981 3084 imponant
1005 2998 1066 3084 ipsi
1080 3001 1191 3064 autem
1208 2994 1324 3061 clerici
1338 2995 1548 3061 meminerint
1570 2995 1654 3064 illas

433 3109 592 3194 recipere,
615 3127 716 3194 quum
738 3106 817 3173 dicti
840 3104 1036 3173 Sacerdotes
1059 3109 1134 3191 post
1168 3103 1437 3170 Communionem
1461 3101 1503 3168 de
1533 3101 1657 3172 Alteri

433 3211 675 3280 descenderint.
700 3211 735 3282 Si
758 3213 921 3280 stolarum
944 3231 1103 3278 numerus
1135 3230 1200 3277 non
1234 3212 1314 3276 satis
1337 3211 1389 3290 sit,
1421 3209 1486 3275 duo
1516 3211 1654 3298 priores

434 3318 641 3400 Sacerdotes,
666 3321 894 3388 communione
916 3323 1062 3408 peracta,
1086 3317 1147 3386 sibi
1171 3318 1291 3384 stolam
1315 3315 1492 3384 detrahent
1515 3317 1549 3384 et
1567 3303 1653 3406 ,tra-

433 3425 514 3494 dent
535 3427 680 3518 clericis,
704 3428 739 3495 hi
762 3449 843 3496 rere
866 3428 987 3496 ceteris
1009 3427 1253 3506 Sacerdotibus,
1277 3427 1333 3510 qui
1354 3423 1525 3492 carebunt
1595 3477 1597 3482 -

519 3534 573 3601 22.
597 3535 776 3621 Postquam
799 3537 964 3603 Diaconos
986 3540 1022 3601 et
1036 3533 1273 3612 subdiaconus,
1289 3553 1386 3600 sacra
1402 3533 1651 3602 Communione

432 3647 571 3728 sumpta,
594 3642 629 3706 in
653 3642 896 3730 suppedaneum
919 3641 1131 3710 ascenderint
1149 3641 1190 3708 ad
1213 3641 1322 3707 latera
1339 3639 1563 3719 celebrantis,
1574 3639 1652 3710 duo

432 3745 593 3838 praedicti
623 3748 784 3838 Aoolythi
816 3771 934 3818 rursus
964 3747 1148 3818 extendent
1177 3754 1212 3816 et
1238 3747 1450 3815 sustinebunt
1478 3747 1652 3820 tobaleam

432 3861 510 3930 ante
530 3851 831 3925 ¹communicandos.
1343 3947 1345 3952 Ι
1606 3849 1609 3854 ’

518 3964 573 4032 23.
596 3965 669 4032 Duo
684 3966 781 4053 primi
795 3965 1055 4036 communicandi
1071 3972 1258 4052 assurgent,
1277 3961 1513 4052 genuflectent,
1529 3987 1649 4046 ascen.-
1722 4015 1724 4028 .

429 4072 512 4140 dent
533 4072 576 4139 ad
598 4073 727 4152 Altare,
751 4076 990 4159 geniculebunt
1010 4077 1045 4141 in
1067 4077 1279 4141 extremitate
1302 4075 1463 4140 anteriori
1479 4075 1650 4163 suppeda-

430 4181 485 4246 nei
507 4188 543 4246 et
565 4179 605 4248 S:
622 4181 891 4250 communionem
913 4185 1087 4269 accipient.
1105 4183 1190 4248 Dum
1205 4181 1493 4249 communicabunt
1508 4191 1642 4270 priores

431 4284 505 4367 duo,
537 4296 669 4376 praesto
700 4297 800 4356 erunt
829 4291 929 4358 alteri
960 4289 1024 4357 duo
1055 4289 1096 4357 ad
1126 4291 1226 4356 imum
1258 4290 1396 4369 Altaris,
1427 4296 1463 4357 et
1494 4291 1550 4358 ubi
1580 4292 1650 4360 duo

429 4397 558 4480 priores
581 4397 865 4478 consurrexeriut,
890 4393 1117 4484 genuflectent
1140 4405 1174 4464 et
1188 4397 1369 4467 ascendent
1385 4397 1426 4468 ad
1442 4399 1575 4490 Altare,
1589 4381 1649 4470 ubl

430 4495 525 4568 flexis
547 4505 687 4588 genibus
707 4512 858 4600 sanctam
881 4507 1031 4572 Hostiam
1054 4507 1226 4591 accipient.
1252 4506 1324 4572 Duo
1349 4509 1478 4593 priores
1510 4507 1566 4576 ubi
1588 4529 1648 4576 aa·

431 4613 653 4691 surrexerint,
670 4613 867 4682 dirimentur
890 4621 929 4682 ut
951 4613 1063 4682 locum
1085 4613 1166 4680 dent
1188 4615 1343 4681 secundis
1364 4614 1406 4680 ad
1431 4615 1551 4684 Altare
1573 4639 1649 4685 suc·
