4175 5717
967 662 1037 707 isar.
1062 664 1121 708 vri.
1522 643 1566 706 95

524 765 595 834 160.
621 765 753 832 Redibit
776 768 809 831 iu
833 768 972 831 chorum
996 767 1052 832 vel
1075 766 1116 832 ad
1131 767 1280 841 abacum,
1298 775 1332 831 et
1354 767 1526 833 functione
1554 786 1653 853 pera-

432 879 498 950 cta,
523 892 597 939 cum
622 873 752 957 reliquo
778 873 877 939 Claro
901 874 935 938 in
960 876 1143 941 sacrarium
1167 878 1369 940 revertetur.

786 1085 819 1174 ἓ.
849 1089 897 1153 17.
923 1090 966 1155 In
999 1089 1300 1157 Processioctbus.

522 1305 595 1373 161.
621 1306 657 1369 ln
681 1303 948 1390 processionibus
983 1306 1154 1381 maiorum,
1188 1306 1415 1389 minorumque
1447 1304 1653 1370 Litaniarunr

431 1419 574 1476 nonest
609 1411 826 1477 thuriferario
857 1411 962 1477 locus.
996 1412 1045 1478 hd
1077 1413 1209 1479 Missam
1241 1412 1433 1489 solemnem,
1466 1431 1550 1495 quae
1580 1420 1655 1497 post

429 1520 675 1603 processionem
699 1519 898 1596 cantabit-ur,
924 1518 1063 1606 idipsum
1080 1520 1310 1586 observabitur
1326 1518 1412 1604 quod
1429 1520 1462 1583 in
1473 1518 1565 1600 hanc
1582 1538 1651 1584 rem

429 1626 585 1712 superius
609 1623 851 1711 descripsimus.
885 1666 889 1673 ‚

754 1842 785 1923 5.
815 1841 864 1905 18.
890 1841 934 1908 In
956 1842 1079 1927 cipitia
1102 1840 1335 1908 Pentecostes.

526 2055 597 2119 162.
624 2056 659 2118 ln
684 2055 747 2119 hac
770 2055 942 2121 functione
965 2055 1174 2121 thuriferarii
1197 2054 1339 2122 officium
1363 2056 1500 2126 aMissa
1515 2056 1654 2121 solemni

429 2161 630 2246 principium
654 2164 763 2238 sumit,
789 2182 895 2247 neque
921 2162 1025 2227 ullam
1049 2163 1148 2228 habet
1172 2163 1423 2229 attributionem
1454 2165 1488 2228 in
1518 2161 1655 2227 benedi-

428 2267 544 2332 ctione
569 2267 679 2333 sontis.
705 2269 848 2355 Operam
872 2276 982 2335 tamen
1006 2290 1099 2336 suam
1122 2276 1294 2356 praestare
1324 2272 1447 2357 poterit
1476 2272 1510 2334 in
1541 2270 1654 2353 aliqua

429 2376 574 2449 actione,
599 2395 683 2459 quae
707 2396 727 2440 a
752 2377 1017 2442 anremoniario
1040 2378 1101 2463 ipsi
1125 2376 1333 2443 indicabitur.

613 2595 644 2675 fi.
673 2591 1122 2676 19.1nproeessioness.
1151 2593 1318 2677 eorporis
1344 2593 1476 2660 Christ

534 2707 565 2765 ct
589 2699 626 2765 in
649 2702 775 2766 ceteris
795 2720 864 2783 pro
887 2701 1071 2785 functione
1094 2701 1264 2767 orationis
1287 2701 1358 2767 XL.
1383 2702 1557 2768 horarum

662 2814 695 2875 at
719 2808 842 2875 tertzbe
865 2808 1067 2875 Dominicae
1090 2807 1265 2894 cujusque
1286 2808 1427 2875 mensas.

530 3024 601 3088 163.
627 3023 858 3090 Observantur
881 3024 1079 3088 documenta
1110 3025 1263 3109 superius
1290 3043 1378 3088 num.
1405 3022 1478 3088 102.
1503 3027 1537 3087 et
1567 3042 1656 3105 seqq.

435 3131 562 3196 tradita
586 3131 619 3194 in
650 3130 821 3196 functione
852 3130 892 3196 de
917 3131 1028 3196 Coena
1062 3130 1199 3198 Domini.
1232 3128 1420 3195 Adventant
1448 3135 1559 3194 tamen
1589 3128 1656 3193 bini

434 3239 655 3314 thuriferarii,
681 3246 717 3303 ut
741 3259 879 3304 reversa
902 3240 934 3303 in
960 3238 1145 3304 Ecclesiam
1169 3238 1378 3324 processione
1402 3242 1437 3301 et
1460 3235 1517 3301 SS.
1542 3236 1657 3301 Sacra·

435 3353 550 3411 mento
574 3368 593 3409 a
621 3347 820 3412 Celebrante
847 3345 1049 3421 thurificato,
1082 3352 1223 3431 pergant
1252 3344 1293 3410 ad
1323 3342 1515 3429 deponenda
1545 3343 1657 3408 thuri-

436 3454 520 3520 bula
543 3474 617 3518 cunr
642 3453 814 3519 naviculis.

531 3563 603 3626 164.
628 3561 661 3626 Si
679 3563 711 3626 in
728 3563 946 3647 processionis
965 3563 1084 3626 itinere
1098 3561 1213 3644 aliqua
1228 3558 1284 3626 flet
1301 3559 1410 3635 statio,
1431 3564 1658 3643 exsequentur

437 3690 526 3754 quae
549 3668 637 3734 dicta
660 3671 794 3735 suntin
819 3671 928 3736 Coena
952 3671 1079 3735 Domini
1103 3669 1144 3734 ad
1169 3668 1348 3744 Sacellum,
1372 3669 1406 3732 in
1429 3688 1494 3751 quo
1517 3669 1583 3733 erit
1599 3667 1656 3733 SS.

438 3777 692 3842 Sacramentum
716 3779 912 3862 expositum.
937 3778 971 3843 Si
995 3799 1077 3863 opus
1093 3777 1196 3842 fuerit
1213 3782 1247 3841 et
1261 3774 1484 3852 commoditas,
1501 3793 1658 3864 perquam

437 3884 570 3949 solicite
595 3886 800 3950 renovabunt
826 3886 989 3950 thuribuli
1014 3888 1132 3970 ignem.

744 4104 774 4182 §-
799 4101 852 4166 20.
879 4102 922 4167 Ic
946 4103 1025 4167 aliis
1050 4100 1348 4168 Processionibus.

534 4314 604 4378 165.
631 4317 756 4390 Quibus
779 4316 1044 4403 processionibus
1070 4316 1242 4399 Reliquiae
1266 4317 1406 4381 alicuius
1431 4315 1542 4379 Sancti
1558 4336 1578 4378 a
1596 4315 1659 4379 Ce-

439 4422 595 4487 lebrante
611 4432 796 4506 gestantur,
813 4426 1052 4491 thuriferarius
1065 4427 1098 4489 in
1116 4446 1252 4490 accessu
1268 4424 1308 4489 ad
1322 4423 1450 4492 Altare.
1468 4424 1658 4508 priusquam

442 4531 706 4615 processionibus
732 4533 859 4596 initium
884 4531 950 4599 tiat.
976 4554 1050 4598 cum
1077 4532 1249 4598 thuribulo
1266 4548 1294 4595 ct
1315 4531 1470 4596 uaricula
1493 4530 1659 4615 acolythis

443 4637 594 4724 praeibit.
1192 4638 1218 4690 ί
