4175 5717
529 753 592 823 106
983 769 1050 823 nin.
1076 769 1110 823 n.

524 887 578 951 64.
604 885 713 960 Quum
738 882 918 950 celebrans
949 883 1088 950 calicem
1112 902 1213 970 super
1246 882 1422 970 corporale
1457 875 1664 970 deposuerit,

438 996 603 1060 Diaconus
627 994 767 1078 accipiet
789 991 914 1078 pallam
938 1011 1043 1075 eaque
1066 990 1205 1057 calicem
1229 991 1409 1078 cooperiet.

525 1102 579 1168 65.
604 1099 833 1167 Subdiaccuus
856 1101 987 1165 interea
1009 1097 1087 1164 dum
1111 1098 1226 1165 calicis
1249 1098 1307 1165 flet
1322 1099 1459 1177 oblatio,
1475 1117 1665 1166 conversus

438 1230 538 1297 super
561 1208 734 1274 dexteram
759 1226 862 1284 suam,
887 1208 921 1271 in
945 1205 1088 1272 medium
1119 1206 1158 1272 de
1193 1207 1305 1273 Alteri
1336 1204 1525 1284 descendet
1559 1225 1670 1292 genu·

438 1316 551 1383 flectet
573 1315 613 1381 ad
639 1315 778 1381 Crucem
801 1320 879 1379 aute
904 1311 1050 1379 infimum
1067 1314 1217 1400 gradum,
1234 1316 1422 1399 iterumque
1439 1312 1600 1380 ascendet
1621 1311 1668 1379 ed

435 1426 555 1504 Altare
578 1431 613 1489 et
635 1421 797 1488 consistet
818 1441 839 1486 a
861 1422 1007 1486 sinistris
1032 1420 1251 1488 Celebrantis.

525 1531 579 1596 66.
604 1529 716 1596 calice
745 1549 767 1594 a
800 1529 946 1593 Diacono
980 1535 1148 1614 cooperto,
1184 1527 1261 1594 dum
1294 1528 1475 1596 Celebrans
1507 1527 1668 1596 recitabit

437 1640 620 1704 orationem
645 1638 689 1704 Ia
711 1637 842 1720 spiritu
865 1636 1073 1703 bumilitate
1097 1643 1160 1701 etc.
1184 1637 1425 1703 thuriferarius
1449 1656 1525 1703 cum
1551 1636 1667 1704 thuri·

434 1746 514 1812 bulo
538 1752 573 1811 et
595 1743 753 1810 navicula
775 1764 795 1808 a
812 1743 921 1809 latere
937 1743 1096 1809 ascendet
1112 1743 1154 1809 ad
1170 1744 1289 1810 Altare
1305 1765 1348 1809 ex
1365 1750 1460 1831 parte
1477 1743 1665 1830 Epistolae.

524 1854 577 1918 67.
603 1853 767 1918 Diaconus
792 1851 963 1916 incensum
988 1851 1190 1916 ministrabit
1214 1850 1416 1929 Celebranti‚
1441 1853 1496 1936 qui
1520 1850 1607 1917 illud
1627 1853 1665 1916 iu

436 1960 646 2027 thuribulum
669 1958 821 2024 demittet
843 1978 919 2023 curn
943 1957 1172 2023 benedictione
1197 1960 1342 2024 recitans
1375 1959 1553 2024 formulam
1588 1959 1666 2027 Per

433 2069 719 2136 intercessionem
742 2073 806 2132 etc.
831 2065 954 2132 Postea
977 2065 1217 2131 thuriferarius
1247 2068 1389 2152 recipiet
1418 2068 1611 2133 naviculam
1642 2087 1665 2134 a

358 2247 363 2256 ¹
434 2177 589 2250 Diacouo‚
614 2177 711 2260 eique
733 2173 846 2239 tradet
870 2172 1090 2250 thuribulum,
1114 2172 1155 2238 de
1179 2173 1290 2239 Alteri
1306 2173 1495 2252 descendet,
1516 2179 1664 2262 reponet

433 2284 621 2350 naviculam
638 2285 672 2348 in
688 2283 800 2358 abaco,
819 2288 854 2347 et
876 2283 910 2347 in
927 2282 1026 2368 plano
1043 2283 1234 2368 expectabit
1250 2302 1351 2369 prope
1367 2283 1457 2349 latus
1475 2283 1662 2370 Epistolae,

432 2390 537 2456 donec
561 2391 725 2456 Diaconus
749 2395 824 2476 post
846 2388 1127 2456 thurificationem
1152 2392 1308 2456 restituet
1329 2391 1391 2476 ipsi
1413 2390 1639 2458 thuribulum.

521 2499 573 2564 68.
600 2498 668 2563 Nisi
691 2497 800 2563 aderit
823 2496 1113 2563 caeremoniarius
1138 2497 1193 2562 vel
1216 2497 1285 2562 alia
1302 2517 1339 2562 re
1355 2496 1582 2584 impediretur,
1601 2521 1663 2567 cu·

432 2629 491 2674 rae
515 2610 558 2673 sit
580 2607 800 2672 thuriferario
823 2625 979 2672 amovere
1002 2605 1042 2671 de
1066 2606 1178 2673 Alteri
1202 2606 1338 2673 Missale
1354 2627 1429 2673 cum
1445 2609 1581 2675 cussino
1599 2630 1664 2678 seu

433 2715 528 2800 legili
551 2721 701 2801 tempore
724 2711 993 2780 thurificationis.

520 2823 573 2888 69.
597 2823 763 2888 Diaconus
793 2820 1003 2886 thuribulum
1037 2840 1058 2885 a
1088 2820 1307 2887 thuriferario
1340 2827 1513 2908 acceptum
1544 2824 1665 2894 tradet

434 2930 635 3006 celebranti,
660 2930 715 3013 qui
738 2928 886 2994 adolebit
909 2926 1033 2994 Oblata
1057 2929 1124 2993 ritu
1141 2948 1201 3013 pro
1218 2929 1326 2994 Missis
1343 2929 1547 2996 solemnibus
1564 2951 1666 3018 prae·

432 3041 565 3124 scripto.
590 3038 755 3102 Diaconus
779 3036 957 3101 sustinebit
981 3036 1120 3101 calicem
1143 3043 1177 3102 et
1200 3037 1368 3123 planetam
1393 3037 1608 3106 celebrantis
1628 3043 1663 3108 in

430 3143 678 3212 thurificatione
702 3144 841 3216 Altaria
866 3145 1010 3227 itemque
1034 3142 1262 3209 Subdiaccuus
1286 3145 1465 3210 asinistris
1481 3145 1660 3234 planetam

432 3274 507 3319 curn
531 3253 676 3317 Diacono
700 3250 884 3324 sustinebit,
902 3256 940 3315 ut
963 3248 1000 3314 fit
1014 3248 1057 3315 ad
1073 3249 1353 3317 thurificationem
1370 3254 1403 3318 in
1420 3253 1561 3318 introitu
1579 3254 1663 3322 Mis-

435 3380 547 3425 sarum
571 3359 778 3425 solemnium

521 3467 573 3531 70.
599 3466 665 3532 Sub
690 3464 787 3532 finem
811 3462 1069 3532 thurificationis
1092 3466 1236 3532 aderunt
1266 3466 1431 3533 secundus
1462 3467 1661 3556 Acolythus
1721 3537 1723 3542 .

433 3595 508 3639 cum
530 3593 635 3657 aquae
658 3573 808 3660 ampulla
830 3581 865 3638 et
887 3594 962 3638 cum
986 3573 1166 3659 pelvicula,
1198 3576 1324 3660 primus
1356 3574 1547 3662 Acolythus
1580 3597 1662 3644 cum

433 3680 603 3746 sudariolo
626 3700 685 3746 seu
716 3682 937 3766 manutergio,
969 3687 1006 3746 ut
1037 3701 1194 3746 manuum
1225 3682 1429 3747 ablutionem
1461 3681 1661 3752 celebranti

431 3792 631 3866 ministrent,
656 3789 875 3855 subsistentes
899 3796 977 3856 ante
1012 3789 1159 3854 intimum
1190 3790 1330 3875 gradum
1361 3791 1479 3877 procul
1509 3791 1551 3856 ab
1584 3793 1660 3880 ipso

432 3904 577 3982 quatuor
599 3902 659 3962 aut
681 3898 826 3981 quinque
848 3898 1010 3983 passibus,
1034 3917 1076 3962 ne
1101 3900 1280 3964 transitum
1305 3898 1465 3964 Ministris
1490 3899 1523 3964 iu
1547 3899 1662 3966 thuri-

432 4004 586 4071 ficatione
610 4004 819 4089 prohibeant..

519 4114 571 4176 71.
596 4112 815 4188 celebrantis,
840 4118 976 4197 peracta
998 4112 1247 4178 thurificatione
1271 4113 1408 4189 Altaria
1433 4121 1562 4200 partem
1594 4135 1661 4203 po-

429 4221 604 4285 steriorem
616 4220 771 4305 planetae
784 4220 928 4284 Ministri
943 4219 1129 4296 demittent,
1147 4221 1311 4286 Diaconus
1324 4222 1484 4288 subsistet
1499 4223 1531 4287 in
1546 4224 1660 4309 gradu

431 4329 595 4411 superiori
619 4347 657 4392 ac
682 4326 891 4392 thuribulum
914 4328 1056 4412 accipiet
1072 4349 1092 4392 a
1109 4327 1308 4394 Celebraute
1324 4329 1456 4395 dicente
1473 4330 1660 4403 Acceadaf

431 4439 494 4497 etc.
521 4436 613 4498 utin
637 4435 712 4498 aliis
737 4431 844 4498 Missis
868 4434 1082 4499 solemnibus.
1099 4435 1247 4520 Accepto
1263 4436 1448 4513 thuribulo
1472 4436 1660 4508 descendet

431 4561 506 4607 cum
531 4542 738 4609 subdiacono
760 4543 801 4609 de
824 4542 980 4629 gradibus
1003 4563 1023 4607 a
1047 4544 1165 4619 latere,
1190 4550 1224 4609 et
1248 4546 1280 4609 in
1305 4544 1406 4629 plano
1430 4553 1659 4620 convertetur,

433 4667 506 4713 cum
531 4669 570 4714 eo
593 4650 634 4716 ad
660 4651 902 4728 Celebrantem,
926 4671 1023 4736 quem
1047 4653 1238 4716 reverentia
1261 4652 1427 4736 profunda
1454 4651 1658 4722 salutabunt
