4175 5717
521 707 588 774 242
986 731 1053 779 ura.
1085 733 1105 778 1.

433 835 542 920 ibique
578 840 801 906 reverentiam
836 837 1035 924 profundam
1067 837 1167 902 Cruci
1201 834 1332 912 efficiet,
1364 842 1435 902 tum
1465 835 1506 902 ad
1538 835 1664 902 Altera

430 943 588 1008 ascendet
610 944 707 1028 idque
730 946 938 1011 osculabitur
961 946 995 1010 in
1019 944 1136 1020 medio,
1160 963 1200 1008 ac
1223 941 1440 1020 thurificabit,
1471 943 1550 1027 quin
1580 961 1665 1008 rur-

433 1070 488 1114 sus
512 1052 683 1118 incensum
708 1053 741 1118 in
765 1052 975 1118 thuribulum
999 1053 1166 1118 immittat.
1190 1050 1352 1136 Deinceps
1376 1069 1426 1126 ea,
1450 1067 1535 1134 quae
1565 1067 1665 1136 supe·

291 1233 298 1250 ‚
431 1158 502 1226 rius
526 1167 642 1226 notata
664 1169 753 1238 sunt,
779 1167 1026 1246 exsequetur.‘

777 1383 809 1464 g.
832 1379 865 1444 3.
891 1378 935 1444 Ia
963 1377 1142 1446 Matutino
1166 1379 1314 1445 solemni

519 1608 571 1671 84.
596 1602 781 1670 Celebrans
805 1595 966 1662 induetur
989 1593 1245 1680 superpelliceo,
1270 1595 1325 1659 vel
1348 1593 1416 1660 alio
1439 1595 1561 1680 insigni
1584 1595 1666 1662 cho·

431 1715 505 1792 rali,
529 1712 617 1797 quod
641 1707 847 1795 regulariter
871 1722 1067 1770 concessum
1092 1702 1136 1767 sit
1158 1701 1322 1788 Capitale,
1347 1703 1402 1767 cui
1424 1699 1662 1772 estuduimus.

519 1820 571 1886 85.
599 1818 649 1883 Ad
674 1820 793 1881 nutum
818 1810 1081 1878 Caeremoniarii
1105 1808 1146 1874 de
1170 1811 1318 1876 sacrario
1341 1807 1497 1885 discedet,
1514 1809 1662 1876 biretum

430 1949 528 1996 manu
554 1926 722 1990 sustinens
749 1939 785 1986 se
810 1918 986 1984 inclinabit
1007 1916 1050 1981 ad
1077 1916 1230 1994 Crucem,
1254 1916 1309 1982 vel
1333 1915 1375 1982 ad
1399 1917 1573 2001 imaginem
1595 1919 1664 2004 pri·

432 2038 567 2103 mariam
599 2032 748 2107 sacrarii,
775 2035 810 2096 et
832 2026 873 2092 ad
897 2027 989 2092 fores
1021 2025 1195 2092 Ecclesiae
1228 2046 1264 2091 se
1293 2044 1379 2110 aqua
1408 2024 1585 2092 benedicta
1612 2027 1663 2092 si-

431 2144 557 2231 gnabit,
583 2159 681 2224 quam
706 2139 737 2203 ei
760 2137 912 2222 porriget
936 2134 1236 2200 Caeremoniarius.

519 2251 572 2316 86.
604 2247 656 2314 Ad
688 2244 812 2310 Altera
844 2249 1018 2329 postquam
1050 2243 1239 2317 accesserit,
1272 2244 1464 2307 reverentia
1493 2243 1663 2329 profunda

431 2357 648 2425 venerabitur
672 2354 823 2429 Crucem,
851 2369 964 2436 genua
987 2350 1162 2416 submittet
1184 2351 1218 2414 in
1242 2349 1349 2435 gradu
1373 2348 1496 2426 infimo,
1519 2349 1576 2416 ubi
1604 2347 1664 2418 tle-

432 2470 483 2535 xis
508 2464 649 2552 genibus
672 2460 828 2536 manebit,
854 2457 963 2524 donec
985 2459 1016 2523 ei
1039 2478 1059 2522 a
1084 2455 1354 2524 Caeremoniario
1377 2457 1588 2536 indicabitur,
1621 2465 1662 2526 ut

431 2585 561 2662 tempus
585 2567 798 2659 geniculandi
823 2569 856 2633 in
880 2567 975 2632 chori
998 2566 1099 2652 plano
1124 2564 1224 2630 Clero
1247 2564 1487 2652 suppeditetur.

519 2683 573 2747 87.
602 2680 687 2744 Toto
711 2677 815 2743 choro
845 2673 1092 2759 adgeniculato,
1124 2673 1309 2738 orationem
1339 2679 1471 2740 secreto
1503 2673 1681 2740 recitabit.

432 2792 552 2876 epm,
577 2773 733 2862 Domine,
758 2789 822 2850 etc.
848 2787 923 2868 post
947 2800 1044 2865 quam
1068 2785 1234 2866 assurget,
1259 2783 1484 2848 reverentiam
1512 2781 1659 2868 profun-

432 2900 505 2966 dam
531 2897 631 2964 Cruci
656 2893 800 2968 iterabit,
826 2888 988 2956 salutabit
1005 2888 1152 2964 Clerum,
1171 2894 1288 2974 perget
1303 2887 1344 2953 ad
1359 2890 1502 2974 primum
1518 2889 1659 2956 stallum

432 3009 466 3073 in
491 3011 629 3092 partem,
655 3020 738 3086 quae
762 2999 803 3066 ad
827 3017 903 3063 eum
927 3003 1065 3082 spectat,
1091 2996 1146 3060 ubi
1169 2994 1297 3061 sedebit
1320 2995 1397 3090 dum
1420 2998 1524 3063 ceteri
1540 3015 1657 3064 omnes

432 3114 472 3180 de
497 3114 596 3180 Clero
620 3110 732 3175 locum
755 3108 895 3190 quisque
919 3124 1016 3169 suum
1039 3104 1288 3189 occupaverint.

519 3222 571 3284 88.
597 3217 647 3283 Ad
672 3221 789 3281 nutum
815 3213 1074 3279 Caeremoniarii
1091 3217 1192 3295 caput
1209 3210 1343 3297 deteget
1360 3213 1477 3289 bireto,
1499 3222 1657 3300 assurget

431 3337 462 3394 et
488 3333 618 3393 secreto
643 3323 797 3389 recitabit
820 3322 939 3396 Pater,
964 3321 1037 3386 Ave
1060 3327 1094 3384 et
1121 3319 1243 3386 Credo.

519 3435 572 3500 89.
599 3433 683 3497 Hinc
707 3450 742 3496 se
767 3432 800 3494 in
824 3429 923 3494 labiis
946 3427 1069 3515 pollice
1092 3428 1235 3494 dextero
1258 3429 1403 3513 signans,
1425 3430 1573 3498 cantabit
1588 3432 1657 3500 Do-

432 3545 526 3609 mine
551 3541 647 3606 lubia
670 3557 748 3605 owe
771 3538 911 3620 aperies
934 3536 1123 3621 chorusque
1146 3535 1324 3621 subiunget
1339 3536 1384 3602 Et
1398 3556 1438 3604 oa
1452 3557 1570 3604 meum
1589 3545 1654 3606 etc.

433 3650 556 3716 Deinde
580 3669 615 3712 se
642 3647 792 3711 muniens
816 3645 911 3730 signo
936 3643 1053 3709 Crucis
1069 3651 1166 3710 canet
1183 3644 1279 3736 Deus
1294 3644 1332 3710 in
1348 3644 1568 3712 adiutorium
1587 3653 1653 3714 etc.

519 3759 572 3822 99.
597 3757 680 3821 Dum
705 3755 935 3818 invitatorium
959 3760 993 3819 et
1016 3753 1164 3840 psalmus
1195 3753 1313 3821 Venite
1335 3756 1538 3822 occultemus
1558 3775 1655 3822 cana-

424 3877 498 3942 tur,
523 3865 634 3940 stabit,
653 3859 859 3948 genuflectet
872 3868 985 3928 autem
1001 3861 1042 3927 ad
1059 3862 1163 3928 verba
1185 3861 1304 3929 Venite
1319 3863 1510 3931 odorannus
1526 3871 1559 3932 et
1569 3883 1656 3948 pro-

433 3977 595 4042 cidamus
617 3977 699 4038 unte
722 3969 846 4036 Deam.

519 4083 571 4148 91.
597 4081 675 4144 Post
700 4084 872 4143 cantatum
896 4079 1124 4142 invitatorium
1149 4097 1223 4142 cum
1247 4076 1375 4163 psalmo
1402 4079 1573 4165 praedicto
1606 4081 1655 4146 in-

429 4191 559 4255 tonabit
581 4190 752 4275 hymnum‚
777 4187 832 4269 qui
856 4186 886 4250 ei
909 4187 1166 4272 praecinctura
1190 4193 1327 4252 cantore
1351 4187 1466 4271 primo.
1493 4186 1560 4253 Sub
1583 4188 1653 4274 hy-

432 4300 498 4361 mni
522 4296 621 4362 finem
645 4298 678 4360 in
704 4294 916 4359 invocatione
941 4293 997 4359 SS.
1015 4295 1190 4358 Trinitatis
1215 4300 1314 4379 caput
1331 4314 1449 4359 versus
1467 4295 1587 4360 Altera
1605 4296 1654 4362 in·

431 4403 579 4467 clinabit.

520 4510 572 4574 92
598 4509 766 4576 Intonabit
794 4508 912 4575 deinde
944 4511 1080 4596 primam
1112 4511 1207 4596 primi
1234 4511 1395 4576 nocturni
1424 4511 1651 4599 antiphonam.

435 4637 519 4700 quae
543 4625 573 4679 et
600 4619 667 4701 ipse
692 4620 720 4682 ei
745 4618 968 4704 praecinctum
993 4625 1025 4682 et
1050 4620 1145 4706 primi
1171 4619 1288 4704 psalmi
1313 4620 1407 4718 initio
1434 4619 1560 4686 sedebit
1592 4641 1653 4686 ca-
