4175 5717
520 717 560 780 18
965 735 1032 780 ms.
1058 735 1105 781 111.

515 843 569 907 tta.
595 844 729 907 Interea
751 843 859 907 aderit
882 843 938 926 qui
962 861 1078 907 cereos
1103 845 1278 928 extinguet
1302 843 1335 908 iu
1359 842 1487 908 sacello
1513 841 1566 908 vel
1584 841 1646 910 Al-

326 1033 331 1040 ,
430 953 504 1028 tari,
530 953 562 1015 in
586 973 650 1034 quo
674 957 746 1015 erat
771 953 959 1038 expositum
983 949 1040 1017 SS.
1067 949 1328 1016 Sacramentum.

514 1060 567 1124 93.
592 1058 764 1124 Secundus
788 1059 932 1125 clericus
957 1059 1189 1124 extremitates
1207 1059 1273 1124 veli
1290 1059 1474 1124 humeralis
1497 1057 1651 1124 detrahet

428 1167 579 1232 manibus
603 1166 823 1242 celebrantis,
848 1169 903 1251 qui
928 1167 1073 1232 Calicem
1098 1165 1239 1252 deponet
1263 1167 1296 1231 in
1322 1165 1430 1232 medio
1454 1165 1582 1230 Altaris
1606 1171 1650 1238 et,

429 1275 520 1340 facta
542 1273 786 1360 genuflexione,
811 1273 989 1340 descendet
1012 1276 1046 1338 in
1071 1273 1207 1359 planum
1231 1279 1330 1358 atque
1347 1273 1380 1338 in
1397 1271 1507 1340 medio
1529 1272 1651 1360 gradus

429 1382 529 1448 infimi
554 1383 726 1449 submittet
748 1403 868 1469 genua.

517 1491 570 1555 94.
595 1492 642 1557 lbi
665 1489 863 1577 genuflexus
886 1490 1052 1556 secundus
1076 1490 1222 1556 clericus
1246 1489 1397 1578 expediet
1430 1509 1469 1556 ac
1499 1489 1654 1556 detrahet

428 1601 457 1663 ei
484 1599 594 1664 velum
617 1599 803 1676 humerale,
828 1598 915 1684 quod
938 1619 959 1664 a
982 1599 1083 1664 tertio
1108 1598 1277 1664 referetur
1300 1596 1340 1662 ad
1369 1597 1521 1663 abacum.
1644 1673 1650 1684 Ι

517 1706 570 1770 95.
596 1707 760 1792 Assurget
784 1705 966 1772 celebrans
991 1712 1026 1771 et
1050 1707 1260 1770 ministrante
1284 1705 1314 1770 ei
1339 1703 1487 1770 secundo
1519 1703 1655 1780 clerico,

429 1815 601 1882 incensum
624 1812 776 1879 demittet
799 1814 833 1877 in
857 1813 1078 1890 thuribulum,
1103 1811 1189 1898 quod
1214 1814 1275 1897 ipsi
1298 1813 1440 1899 aprime
1456 1817 1657 1898 praesenta-

431 1921 531 1986 bitur.

517 2029 570 2094 96.
597 2029 777 2095 celebrans
802 2049 920 2095 rursus
944 2048 1056 2116 genua
1079 2029 1254 2094 submittet
1277 2029 1311 2094 in
1334 2025 1446 2094 inflmo
1483 2027 1598 2114 gradu
1627 2033 1661 2094 et

429 2142 565 2223 accepto
589 2157 609 2200 a
632 2137 779 2202 secundo
803 2137 930 2202 clerico
954 2136 1129 2204 thuribulo
1154 2135 1211 2202 SS.
1237 2134 1492 2202 Sacramentum
1520 2133 1661 2202 thurifi-

400 2244 528 2318 ,cabit
553 2243 726 2310 Secundus
750 2266 789 2310 ac
813 2248 933 2310 tertius
958 2245 1114 2322 clericus,
1138 2239 1309 2329 genuflexi
1332 2263 1353 2308 a
1375 2243 1543 2309 lateribus
1570 2243 1663 2310 Gele-

428 2351 567 2428 brantis,
586 2352 766 2417 advertent
783 2359 821 2418 ut
837 2353 896 2438 ipsi
922 2353 955 2416 in
979 2348 1232 2417 thurificatione
1256 2349 1419 2422 attollant
1440 2357 1577 2438 partem
1601 2369 1662 2440 po-

432 2461 610 2525 steriorem
634 2461 800 2546 planetae.
1241 2477 1244 2484 ·

518 2566 571 2632 97.
598 2566 781 2634 celebrans
816 2567 1025 2633 thuribulum
1062 2567 1219 2632 restituet
1253 2565 1398 2632 secundo
1430 2566 1573 2646 clerico,
1609 2567 1663 2634 hic

429 2683 540 2740 autem
566 2676 681 2761 primo,
706 2677 761 2760 qui
786 2682 878 2741 stans
903 2676 1064 2742 subsistet.
1088 2678 1121 2740 in
1146 2675 1246 2762 plano
1271 2674 1388 2740 lateris
1413 2655 1604 2762 Epistolae.

518 2783 572 2848 98.
598 2783 781 2851 celebrans
806 2803 881 2848 cum
904 2782 1051 2849 secundo
1075 2783 1201 2848 cletiro
1225 2787 1417 2867 consurget,
1440 2783 1608 2850 ascendet
1631 2785 1664 2850 in

429 2892 676 2978 suppedaneum
700 2898 732 2957 et
757 2889 1027 2977 genuflexionem
1052 2891 1154 2958 faciet
1177 2891 1218 2957 ad
1243 2891 1510 2958 Sacramentum.

519 2999 572 3064 99.
597 2999 731 3064 Tertius
756 2999 901 3066 clericus
933 2999 1033 3066 vadet
1063 2999 1104 3064 ad
1139 3000 1288 3076 abacum,
1320 3001 1462 3086 accipiet
1493 3001 1665 3089 ampullas

432 3108 500 3171 vini
524 3112 558 3172 et
581 3127 686 3191 aquae
710 3127 785 3172 cum
809 3107 979 3193 pelvicula
1002 3113 1037 3174 et
1060 3107 1191 3174 deleret
1214 3127 1270 3172 eas
1294 3107 1335 3172 ad
1359 3107 1480 3174 Altare
1503 3129 1574 3194 quo
1590 3109 1665 3176 loco

432 3216 507 3300 poni
531 3215 644 3279 solent
667 3216 701 3278 in
724 3215 833 3280 latere
854 3214 1036 3300 Epistulae.

523 3323 594 3388 100.
621 3321 803 3388 Gelebrans
826 3328 901 3409 post
924 3319 1204 3408 genuflexionem,
1229 3324 1338 3390 solvet
1363 3325 1509 3390 taeniam
1527 3345 1597 3410 qua
1612 3323 1666 3392 dr·

432 3437 556 3496 matum
580 3432 645 3495 erit
668 3431 781 3496 velum
806 3431 921 3507 Galici,
946 3436 979 3496 et
1003 3430 1045 3496 ab
1081 3433 1151 3517 ipso
1188 3432 1299 3498 Galice
1333 3432 1501 3498 amovebit
1538 3433 1666 3500 velum.

434 3538 607 3604 Secundus
631 3539 776 3603 clericus
799 3537 930 3604 deferet
953 3538 994 3603 ad
1017 3539 1158 3606 abacum
1183 3540 1294 3605 velum
1319 3561 1393 3606 cum
1411 3541 1535 3620 taenia,
1553 3561 1595 3608 ac
1617 3561 1668 3608 rs·

433 3646 516 3711 dibit
538 3646 579 3712 ad
602 3645 776 3711 dexteram
802 3645 1011 3712 celebrantis
1027 3647 1155 3714 iaciens
1172 3646 1440 3734 genuflexionem
1458 3649 1493 3714 in
1509 3647 1664 3718 discessu

435 3760 468 3819 ot
492 3755 525 3819 in
550 3753 670 3820 reditu.
1451 3819 1453 3826 .
1556 3831 1558 3836 ,

525 3864 597 3928 101.
623 3863 806 3930 celebrans
829 3865 970 3950 accipiet
993 3873 1149 3951 patenam
1172 3873 1206 3931 et
1230 3871 1330 3952 ponet
1354 3866 1458 3952 ipsam
1484 3867 1519 3934 in
1556 3867 1668 3936 medio

434 3971 603 4058 corporali
628 3991 746 4037 versus
771 3978 900 4058 partem
923 3975 1127 4039 anteriorem
1153 3973 1291 4051 Altaris,
1315 3973 1485 4040 amovebit
1506 3993 1529 4040 a
1554 3975 1668 4044 Galice

436 4081 570 4167 pallam,
595 4099 692 4165 quam
717 4082 818 4146 etiam
842 4082 877 4145 in
901 4082 1069 4167 corporali
1105 4089 1206 4169 ponet
1236 4102 1339 4169 prope
1368 4083 1460 4148 latus
1491 4083 1669 4170 Epistolae

435 4191 467 4252 iu
493 4194 588 4274 parte
612 4190 773 4274 superiori
798 4193 833 4253 et
863 4195 1000 4274 accepto
1037 4171 1235 4256 reverenter
1267 4191 1377 4256 Galice
1408 4191 1512 4256 faciet
1542 4191 1670 4260 leviter

436 4293 576 4360 effluere
601 4296 633 4361 S.
659 4297 808 4360 Hostiam
832 4317 933 4382 super
968 4309 1134 4383 patenam:
1168 4299 1349 4384 ibelinquet
1380 4298 1528 4364 Calicem
1565 4321 1668 4390 super

436 4404 603 4488 corporali
628 4411 661 4469 et
685 4409 823 4489 accepta
846 4403 1006 4471 ambabus
1030 4406 1181 4472 manibus
1212 4413 1334 4492 patena
1365 4427 1439 4472 cum
1472 4406 1505 4473 S.
1539 4409 1668 4488 Hostia,

438 4516 538 4594 ponet
561 4512 811 4578 Sacamentum
838 4533 939 4599 super
963 4515 1149 4601 corporale,
1176 4516 1308 4580 nullum
1333 4516 1463 4601 siguum
1480 4515 1602 4584 Crucis
1618 4537 1670 4604 pa·

440 4622 519 4681 tena
542 4619 696 4694 efficiens,
722 4627 755 4687 et
780 4629 934 4708 patenam
959 4624 1060 4710 ipsam
1086 4625 1117 4688 in
1143 4624 1310 4710 corporali
1334 4623 1516 4690 collocabit
1547 4645 1669 4694 versvm

440 4722 614 4790 dexteram
640 4749 743 4793 suam.
