4175 5717
520 739 582 808 156
966 755 1034 812 ma.
1059 757 1107 812 ιν.

430 869 652 935 caeremoniis
675 870 848 936 servandis
871 872 905 934 in
929 867 1037 936 officio
1060 890 1120 936 seu
1143 875 1278 936 cantato
1301 869 1372 936 sive
1397 867 1548 948 recitato,
1579 873 1648 936 tra·

429 975 517 1042 ditae
539 975 679 1060 regulae
701 983 780 1042 sunt
804 977 954 1044 relativis
977 977 1140 1063 capitibus
1171 977 1228 1043 lib.
1254 977 1292 1041 11.

517 1086 548 1150 3.
573 1085 658 1151 Dum
691 1086 924 1152 recitabuntur
946 1086 1001 1151 vel
1033 1092 1199 1152 canentur
1230 1085 1370 1161 Laudes,
1396 1105 1432 1154 sa
1463 1085 1593 1172 parabit
1614 1085 1646 1150 in

429 1195 582 1260 sacristia
606 1195 787 1261 Celebrans
810 1215 884 1260 cum
908 1195 1071 1260 Ministris
1095 1213 1154 1280 pro
1178 1194 1279 1260 Missa
1294 1191 1435 1260 solemni
1459 1193 1502 1260 de
1524 1192 1647 1278 requie.

430 1300 464 1365 Si
488 1302 636 1367 cantabit
651 1302 783 1368 Missam
801 1301 983 1378 Perochus,
1001 1301 1056 1366 vel
1073 1320 1235 1366 numerus
1256 1299 1346 1368 Glari
1369 1307 1462 1366 esset
1476 1301 1646 1378 limitatus,

429 1411 612 1478 induentur
641 1412 843 1494 paramentis
874 1408 1063 1476 Missalibus
1094 1416 1169 1495 post
1198 1408 1385 1476 absolutam
1419 1409 1646 1476 recitationem

431 1519 538 1586 officii.
1247 1583 1249 1588 .

518 1632 548 1692 4.
572 1628 675 1694 Missa
696 1626 888 1693 cantabitur
912 1625 1030 1692 ritibus
1053 1626 1268 1712 praescriptis
1283 1645 1352 1712 cap.
1380 1625 1430 1692 10.
1456 1623 1514 1692 lib.
1540 1623 1581 1690 ll.
1603 1621 1646 1690 le·

429 1741 529 1820 getur
552 1734 612 1799 illa
635 1753 720 1818 quae
743 1739 858 1799 notata
881 1739 934 1800 est
956 1734 990 1798 in
1012 1733 1141 1798 Missali
1164 1733 1204 1800 in
1226 1734 1282 1800 die
1304 1733 1536 1818 depmittoaie
1558 1733 1644 1798 etin

429 1846 580 1910 oratione
595 1843 637 1908 ad
653 1843 714 1908 illa
730 1825 832 1908 verba
847 1843 977 1926 famuli
991 1844 1045 1910 tui
1068 1843 1105 1908 N.
1122 1843 1331 1928 exprimatur
1355 1860 1477 1908 noman
1499 1839 1645 1907 defuncti

430 1952 486 2016 rel
509 1951 688 2017 deiunctae
712 1948 770 2036 (a).

518 2059 549 2124 5.
574 2058 656 2124 Post
671 2059 806 2122 Missam
822 2056 880 2124 flet
894 2058 1062 2124 absolutio
1078 2077 1178 2144 super
1194 2056 1338 2123 cadaver
1354 2055 1470 2122 ordine
1486 2055 1644 2140 sequenti

517 2169 548 2234 6.
566 2169 744 2251 Postquam
760 2167 943 2234 celebrans
958 2167 1113 2232 ultimum
1127 2165 1348 2252 Evangelium
1363 2165 1570 2242 recitaverit,
1579 2163 1646 2230 Dia·

430 2295 534 2341 conus
557 2275 715 2341 ascendat
738 2275 771 2338 in
795 2273 1051 2360 suppedaneum,
1069 2293 1105 2340 se
1120 2273 1220 2339 addet
1235 2271 1466 2339 celebranti-e
1488 2271 1644 2346 (1er

430 2389 465 2448 et
489 2382 680 2459 celebrans,
705 2381 870 2446 Diaconos
894 2401 934 2446 ac
951 2380 1189 2457 subdiaconus,
1205 2381 1297 2447 iacta
1319 2379 1418 2446 simul
1442 2377 1483 2446 ad
1509 2379 1646 2448 cruceni

432 2491 630 2564 reverentie,
655 2487 900 2554 descendente
923 2489 1032 2554 latere
1055 2488 1096 2555 de
1120 2488 1230 2554 Alteri
1254 2495 1288 2554 ot
1311 2487 1437 2554 directe
1468 2485 1646 2574 procedent
1675 2511 1677 2518 ·

430 2596 471 2662 ad
496 2617 666 2662 scamnum
688 2597 722 2660 in
747 2596 837 2661 letus
861 2596 1044 2682 Epistolae.

518 2706 549 2768 7.
573 2705 706 2768 Interea
728 2723 831 2789 prope
853 2703 993 2769 abacum
1016 2709 1149 2789 praesto
1173 2704 1239 2770 erit
1261 2703 1416 2780 clericus,
1437 2703 1494 2788 qui
1511 2703 1647 2769 sustine·

431 2811 479 2876 bit
501 2810 675 2876 vesculum
699 2829 804 2894 aquae
828 2815 964 2876 sanctae
987 2830 1063 2876 cum
1086 2811 1280 2896 aspergillo,
1304 2810 1547 2878 thuriferarius
1576 2829 1645 2878 enm

430 2918 604 2982 thuribulo
628 2937 667 2983 ac
691 2918 847 2982 navicula
869 2923 904 2982 et
927 2918 1072 2982 clericus
1096 2917 1263 3003 alter,qui
1280 2916 1410 2984 deierat
1433 2917 1573 2985 Rituale
1595 2915 1644 2984 vel

432 3024 577 3102 blissale,
600 3027 635 3088 in
658 3044 724 3108 quo
747 3030 842 3089 extet
863 3023 1011 3089 formula
1033 3024 1264 3090 absolutionis.
1373 3057 1377 3064 ·

519 3134 551 3195 8.
576 3131 605 3197 Α
628 3132 762 3197 clericis
784 3131 947 3216 delegatis
970 3130 1198 3215 accendentur
1222 3132 1321 3199 Glero
1344 3131 1517 3210 candelae,
1541 3135 1569 3200 si
1591 3113 1655 3220 pro¹

432 3241 533 3304 Missa
556 3237 753 3303 distributae
776 3239 827 3303 illi
851 3237 987 3303 fuerint.

502 3401 544 3470 (u)
563 3399 744 3456 Advertetur
762 3399 839 3472 quod
858 3398 887 3454 in
906 3399 1041 3456 oratione
1061 3417 1118 3456 non
1139 3409 1184 3458 est
1203 3401 1395 3460 omittendum
1414 3401 1541 3460 verbum
1554 3399 1644 3460 hodia.

431 3489 518 3556 Quod
536 3490 573 3546 ad
593 3488 770 3546 additionem
780 3489 898 3564 fratria
917 3489 1023 3552 nostri,
1049 3489 1131 3546 iuvat
1154 3491 1211 3547 hoo
1237 3491 1302 3550 loco
1328 3491 1442 3562 reterre
1471 3489 1642 3550 :antemium

433 3579 561 3636 recentis
580 3578 686 3636 eruditi
705 3579 858 3652 scriptoris
877 3576 1004 3649 liturgici
1024 3598 1040 3634 s
1059 3579 1158 3644 Quum
1177 3580 1206 3636 in
1225 3581 1321 3654 aliquo
1334 3579 1479 3647 sodalitio,
1492 3579 1595 3656 inquit,
1608 3579 1647 3638 lo·

432 3689 448 3719 s
468 3687 523 3724 nus
541 3667 588 3725 vel
607 3666 750 3740 exequiae
767 3667 843 3724 flunt
860 3666 1032 3740 cuiuspiam,
1053 3668 1101 3742 qui
1120 3668 1160 3724 illi
1179 3676 1245 3726 erat
1262 3669 1436 3744 adscriptus.
1456 3677 1525 3744 post
1543 3685 1645 3728 nomen

432 3777 447 3808 s
468 3757 596 3815 defuncti
615 3757 680 3813 eddi
701 3757 729 3812 in
750 3757 884 3816 oratione
902 3759 979 3815 solet
987 3760 1105 3835 fratris
1125 3749 1222 3817 nostri
1236 3760 1422 3836 velsratram
1435 3763 1581 3828 matrum
1597 3757 1646 3818 aad

433 3867 448 3898 s
468 3866 555 3904 error
572 3853 618 3904 est
637 3846 683 3903 hic
702 3847 858 3905 admodum
877 3848 979 3920 gravis
997 3857 1028 3904 ot
1046 3856 1151 3905 contra
1169 3848 1326 3914 rubricam,
1345 3865 1421 3922 quae
1441 3847 1588 3924 praecipit
1599 3865 1648 3908 ao-

432 3957 447 3988 »
468 3938 535 3999 lum,
554 3943 587 3992 nt
605 3937 730 3993 addetur
747 3937 919 3998 Sacerdotis
933 3955 1022 4012 quum
1034 3937 1071 3995 de
1087 3939 1265 4012 Presbytero
1278 3938 1377 4012 aliquo
1389 3955 1490 3996 sermo
1504 3945 1560 3998 ast
1572 3939 1648 4006 ow

432 4045 447 4076 ι
468 4027 601 4082 mobrem
619 4025 768 4100 quippiam
787 4027 865 4084 eliud
883 4029 1013 4086 adiicere
1033 4027 1078 4084 ies
1097 4045 1155 4084 non
1175 4035 1230 4085 est.
1248 4029 1354 4102 Neque
1373 4045 1446 4086 vero
1472 4029 1647 4088 vocabulum

432 4135 448 4166 ›
458 4117 564 4192 secter
582 4114 672 4172 latino
691 4133 829 4174 sermone
848 4115 937 4172 tribui
956 4125 1053 4188 potest
1073 4116 1180 4173 homini
1205 4117 1338 4174 eiusdem
1364 4117 1499 4190 corporis
1525 4135 1583 4176 seu
1599 4131 1648 4176 ao*

433 4223 448 4254 ι
469 4204 592 4270 rietatis,
617 4205 665 4278 qui
693 4206 788 4277 potius
816 4204 1008 4277 appellandus
1037 4215 1117 4264 esset
1140 4207 1251 4274 aoruca,
1281 4208 1329 4264 vol
1354 4207 1481 4265 rodolio.
1506 4205 1648 4282 Equidem

434 4313 448 4342 »
469 4312 572 4351 omnes
590 4293 724 4351 homines
741 4301 842 4366 utpote
861 4293 898 4347 ab
917 4292 1021 4350 eodem
1041 4297 1232 4368 progenitore
1252 4296 1395 4369 originem
1415 4297 1572 4364 ducentes,
1590 4297 1650 4354 ira-

434 4400 449 4431 »
469 4389 529 4439 tres
548 4401 615 4440 esse
634 4385 727 4455 probe
746 4383 816 4442 scio,
844 4380 1001 4439 Christiani
1029 4393 1129 4443 autem
1153 4386 1345 4460 peculiariter
1373 4387 1400 4443 iu
1425 4387 1513 4444 Novo
1542 4387 1650 4446 Tasta·

433 4491 448 4522 a
468 4479 568 4530 mento
587 4473 694 4530 iratres
712 4471 905 4545 appellantur,
924 4472 1031 4545 quippo
1050 4475 1099 4550 qui
1118 4494 1172 4550 per
1191 4495 1213 4535 s.
1233 4477 1416 4551 Baptismum
1435 4477 1465 4534 in
1479 4477 1551 4536 lesu
1564 4475 1650 4538 chit·

433 4569 513 4617 »sto
531 4571 735 4619 renascuntur:
755 4575 858 4616 verum
877 4559 905 4614 id
924 4578 992 4618 cum
1019 4566 1196 4636 specialibus
1221 4567 1362 4625 sodalitiis
1387 4579 1416 4623 et
1440 4567 1650 4640 congregatio-

433 4670 449 4701 ›
469 4649 552 4706 nibus
572 4651 640 4706 nihil
660 4650 749 4707 habet
767 4665 922 4705 commune
942 4669 966 4705 a.
