<?xml version="1.0" encoding="UTF-8"?>
<!DOCTYPE html PUBLIC "-//W3C//DTD XHTML 1.0 Transitional//EN"
    "http://www.w3.org/TR/xhtml1/DTD/xhtml1-transitional.dtd">
<html xmlns="http://www.w3.org/1999/xhtml" xml:lang="en" lang="en">
 <head>
  <title>
</title>
<meta http-equiv="Content-Type" content="text/html;charset=utf-8" />
  <meta name='ocr-system' content='tesseract 3.04.00' />
  <meta name='ocr-capabilities' content='ocr_page ocr_carea ocr_par ocr_line ocrx_word'/>
</head>
<body>
  <div class='ocr_page' id='page_1' title='image "./manualesacrarum00martgoog_0100.png"; bbox 0 0 4175 5717; ppageno 0'>
   <div class='ocr_carea' id='block_1_1' title="bbox 429 711 1647 1011">
    <p class='ocr_par' dir='ltr' id='par_1_1' title="bbox 429 711 1647 1011">
     <span class='ocr_line' id='line_1_1' title="bbox 517 711 1094 775; baseline 0.002 -3"><span class='ocrx_word' id='word_1_1' title='bbox 517 711 560 773; x_wconf 87' lang='lat'><strong>78</strong></span> <span class='ocrx_word' id='word_1_2' title='bbox 982 728 1047 775; x_wconf 82' lang='lat' dir='ltr'><strong>cru.</strong></span> <span class='ocrx_word' id='word_1_3' title='bbox 1075 729 1094 774; x_wconf 89' lang='lat'><strong>1.</strong></span> 
     </span>
     <span class='ocr_line' id='line_1_2' title="bbox 429 816 1647 903; baseline 0.002 -22"><span class='ocrx_word' id='word_1_4' title='bbox 429 818 638 903; x_wconf 65' lang='lat' dir='ltr'><strong>perbreviter</strong></span> <span class='ocrx_word' id='word_1_5' title='bbox 663 819 849 894; x_wconf 90' lang='lat' dir='ltr'><strong>innuemus,</strong></span> <span class='ocrx_word' id='word_1_6' title='bbox 867 823 905 882; x_wconf 84' lang='lat' dir='ltr'><strong>ut.</strong></span> <span class='ocrx_word' id='word_1_7' title='bbox 927 820 961 882; x_wconf 93' lang='lat' dir='ltr'><strong>in</strong></span> <span class='ocrx_word' id='word_1_8' title='bbox 977 818 1167 883; x_wconf 88' lang='lat' dir='ltr'><strong>memoriam</strong></span> <span class='ocrx_word' id='word_1_9' title='bbox 1184 816 1372 902; x_wconf 84' lang='lat' dir='ltr'><strong>redigamus</strong></span> <span class='ocrx_word' id='word_1_10' title='bbox 1387 819 1545 895; x_wconf 85' lang='lat' dir='ltr'><strong>actiones,</strong></span> <span class='ocrx_word' id='word_1_11' title='bbox 1562 837 1647 903; x_wconf 91' lang='lat' dir='ltr'><strong>quae</strong></span> 
     </span>
     <span class='ocr_line' id='line_1_3' title="bbox 429 924 1505 1011; baseline -0.003 -20"><span class='ocrx_word' id='word_1_12' title='bbox 429 925 469 991; x_wconf 87' lang='lat' dir='ltr'><strong>ad</strong></span> <span class='ocrx_word' id='word_1_13' title='bbox 494 926 598 1011; x_wconf 88' lang='lat' dir='ltr'><strong>ipsum</strong></span> <span class='ocrx_word' id='word_1_14' title='bbox 622 926 792 1011; x_wconf 77' lang='lat' dir='ltr'><strong>pertinent</strong></span> <span class='ocrx_word' id='word_1_15' title='bbox 816 926 848 991; x_wconf 90' lang='lat' dir='ltr'><strong>in</strong></span> <span class='ocrx_word' id='word_1_16' title='bbox 873 944 1070 1009; x_wconf 90' lang='lat' dir='ltr'><strong>unaquaque</strong></span> <span class='ocrx_word' id='word_1_17' title='bbox 1094 943 1264 989; x_wconf 87' lang='lat' dir='ltr'><strong>sacrarum</strong></span> <span class='ocrx_word' id='word_1_18' title='bbox 1288 924 1505 992; x_wconf 85' lang='lat' dir='ltr'><strong>functionum.</strong></span> 
     </span>
    </p>
   </div>
   <div class='ocr_carea' id='block_1_2' title="bbox 738 1137 1331 1223">
    <p class='ocr_par' dir='ltr' id='par_1_2' title="bbox 738 1137 1331 1223">
     <span class='ocr_line' id='line_1_4' title="bbox 738 1137 1331 1223; baseline -0.002 -19"><span class='ocrx_word' id='word_1_19' title='bbox 738 1142 770 1223; x_wconf 63' lang='lat' dir='ltr'><strong>g.</strong></span> <span class='ocrx_word' id='word_1_20' title='bbox 798 1141 826 1204; x_wconf 91' lang='lat'><strong>1.</strong></span> <span class='ocrx_word' id='word_1_21' title='bbox 850 1140 894 1206; x_wconf 81' lang='lat' dir='ltr'><strong>In</strong></span> <span class='ocrx_word' id='word_1_22' title='bbox 926 1139 1086 1222; x_wconf 67' lang='lat' dir='ltr'><strong>Vespero</strong></span> <span class='ocrx_word' id='word_1_23' title='bbox 1109 1137 1331 1206; x_wconf 61' lang='lat' dir='ltr'><strong>colementis.</strong></span> 
     </span>
    </p>
   </div>
   <div class='ocr_carea' id='block_1_3' title="bbox 362 1353 1650 4323">
    <p class='ocr_par' dir='ltr' id='par_1_3' title="bbox 362 1353 1648 1658">
     <span class='ocr_line' id='line_1_5' title="bbox 518 1353 1648 1440; baseline -0.003 -17"><span class='ocrx_word' id='word_1_24' title='bbox 518 1357 825 1423; x_wconf 67' lang='lat' dir='ltr'><strong>abnueremus</strong></span> <span class='ocrx_word' id='word_1_25' title='bbox 857 1354 1099 1440; x_wconf 90' lang='lat' dir='ltr'><strong>superpelliceo</strong></span> <span class='ocrx_word' id='word_1_26' title='bbox 1134 1353 1335 1419; x_wconf 87' lang='lat' dir='ltr'><strong>indutus&#39;se</strong></span> <span class='ocrx_word' id='word_1_27' title='bbox 1366 1355 1519 1420; x_wconf 89' lang='lat' dir='ltr'><strong>comitem</strong></span> <span class='ocrx_word' id='word_1_28' title='bbox 1548 1354 1648 1420; x_wconf 85' lang='lat' dir='ltr'><strong>addet</strong></span> 
     </span>
     <span class='ocr_line' id='line_1_6' title="bbox 429 1462 1646 1546; baseline -0.003 -14"><span class='ocrx_word' id='word_1_29' title='bbox 429 1468 550 1532; x_wconf 87' lang='lat' dir='ltr'><strong>ceteris</strong></span> <span class='ocrx_word' id='word_1_30' title='bbox 575 1465 615 1530; x_wconf 89' lang='lat' dir='ltr'><strong>de</strong></span> <span class='ocrx_word' id='word_1_31' title='bbox 640 1464 749 1539; x_wconf 83' lang='lat' dir='ltr'><strong>Olero,</strong></span> <span class='ocrx_word' id='word_1_32' title='bbox 775 1462 969 1546; x_wconf 83' lang='lat' dir='ltr'><strong>quibuscum</strong></span> <span class='ocrx_word' id='word_1_33' title='bbox 994 1464 1026 1526; x_wconf 94' lang='lat' dir='ltr'><strong>in</strong></span> <span class='ocrx_word' id='word_1_34' title='bbox 1051 1464 1190 1528; x_wconf 91' lang='lat' dir='ltr'><strong>chorum</strong></span> <span class='ocrx_word' id='word_1_35' title='bbox 1214 1464 1327 1527; x_wconf 83' lang='lat' dir='ltr'><strong>ueniet</strong></span> <span class='ocrx_word' id='word_1_36' title='bbox 1349 1462 1390 1528; x_wconf 89' lang='lat' dir='ltr'><strong>ad</strong></span> <span class='ocrx_word' id='word_1_37' title='bbox 1414 1463 1524 1529; x_wconf 88' lang='lat' dir='ltr'><strong>locum</strong></span> <span class='ocrx_word' id='word_1_38' title='bbox 1540 1484 1646 1540; x_wconf 90' lang='lat' dir='ltr'><strong>suum;</strong></span> 
     </span>
     <span class='ocr_line' id='line_1_7' title="bbox 362 1567 1550 1658; baseline -0.005 -19"><span class='ocrx_word' id='word_1_39' title='bbox 362 1617 364 1623; x_wconf 90' lang='lat'><em>-</em></span> <span class='ocrx_word' id='word_1_40' title='bbox 430 1579 594 1658; x_wconf 85' lang='lat' dir='ltr'><strong>congruet</strong></span> <span class='ocrx_word' id='word_1_41' title='bbox 617 1578 651 1635; x_wconf 93' lang='lat' dir='ltr'><strong>et</strong></span> <span class='ocrx_word' id='word_1_42' title='bbox 674 1592 748 1636; x_wconf 88' lang='lat' dir='ltr'><strong>oum</strong></span> <span class='ocrx_word' id='word_1_43' title='bbox 773 1570 891 1635; x_wconf 87' lang='lat' dir='ltr'><strong>illisio</strong></span> <span class='ocrx_word' id='word_1_44' title='bbox 916 1568 1070 1646; x_wconf 87' lang='lat' dir='ltr'><strong>sedendo,</strong></span> <span class='ocrx_word' id='word_1_45' title='bbox 1090 1569 1208 1635; x_wconf 85' lang='lat' dir='ltr'><strong>stando</strong></span> <span class='ocrx_word' id='word_1_46' title='bbox 1232 1575 1266 1634; x_wconf 91' lang='lat' dir='ltr'><strong>et</strong></span> <span class='ocrx_word' id='word_1_47' title='bbox 1286 1567 1550 1655; x_wconf 83' lang='lat' dir='ltr'><strong>genuflectendo.</strong></span> 
     </span>
    </p>

    <p class='ocr_par' dir='ltr' id='par_1_4' title="bbox 430 1676 1648 2194">
     <span class='ocr_line' id='line_1_8' title="bbox 518 1676 1646 1765; baseline -0.001 -20"><span class='ocrx_word' id='word_1_48' title='bbox 518 1681 548 1745; x_wconf 89' lang='lat'><strong>3.</strong></span> <span class='ocrx_word' id='word_1_49' title='bbox 575 1678 641 1744; x_wconf 90' lang='lat' dir='ltr'><strong>Sub</strong></span> <span class='ocrx_word' id='word_1_50' title='bbox 666 1679 782 1765; x_wconf 88' lang='lat' dir='ltr'><strong>hymni</strong></span> <span class='ocrx_word' id='word_1_51' title='bbox 805 1679 931 1742; x_wconf 80' lang='lat' dir='ltr'><strong>exitum</strong></span> <span class='ocrx_word' id='word_1_52' title='bbox 955 1683 1072 1762; x_wconf 83' lang='lat' dir='ltr'><strong>perget</strong></span> <span class='ocrx_word' id='word_1_53' title='bbox 1094 1676 1135 1742; x_wconf 90' lang='lat' dir='ltr'><strong>ad</strong></span> <span class='ocrx_word' id='word_1_54' title='bbox 1159 1676 1296 1741; x_wconf 84' lang='lat' dir='ltr'><strong>abacum</strong></span> <span class='ocrx_word' id='word_1_55' title='bbox 1320 1677 1375 1742; x_wconf 85' lang='lat' dir='ltr'><strong>vel</strong></span> <span class='ocrx_word' id='word_1_56' title='bbox 1399 1679 1432 1742; x_wconf 93' lang='lat' dir='ltr'><strong>in</strong></span> <span class='ocrx_word' id='word_1_57' title='bbox 1463 1679 1646 1744; x_wconf 87' lang='lat' dir='ltr'><strong>sacrarium</strong></span> 
     </span>
     <span class='ocr_line' id='line_1_9' title="bbox 430 1783 1647 1859; baseline -0.002 -7"><span class='ocrx_word' id='word_1_58' title='bbox 430 1789 471 1853; x_wconf 85' lang='lat' dir='ltr'><strong>ad</strong></span> <span class='ocrx_word' id='word_1_59' title='bbox 495 1785 689 1851; x_wconf 84' lang='lat' dir='ltr'><strong>sumendum</strong></span> <span class='ocrx_word' id='word_1_60' title='bbox 713 1784 921 1850; x_wconf 91' lang='lat' dir='ltr'><strong>thuribulum</strong></span> <span class='ocrx_word' id='word_1_61' title='bbox 946 1804 1020 1848; x_wconf 91' lang='lat' dir='ltr'><strong>cum</strong></span> <span class='ocrx_word' id='word_1_62' title='bbox 1046 1784 1209 1859; x_wconf 85' lang='lat' dir='ltr'><strong>navicula,</strong></span> <span class='ocrx_word' id='word_1_63' title='bbox 1228 1783 1397 1849; x_wconf 87' lang='lat' dir='ltr'><strong>redibitio</strong></span> <span class='ocrx_word' id='word_1_64' title='bbox 1415 1784 1647 1850; x_wconf 90' lang='lat' dir='ltr'><strong>chorumdum</strong></span> 
     </span>
     <span class='ocr_line' id='line_1_10' title="bbox 430 1890 1646 1979; baseline -0.003 -19"><span class='ocrx_word' id='word_1_65' title='bbox 430 1896 562 1960; x_wconf 90' lang='lat' dir='ltr'><strong>canitur</strong></span> <span class='ocrx_word' id='word_1_66' title='bbox 585 1894 766 1979; x_wconf 89' lang='lat' dir='ltr'><strong>antiphona</strong></span> <span class='ocrx_word' id='word_1_67' title='bbox 789 1912 873 1976; x_wconf 88' lang='lat' dir='ltr'><strong>quae</strong></span> <span class='ocrx_word' id='word_1_68' title='bbox 897 1890 1065 1976; x_wconf 88' lang='lat' dir='ltr'><strong>praecedit</strong></span> <span class='ocrx_word' id='word_1_69' title='bbox 1089 1892 1307 1978; x_wconf 76' lang='lat' dir='ltr'><strong>Mapaificat:</strong></span> <span class='ocrx_word' id='word_1_70' title='bbox 1324 1897 1357 1957; x_wconf 90' lang='lat' dir='ltr'><strong>et</strong></span> <span class='ocrx_word' id='word_1_71' title='bbox 1382 1913 1417 1957; x_wconf 87' lang='lat' dir='ltr'><strong>se</strong></span> <span class='ocrx_word' id='word_1_72' title='bbox 1440 1893 1535 1957; x_wconf 88' lang='lat' dir='ltr'><strong>sistet</strong></span> <span class='ocrx_word' id='word_1_73' title='bbox 1561 1891 1646 1979; x_wconf 87' lang='lat' dir='ltr'><strong>apud</strong></span> 
     </span>
     <span class='ocr_line' id='line_1_11' title="bbox 431 1978 1648 2087; baseline -0.003 -18"><span class='ocrx_word' id='word_1_74' title='bbox 431 2005 549 2069; x_wconf 77' lang='lat' dir='ltr'><strong>Altare</strong></span> <span class='ocrx_word' id='word_1_75' title='bbox 572 2024 592 2068; x_wconf 90' lang='lat' dir='ltr'><strong>a</strong></span> <span class='ocrx_word' id='word_1_76' title='bbox 615 2022 720 2067; x_wconf 87' lang='lat' dir='ltr'><strong>cornu</strong></span> <span class='ocrx_word' id='word_1_77' title='bbox 745 1978 925 2087; x_wconf 59' lang='lat' dir='ltr'><strong>Epis&#39;tolae,</strong></span> <span class='ocrx_word' id='word_1_78' title='bbox 951 2000 1014 2063; x_wconf 87' lang='lat' dir='ltr'><strong>nisi</strong></span> <span class='ocrx_word' id='word_1_79' title='bbox 1038 1998 1294 2064; x_wconf 86' lang='lat' dir='ltr'><strong>thurificandum</strong></span> <span class='ocrx_word' id='word_1_80' title='bbox 1319 2001 1361 2064; x_wconf 88' lang='lat' dir='ltr'><strong>sit</strong></span> <span class='ocrx_word' id='word_1_81' title='bbox 1377 2000 1496 2065; x_wconf 82' lang='lat' dir='ltr'><strong>Altare</strong></span> <span class='ocrx_word' id='word_1_82' title='bbox 1517 1999 1573 2065; x_wconf 89' lang='lat' dir='ltr'><strong>SS.</strong></span> <span class='ocrx_word' id='word_1_83' title='bbox 1591 1999 1648 2065; x_wconf 91' lang='lat' dir='ltr'><strong>Sa·</strong></span> 
     </span>
     <span class='ocr_line' id='line_1_12' title="bbox 431 2107 677 2194; baseline -0.016 -18"><span class='ocrx_word' id='word_1_84' title='bbox 431 2107 633 2194; x_wconf 81' lang='lat' dir='ltr'><strong>crementi(</strong></span> <span class='ocrx_word' id='word_1_85' title='bbox 652 2109 677 2194; x_wconf 87' lang='lat'><strong>).</strong></span> 
     </span>
    </p>

    <p class='ocr_par' dir='ltr' id='par_1_5' title="bbox 430 2212 1649 2516">
     <span class='ocr_line' id='line_1_13' title="bbox 520 2212 1649 2300; baseline -0.004 -18"><span class='ocrx_word' id='word_1_86' title='bbox 520 2221 549 2282; x_wconf 80' lang='grc'><strong>4.</strong></span> <span class='ocrx_word' id='word_1_87' title='bbox 576 2218 632 2282; x_wconf 90' lang='lat' dir='ltr'><strong>Sin</strong></span> <span class='ocrx_word' id='word_1_88' title='bbox 657 2237 675 2281; x_wconf 90' lang='lat' dir='ltr'><strong>e</strong></span> <span class='ocrx_word' id='word_1_89' title='bbox 699 2216 802 2280; x_wconf 91' lang='lat' dir='ltr'><strong>choro</strong></span> <span class='ocrx_word' id='word_1_90' title='bbox 820 2214 1007 2279; x_wconf 81' lang='lat' dir='ltr'><strong>exeundum</strong></span> <span class='ocrx_word' id='word_1_91' title='bbox 1024 2215 1090 2278; x_wconf 86' lang='lat' dir='ltr'><strong>erit.</strong></span> <span class='ocrx_word' id='word_1_92' title='bbox 1106 2220 1243 2299; x_wconf 89' lang='lat' dir='ltr'><strong>propter</strong></span> <span class='ocrx_word' id='word_1_93' title='bbox 1259 2212 1539 2279; x_wconf 88' lang='lat' dir='ltr'><strong>thurificationem</strong></span> <span class='ocrx_word' id='word_1_94' title='bbox 1555 2233 1649 2300; x_wconf 85' lang='lat' dir='ltr'><strong>prae-</strong></span> 
     </span>
     <span class='ocr_line' id='line_1_14' title="bbox 430 2320 1647 2408; baseline -0.003 -18"><span class='ocrx_word' id='word_1_95' title='bbox 430 2327 560 2400; x_wconf 87' lang='lat' dir='ltr'><strong>dictam,</strong></span> <span class='ocrx_word' id='word_1_96' title='bbox 586 2346 620 2389; x_wconf 87' lang='lat' dir='ltr'><strong>se</strong></span> <span class='ocrx_word' id='word_1_97' title='bbox 655 2344 728 2387; x_wconf 90' lang='lat' dir='ltr'><strong>cum</strong></span> <span class='ocrx_word' id='word_1_98' title='bbox 763 2323 929 2408; x_wconf 81' lang='lat' dir='ltr'><strong>acolythis</strong></span> <span class='ocrx_word' id='word_1_99' title='bbox 953 2322 1133 2404; x_wconf 83' lang='lat' dir='ltr'><strong>coniungat</strong></span> <span class='ocrx_word' id='word_1_100' title='bbox 1156 2323 1188 2386; x_wconf 92' lang='lat' dir='ltr'><strong>in</strong></span> <span class='ocrx_word' id='word_1_101' title='bbox 1213 2320 1319 2386; x_wconf 92' lang='lat' dir='ltr'><strong>medio</strong></span> <span class='ocrx_word' id='word_1_102' title='bbox 1347 2322 1450 2386; x_wconf 93' lang='lat' dir='ltr'><strong>choro</strong></span> <span class='ocrx_word' id='word_1_103' title='bbox 1480 2327 1540 2387; x_wconf 85' lang='lat' dir='ltr'><strong>aut</strong></span> <span class='ocrx_word' id='word_1_104' title='bbox 1568 2341 1647 2407; x_wconf 92' lang='lat' dir='ltr'><strong>pre-</strong></span> 
     </span>
     <span class='ocr_line' id='line_1_15' title="bbox 431 2434 589 2516; baseline 0.006 -22"><span class='ocrx_word' id='word_1_105' title='bbox 431 2434 589 2516; x_wconf 73' lang='lat' dir='ltr'><strong>sbyterio.</strong></span> 
     </span>
    </p>

    <p class='ocr_par' dir='ltr' id='par_1_6' title="bbox 430 2535 1650 2946">
     <span class='ocr_line' id='line_1_16' title="bbox 519 2535 1650 2613; baseline -0.003 -10"><span class='ocrx_word' id='word_1_106' title='bbox 519 2541 549 2603; x_wconf 74' lang='lat'><strong>5.</strong></span> <span class='ocrx_word' id='word_1_107' title='bbox 576 2539 683 2613; x_wconf 81' lang='lat' dir='ltr'><strong>Quum</strong></span> <span class='ocrx_word' id='word_1_108' title='bbox 709 2537 890 2602; x_wconf 88' lang='lat' dir='ltr'><strong>Gelebrans</strong></span> <span class='ocrx_word' id='word_1_109' title='bbox 914 2535 954 2601; x_wconf 93' lang='lat' dir='ltr'><strong>ad</strong></span> <span class='ocrx_word' id='word_1_110' title='bbox 978 2536 1097 2600; x_wconf 81' lang='lat' dir='ltr'><strong>Altera</strong></span> <span class='ocrx_word' id='word_1_111' title='bbox 1120 2535 1287 2612; x_wconf 88' lang='lat' dir='ltr'><strong>ascendet,</strong></span> <span class='ocrx_word' id='word_1_112' title='bbox 1313 2535 1552 2600; x_wconf 87' lang='lat' dir='ltr'><strong>thuriferarius</strong></span> <span class='ocrx_word' id='word_1_113' title='bbox 1576 2536 1650 2600; x_wconf 90' lang='lat' dir='ltr'><strong>nul-</strong></span> 
     </span>
     <span class='ocr_line' id='line_1_17' title="bbox 432 2641 1649 2730; baseline -0.003 -19"><span class='ocrx_word' id='word_1_114' title='bbox 432 2648 498 2712; x_wconf 90' lang='lat' dir='ltr'><strong>lam</strong></span> <span class='ocrx_word' id='word_1_115' title='bbox 523 2647 648 2711; x_wconf 87' lang='lat' dir='ltr'><strong>faciens</strong></span> <span class='ocrx_word' id='word_1_116' title='bbox 672 2641 950 2730; x_wconf 80' lang='lat' dir='ltr'><strong>genuflexionem,</strong></span> <span class='ocrx_word' id='word_1_117' title='bbox 964 2643 1047 2708; x_wconf 90' lang='lat' dir='ltr'><strong>illuc</strong></span> <span class='ocrx_word' id='word_1_118' title='bbox 1063 2663 1082 2706; x_wconf 88' lang='lat' dir='ltr'><strong>a</strong></span> <span class='ocrx_word' id='word_1_119' title='bbox 1098 2642 1205 2707; x_wconf 86' lang='lat' dir='ltr'><strong>latere</strong></span> <span class='ocrx_word' id='word_1_120' title='bbox 1229 2643 1386 2709; x_wconf 88' lang='lat' dir='ltr'><strong>ascendet</strong></span> <span class='ocrx_word' id='word_1_121' title='bbox 1408 2663 1428 2707; x_wconf 90' lang='lat' dir='ltr'><strong>a</strong></span> <span class='ocrx_word' id='word_1_122' title='bbox 1451 2662 1556 2719; x_wconf 87' lang='lat' dir='ltr'><strong>cornu</strong></span> <span class='ocrx_word' id='word_1_123' title='bbox 1573 2642 1649 2729; x_wconf 84' lang='lat' dir='ltr'><strong>Epi-</strong></span> 
     </span>
     <span class='ocr_line' id='line_1_18' title="bbox 430 2749 1646 2836; baseline -0.003 -17"><span class='ocrx_word' id='word_1_124' title='bbox 430 2754 546 2829; x_wconf 84' lang='lat' dir='ltr'><strong>stolae,</strong></span> <span class='ocrx_word' id='word_1_125' title='bbox 571 2752 682 2818; x_wconf 90' lang='lat' dir='ltr'><strong>tradet</strong></span> <span class='ocrx_word' id='word_1_126' title='bbox 705 2751 893 2816; x_wconf 87' lang='lat' dir='ltr'><strong>naviculam</strong></span> <span class='ocrx_word' id='word_1_127' title='bbox 917 2752 1021 2836; x_wconf 92' lang='lat' dir='ltr'><strong>primo</strong></span> <span class='ocrx_word' id='word_1_128' title='bbox 1046 2749 1269 2835; x_wconf 84' lang='lat' dir='ltr'><strong>pluvialistae‚</strong></span> <span class='ocrx_word' id='word_1_129' title='bbox 1294 2749 1410 2815; x_wconf 89' lang='lat' dir='ltr'><strong>deinde</strong></span> <span class='ocrx_word' id='word_1_130' title='bbox 1438 2749 1646 2815; x_wconf 90' lang='lat' dir='ltr'><strong>thuribulum</strong></span> 
     </span>
     <span class='ocr_line' id='line_1_19' title="bbox 431 2856 948 2946; baseline -0.008 -21"><span class='ocrx_word' id='word_1_131' title='bbox 431 2867 581 2946; x_wconf 89' lang='lat' dir='ltr'><strong>apertum</strong></span> <span class='ocrx_word' id='word_1_132' title='bbox 606 2856 723 2924; x_wconf 86' lang='lat' dir='ltr'><strong>offeret</strong></span> <span class='ocrx_word' id='word_1_133' title='bbox 747 2858 948 2924; x_wconf 80' lang='lat' dir='ltr'><strong>Celebranti.</strong></span> 
     </span>
    </p>

    <p class='ocr_par' dir='ltr' id='par_1_7' title="bbox 430 2964 1647 3248">
     <span class='ocr_line' id='line_1_20' title="bbox 522 2964 1647 3056; baseline -0.001 -25"><span class='ocrx_word' id='word_1_134' title='bbox 522 2970 551 3031; x_wconf 79' lang='lat'><strong>6.</strong></span> <span class='ocrx_word' id='word_1_135' title='bbox 579 2968 712 3040; x_wconf 82' lang='lat' dir='ltr'><strong>Caveat,</strong></span> <span class='ocrx_word' id='word_1_136' title='bbox 737 2964 842 3030; x_wconf 90' lang='lat' dir='ltr'><strong>donec</strong></span> <span class='ocrx_word' id='word_1_137' title='bbox 867 2964 1048 3056; x_wconf 72' lang='lat' dir='ltr'><strong>celebrans</strong></span> <span class='ocrx_word' id='word_1_138' title='bbox 1072 2985 1137 3030; x_wconf 94' lang='lat' dir='ltr'><strong>non</strong></span> <span class='ocrx_word' id='word_1_139' title='bbox 1163 2964 1368 3029; x_wconf 83' lang='lat' dir='ltr'><strong>benedixerit</strong></span> <span class='ocrx_word' id='word_1_140' title='bbox 1393 2966 1573 3041; x_wconf 83' lang='lat' dir='ltr'><strong>incensum,</strong></span> <span class='ocrx_word' id='word_1_141' title='bbox 1606 2986 1647 3030; x_wconf 87' lang='lat' dir='ltr'><strong>ne</strong></span> 
     </span>
     <span class='ocr_line' id='line_1_21' title="bbox 430 3071 1647 3157; baseline 0 -21"><span class='ocrx_word' id='word_1_142' title='bbox 430 3078 582 3140; x_wconf 87' lang='lat' dir='ltr'><strong>demittat</strong></span> <span class='ocrx_word' id='word_1_143' title='bbox 599 3095 662 3138; x_wconf 89' lang='lat' dir='ltr'><strong>neu</strong></span> <span class='ocrx_word' id='word_1_144' title='bbox 681 3073 888 3137; x_wconf 87' lang='lat' dir='ltr'><strong>thuribulum</strong></span> <span class='ocrx_word' id='word_1_145' title='bbox 905 3073 967 3137; x_wconf 84' lang='lat' dir='ltr'><strong>hac</strong></span> <span class='ocrx_word' id='word_1_146' title='bbox 984 3074 1056 3135; x_wconf 80' lang='lat' dir='ltr'><strong>vice</strong></span> <span class='ocrx_word' id='word_1_147' title='bbox 1072 3071 1207 3137; x_wconf 81' lang='lat' dir='ltr'><strong>claudat.</strong></span> <span class='ocrx_word' id='word_1_148' title='bbox 1223 3080 1363 3149; x_wconf 87' lang='lat' dir='ltr'><strong>tantum,</strong></span> <span class='ocrx_word' id='word_1_149' title='bbox 1380 3078 1538 3157; x_wconf 82' lang='lat' dir='ltr'><strong>quantum</strong></span> <span class='ocrx_word' id='word_1_150' title='bbox 1563 3073 1647 3137; x_wconf 85' lang='lat' dir='ltr'><strong>alias</strong></span> 
     </span>
     <span class='ocr_line' id='line_1_22' title="bbox 431 3186 526 3248; baseline -0.021 0"><span class='ocrx_word' id='word_1_151' title='bbox 431 3186 526 3248; x_wconf 73' lang='lat' dir='ltr'><strong>solut.</strong></span> 
     </span>
    </p>

    <p class='ocr_par' dir='ltr' id='par_1_8' title="bbox 431 3288 1647 3678">
     <span class='ocr_line' id='line_1_23' title="bbox 520 3288 1646 3376; baseline 0.001 -22"><span class='ocrx_word' id='word_1_152' title='bbox 520 3294 549 3354; x_wconf 84' lang='lat'><strong>7.</strong></span> <span class='ocrx_word' id='word_1_153' title='bbox 577 3292 659 3354; x_wconf 88' lang='lat' dir='ltr'><strong>Tum</strong></span> <span class='ocrx_word' id='word_1_154' title='bbox 683 3288 818 3353; x_wconf 88' lang='lat' dir='ltr'><strong>claudet</strong></span> <span class='ocrx_word' id='word_1_155' title='bbox 841 3289 1059 3364; x_wconf 89' lang='lat' dir='ltr'><strong>thuribulum,</strong></span> <span class='ocrx_word' id='word_1_156' title='bbox 1073 3292 1158 3373; x_wconf 88' lang='lat' dir='ltr'><strong>quod</strong></span> <span class='ocrx_word' id='word_1_157' title='bbox 1175 3290 1285 3356; x_wconf 88' lang='lat' dir='ltr'><strong>tradet</strong></span> <span class='ocrx_word' id='word_1_158' title='bbox 1303 3291 1408 3375; x_wconf 90' lang='lat' dir='ltr'><strong>primo</strong></span> <span class='ocrx_word' id='word_1_159' title='bbox 1424 3290 1646 3376; x_wconf 86' lang='lat' dir='ltr'><strong>pluvialistac‚</strong></span> 
     </span>
     <span class='ocr_line' id='line_1_24' title="bbox 431 3395 1647 3482; baseline 0 -19"><span class='ocrx_word' id='word_1_160' title='bbox 431 3422 451 3463; x_wconf 86' lang='lat' dir='ltr'><strong>a</strong></span> <span class='ocrx_word' id='word_1_161' title='bbox 474 3421 538 3481; x_wconf 79' lang='lat' dir='ltr'><strong>quo</strong></span> <span class='ocrx_word' id='word_1_162' title='bbox 562 3395 749 3460; x_wconf 80' lang='lat' dir='ltr'><strong>naviculam</strong></span> <span class='ocrx_word' id='word_1_163' title='bbox 773 3397 918 3482; x_wconf 87' lang='lat' dir='ltr'><strong>recipiet,</strong></span> <span class='ocrx_word' id='word_1_164' title='bbox 951 3417 1087 3480; x_wconf 86' lang='lat' dir='ltr'><strong>eamque</strong></span> <span class='ocrx_word' id='word_1_165' title='bbox 1118 3405 1235 3462; x_wconf 86' lang='lat' dir='ltr'><strong>tenens</strong></span> <span class='ocrx_word' id='word_1_166' title='bbox 1267 3405 1407 3482; x_wconf 87' lang='lat' dir='ltr'><strong>utraque</strong></span> <span class='ocrx_word' id='word_1_167' title='bbox 1438 3419 1537 3463; x_wconf 92' lang='lat' dir='ltr'><strong>manu</strong></span> <span class='ocrx_word' id='word_1_168' title='bbox 1568 3405 1647 3463; x_wconf 86' lang='lat' dir='ltr'><strong>ante</strong></span> 
     </span>
     <span class='ocr_line' id='line_1_25' title="bbox 432 3504 1647 3592; baseline -0.001 -21"><span class='ocrx_word' id='word_1_169' title='bbox 432 3504 756 3592; x_wconf 79' lang='lat' dir='ltr'><strong>pectus,deA1ta1·i</strong></span> <span class='ocrx_word' id='word_1_170' title='bbox 788 3504 938 3569; x_wconf 84' lang='lat' dir='ltr'><strong>alatere</strong></span> <span class='ocrx_word' id='word_1_171' title='bbox 968 3504 1156 3581; x_wconf 85' lang='lat' dir='ltr'><strong>descendet,</strong></span> <span class='ocrx_word' id='word_1_172' title='bbox 1189 3505 1296 3588; x_wconf 90' lang='lat' dir='ltr'><strong>ibique</strong></span> <span class='ocrx_word' id='word_1_173' title='bbox 1328 3506 1512 3571; x_wconf 87' lang='lat' dir='ltr'><strong>morabitur</strong></span> <span class='ocrx_word' id='word_1_174' title='bbox 1541 3506 1647 3571; x_wconf 88' lang='lat' dir='ltr'><strong>donec</strong></span> 
     </span>
     <span class='ocr_line' id='line_1_26' title="bbox 432 3610 799 3678; baseline -0.008 0"><span class='ocrx_word' id='word_1_175' title='bbox 432 3613 563 3678; x_wconf 85' lang='lat' dir='ltr'><strong>durabit</strong></span> <span class='ocrx_word' id='word_1_176' title='bbox 588 3610 799 3676; x_wconf 87' lang='lat' dir='ltr'><strong>thurificatio.</strong></span> 
     </span>
    </p>

    <p class='ocr_par' dir='ltr' id='par_1_9' title="bbox 430 3720 1647 4323">
     <span class='ocr_line' id='line_1_27' title="bbox 519 3720 1646 3796; baseline 0 -12"><span class='ocrx_word' id='word_1_177' title='bbox 519 3722 548 3784; x_wconf 78' lang='lat'><strong>8.</strong></span> <span class='ocrx_word' id='word_1_178' title='bbox 574 3720 607 3785; x_wconf 87' lang='lat' dir='ltr'><strong>Si</strong></span> <span class='ocrx_word' id='word_1_179' title='bbox 632 3720 751 3784; x_wconf 80' lang='lat' dir='ltr'><strong>Altero</strong></span> <span class='ocrx_word' id='word_1_180' title='bbox 776 3721 832 3786; x_wconf 86' lang='lat' dir='ltr'><strong>SS.</strong></span> <span class='ocrx_word' id='word_1_181' title='bbox 858 3721 1062 3785; x_wconf 86' lang='lat' dir='ltr'><strong>Sacramenti</strong></span> <span class='ocrx_word' id='word_1_182' title='bbox 1086 3722 1151 3785; x_wconf 89' lang='lat' dir='ltr'><strong>erit</strong></span> <span class='ocrx_word' id='word_1_183' title='bbox 1167 3721 1413 3796; x_wconf 85' lang='lat' dir='ltr'><strong>incensandum,</strong></span> <span class='ocrx_word' id='word_1_184' title='bbox 1431 3721 1550 3787; x_wconf 87' lang='lat' dir='ltr'><strong>efficiet</strong></span> <span class='ocrx_word' id='word_1_185' title='bbox 1569 3722 1646 3786; x_wconf 92' lang='lat' dir='ltr'><strong>dum</strong></span> 
     </span>
     <span class='ocr_line' id='line_1_28' title="bbox 431 3827 1647 3914; baseline -0.003 -19"><span class='ocrx_word' id='word_1_186' title='bbox 431 3830 579 3895; x_wconf 85' lang='lat' dir='ltr'><strong>discedet</strong></span> <span class='ocrx_word' id='word_1_187' title='bbox 602 3827 867 3914; x_wconf 76' lang='lat' dir='ltr'><strong>genuflexionem</strong></span> <span class='ocrx_word' id='word_1_188' title='bbox 899 3828 939 3892; x_wconf 83' lang='lat' dir='ltr'><strong>ad</strong></span> <span class='ocrx_word' id='word_1_189' title='bbox 971 3828 1089 3893; x_wconf 86' lang='lat' dir='ltr'><strong>Altarc</strong></span> <span class='ocrx_word' id='word_1_190' title='bbox 1120 3836 1154 3893; x_wconf 90' lang='lat' dir='ltr'><strong>et</strong></span> <span class='ocrx_word' id='word_1_191' title='bbox 1186 3830 1407 3893; x_wconf 84' lang='lat' dir='ltr'><strong>reverentiam</strong></span> <span class='ocrx_word' id='word_1_192' title='bbox 1436 3828 1476 3893; x_wconf 90' lang='lat' dir='ltr'><strong>ad</strong></span> <span class='ocrx_word' id='word_1_193' title='bbox 1507 3831 1647 3895; x_wconf 90' lang='lat' dir='ltr'><strong>chorum</strong></span> 
     </span>
     <span class='ocr_line' id='line_1_29' title="bbox 430 3935 1646 4021; baseline -0.002 -18"><span class='ocrx_word' id='word_1_194' title='bbox 430 3938 528 4003; x_wconf 92' lang='lat' dir='ltr'><strong>simul</strong></span> <span class='ocrx_word' id='word_1_195' title='bbox 553 3958 626 4002; x_wconf 91' lang='lat' dir='ltr'><strong>cnm</strong></span> <span class='ocrx_word' id='word_1_196' title='bbox 651 3939 862 4003; x_wconf 82' lang='lat' dir='ltr'><strong>ceroferariis</strong></span> <span class='ocrx_word' id='word_1_197' title='bbox 887 3943 916 4000; x_wconf 91' lang='lat' dir='ltr'><strong>et</strong></span> <span class='ocrx_word' id='word_1_198' title='bbox 943 3935 1125 4021; x_wconf 86' lang='lat' dir='ltr'><strong>procedens</strong></span> <span class='ocrx_word' id='word_1_199' title='bbox 1149 3942 1227 4000; x_wconf 87' lang='lat' dir='ltr'><strong>ante</strong></span> <span class='ocrx_word' id='word_1_200' title='bbox 1258 3937 1343 4019; x_wconf 90' lang='lat' dir='ltr'><strong>ipsos</strong></span> <span class='ocrx_word' id='word_1_201' title='bbox 1378 3935 1484 4020; x_wconf 84' lang='lat' dir='ltr'><strong>gradu</strong></span> <span class='ocrx_word' id='word_1_202' title='bbox 1516 3937 1646 4021; x_wconf 90' lang='lat' dir='ltr'><strong>quidem</strong></span> 
     </span>
     <span class='ocr_line' id='line_1_30' title="bbox 430 4042 1646 4128; baseline 0.002 -21"><span class='ocrx_word' id='word_1_203' title='bbox 430 4046 536 4128; x_wconf 83' lang='lat' dir='ltr'><strong>gravi,</strong></span> <span class='ocrx_word' id='word_1_204' title='bbox 561 4044 617 4108; x_wconf 87' lang='lat' dir='ltr'><strong>sed</strong></span> <span class='ocrx_word' id='word_1_205' title='bbox 641 4045 772 4109; x_wconf 89' lang='lat' dir='ltr'><strong>minime</strong></span> <span class='ocrx_word' id='word_1_206' title='bbox 795 4042 983 4118; x_wconf 87' lang='lat' dir='ltr'><strong>artificioso,</strong></span> <span class='ocrx_word' id='word_1_207' title='bbox 1008 4049 1125 4128; x_wconf 81' lang='lat' dir='ltr'><strong>perget</strong></span> <span class='ocrx_word' id='word_1_208' title='bbox 1142 4044 1183 4107; x_wconf 91' lang='lat' dir='ltr'><strong>ad</strong></span> <span class='ocrx_word' id='word_1_209' title='bbox 1200 4043 1318 4107; x_wconf 85' lang='lat' dir='ltr'><strong>Altare</strong></span> <span class='ocrx_word' id='word_1_210' title='bbox 1336 4042 1552 4109; x_wconf 89' lang='lat' dir='ltr'><strong>Sacramenti.</strong></span> <span class='ocrx_word' id='word_1_211' title='bbox 1574 4045 1646 4119; x_wconf 84' lang='lat' dir='ltr'><strong>Quo</strong></span> 
     </span>
     <span class='ocr_line' id='line_1_31' title="bbox 431 4148 1647 4237; baseline 0.002 -24"><span class='ocrx_word' id='word_1_212' title='bbox 431 4171 529 4233; x_wconf 84' lang='lat' dir='ltr'><strong>quum</strong></span> <span class='ocrx_word' id='word_1_213' title='bbox 554 4153 743 4235; x_wconf 86' lang='lat' dir='ltr'><strong>pervenerit</strong></span> <span class='ocrx_word' id='word_1_214' title='bbox 768 4148 970 4235; x_wconf 86' lang='lat' dir='ltr'><strong>genuflectet</strong></span> <span class='ocrx_word' id='word_1_215' title='bbox 1000 4155 1100 4232; x_wconf 92' lang='lat' dir='ltr'><strong>atque</strong></span> <span class='ocrx_word' id='word_1_216' title='bbox 1124 4148 1183 4214; x_wconf 90' lang='lat' dir='ltr'><strong>ibit</strong></span> <span class='ocrx_word' id='word_1_217' title='bbox 1214 4149 1253 4214; x_wconf 87' lang='lat' dir='ltr'><strong>ad</strong></span> <span class='ocrx_word' id='word_1_218' title='bbox 1285 4149 1374 4215; x_wconf 89' lang='lat' dir='ltr'><strong>latus</strong></span> <span class='ocrx_word' id='word_1_219' title='bbox 1404 4151 1583 4237; x_wconf 81' lang='lat' dir='ltr'><strong>Epistolae,</strong></span> <span class='ocrx_word' id='word_1_220' title='bbox 1609 4159 1647 4216; x_wconf 92' lang='lat' dir='ltr'><strong>ut</strong></span> 
     </span>
     <span class='ocr_line' id='line_1_32' title="bbox 430 4256 1077 4323; baseline -0.002 -3"><span class='ocrx_word' id='word_1_221' title='bbox 430 4258 588 4322; x_wconf 85' lang='lat' dir='ltr'><strong>ascendat</strong></span> <span class='ocrx_word' id='word_1_222' title='bbox 611 4266 643 4322; x_wconf 86' lang='lat' dir='ltr'><strong>et</strong></span> <span class='ocrx_word' id='word_1_223' title='bbox 667 4260 834 4323; x_wconf 88' lang='lat' dir='ltr'><strong>ministret</strong></span> <span class='ocrx_word' id='word_1_224' title='bbox 857 4256 1077 4322; x_wconf 86' lang='lat' dir='ltr'><strong>thnribulum.</strong></span> 
     </span>
    </p>
   </div>
   <div class='ocr_carea' id='block_1_4' title="bbox 430 4407 1648 4671">
    <p class='ocr_par' dir='ltr' id='par_1_10' title="bbox 430 4407 1648 4671">
     <span class='ocr_line' id='line_1_33' title="bbox 502 4407 1648 4494; baseline 0.002 -18"><span class='ocrx_word' id='word_1_225' title='bbox 502 4420 543 4482; x_wconf 84' lang='lat' dir='ltr'><strong>(o)</strong></span> <span class='ocrx_word' id='word_1_226' title='bbox 565 4407 763 4475; x_wconf 50' lang='lat' dir='ltr'><strong>Thuribqum&#39;</strong></span> <span class='ocrx_word' id='word_1_227' title='bbox 779 4419 949 4490; x_wconf 85' lang='lat' dir='ltr'><strong>praeparari</strong></span> <span class='ocrx_word' id='word_1_228' title='bbox 970 4418 1077 4490; x_wconf 82' lang='lat' dir='ltr'><strong>poterit</strong></span> <span class='ocrx_word' id='word_1_229' title='bbox 1091 4419 1119 4472; x_wconf 91' lang='lat' dir='ltr'><strong>in</strong></span> <span class='ocrx_word' id='word_1_230' title='bbox 1130 4418 1262 4474; x_wconf 88' lang='lat' dir='ltr'><strong>sacrario</strong></span> <span class='ocrx_word' id='word_1_231' title='bbox 1276 4420 1321 4473; x_wconf 87' lang='lat' dir='ltr'><strong>vel</strong></span> <span class='ocrx_word' id='word_1_232' title='bbox 1337 4437 1428 4491; x_wconf 84' lang='lat' dir='ltr'><strong>super</strong></span> <span class='ocrx_word' id='word_1_233' title='bbox 1446 4422 1548 4485; x_wconf 88' lang='lat' dir='ltr'><strong>abaco,</strong></span> <span class='ocrx_word' id='word_1_234' title='bbox 1562 4439 1648 4494; x_wconf 88' lang='lat' dir='ltr'><strong>prae·</strong></span> 
     </span>
     <span class='ocr_line' id='line_1_34' title="bbox 430 4504 1645 4583; baseline 0.008 -26"><span class='ocrx_word' id='word_1_235' title='bbox 430 4504 529 4559; x_wconf 81' lang='lat' dir='ltr'><strong>sertim</strong></span> <span class='ocrx_word' id='word_1_236' title='bbox 550 4507 574 4560; x_wconf 82' lang='lat' dir='ltr'><strong>si</strong></span> <span class='ocrx_word' id='word_1_237' title='bbox 594 4509 757 4565; x_wconf 85' lang='lat' dir='ltr'><strong>sacrarium</strong></span> <span class='ocrx_word' id='word_1_238' title='bbox 779 4509 893 4579; x_wconf 85' lang='lat' dir='ltr'><strong>longius</strong></span> <span class='ocrx_word' id='word_1_239' title='bbox 913 4508 988 4563; x_wconf 90' lang='lat' dir='ltr'><strong>absit</strong></span> <span class='ocrx_word' id='word_1_240' title='bbox 1001 4526 1019 4563; x_wconf 89' lang='lat' dir='ltr'><strong>a</strong></span> <span class='ocrx_word' id='word_1_241' title='bbox 1032 4507 1133 4563; x_wconf 90' lang='lat' dir='ltr'><strong>choro.</strong></span> <span class='ocrx_word' id='word_1_242' title='bbox 1154 4508 1183 4564; x_wconf 88' lang='lat' dir='ltr'><strong>Si</strong></span> <span class='ocrx_word' id='word_1_243' title='bbox 1198 4517 1332 4581; x_wconf 89' lang='lat' dir='ltr'><strong>paratum</strong></span> <span class='ocrx_word' id='word_1_244' title='bbox 1347 4528 1438 4583; x_wconf 89' lang='lat' dir='ltr'><strong>super</strong></span> <span class='ocrx_word' id='word_1_245' title='bbox 1451 4513 1544 4567; x_wconf 85' lang='lat' dir='ltr'><strong>abaco</strong></span> <span class='ocrx_word' id='word_1_246' title='bbox 1558 4513 1645 4570; x_wconf 81' lang='lat' dir='ltr'><strong>suerit</strong></span> 
     </span>
     <span class='ocr_line' id='line_1_35' title="bbox 431 4592 1306 4671; baseline 0.01 -25"><span class='ocrx_word' id='word_1_247' title='bbox 431 4592 602 4650; x_wconf 80' lang='lat' dir='ltr'><strong>advertatur</strong></span> <span class='ocrx_word' id='word_1_248' title='bbox 623 4597 700 4652; x_wconf 90' lang='lat' dir='ltr'><strong>utin</strong></span> <span class='ocrx_word' id='word_1_249' title='bbox 721 4610 855 4671; x_wconf 81' lang='lat' dir='ltr'><strong>promptu</strong></span> <span class='ocrx_word' id='word_1_250' title='bbox 876 4597 912 4654; x_wconf 80' lang='lat' dir='ltr'><strong>sit</strong></span> <span class='ocrx_word' id='word_1_251' title='bbox 931 4596 1006 4668; x_wconf 77' lang='lat' dir='ltr'><strong>ignis</strong></span> <span class='ocrx_word' id='word_1_252' title='bbox 1025 4598 1211 4655; x_wconf 67' lang='lat' dir='ltr'><strong>consopiant-i</strong></span> <span class='ocrx_word' id='word_1_253' title='bbox 1232 4600 1306 4655; x_wconf 83' lang='lat' dir='ltr'><strong>loro.</strong></span> 
     </span>
    </p>
   </div>
   <div class='ocr_carea' id='block_1_5' title="bbox 0 0 2094 5717">
    <p class='ocr_par' dir='ltr' id='par_1_11' title="bbox 0 0 2094 5717">
     <span class='ocr_line' id='line_1_36' title="bbox 0 0 2094 5717; baseline 0 0"><span class='ocrx_word' id='word_1_254' title='bbox 0 0 2094 5717; x_wconf 95' lang='lat' dir='ltr'><strong> </strong></span> 
     </span>
    </p>
   </div>
  </div>
 </body>
</html>
