4175 5717
514 723 558 787 50
967 738 1033 786 um.
1058 737 1093 786 11.

431 855 528 913 canet
552 845 740 932 Sequentia
763 843 885 910 Sancti
904 842 1090 930 annpetti
1109 846 1305 913 seeundum
1329 896 1336 910 .
1361 896 1369 910 .
1395 895 1401 911 .
1427 847 1578 914 .cborus
1596 867 1651 914 re-

429 952 601 1040 spondebit
627 951 749 1020 Gloria
773 949 834 1020 titi
854 951 1009 1019 Domine.
1616 1001 1619 1006 .

520 1059 591 1124 113.
616 1058 700 1123 Dum
724 1058 887 1123 Diaconus
917 1058 1066 1124 cantabit
1095 1057 1294 1144 Sequentia,
1325 1061 1569 1149 approximabit
1600 1059 1651 1130 ad

429 1169 499 1232 eius
522 1166 694 1233 dexteram
719 1165 956 1231 thuriferarius
980 1185 1056 1232 cum
1079 1166 1251 1233 thuribulo
1275 1167 1400 1246 olauso;
1434 1176 1469 1236 et
1501 1189 1650 1258 raspon-

431 1274 531 1340 dente
555 1275 657 1339 chorc
684 1272 805 1341 Gloria
830 1272 892 1340 tibi
911 1269 1067 1350 Domine,
1092 1273 1256 1340 Diaconus
1280 1276 1489 1344 thuribulum
1511 1297 1532 1344 a
1563 1277 1650 1344 thu-

430 1382 583 1470 riferario
607 1381 746 1466 accipiet
769 1386 802 1444 et
825 1379 947 1445 librum
971 1380 1146 1466 Evangelii
1169 1377 1315 1449 adolebit
1350 1385 1382 1449 in
1414 1384 1530 1463 medio,
1561 1385 1651 1452 sini-

431 1494 594 1553 strorsum
618 1492 652 1552 et
674 1485 887 1552 dextrorsum
910 1489 962 1553 sui
985 1488 1121 1572 dnptici
1140 1490 1251 1558 dnotn
1274 1492 1308 1556 in
1336 1492 1476 1579 singulis
1506 1491 1650 1558 vicibus.

433 1596 515 1660 Post
537 1595 620 1659 haec
642 1594 852 1660 thuribulum
877 1593 993 1661 reddet
1015 1595 1242 1675 thuriferario,
1267 1600 1320 1682 qui
1346 1597 1387 1664 a'd
1409 1599 1520 1666 locum
1543 1619 1651 1686 supe·

433 1704 501 1767 rius
525 1701 704 1768 indicatum
729 1701 857 1780 redibit,
875 1702 1083 1768 thuribulum
1107 1705 1238 1770 minime
1261 1707 1400 1791 agitans,
1418 1706 1476 1772 sed
1491 1713 1650 1794 apertum

432 1817 466 1875 et
489 1811 658 1875 immotum
681 1811 858 1875 sustinens.

522 1917 593 1982 114.
618 1917 792 1994 Diaconos
817 1916 989 1983 thuribulo
1012 1919 1180 1997 restituto,
1204 1920 1425 2006 Evangelium
1441 1922 1564 1988 iunctis
1581 1941 1653 1988 ma·

432 2027 526 2092 nibus
551 2025 707 2102 cantabit
731 2027 822 2091 acsi
846 2045 911 2110 qua
934 2027 1036 2094 verba
1060 2029 1093 2093 in
1117 2029 1302 2115 Evangelio
1325 2035 1490 2096 canentur
1504 2028 1548 2096 ad
1562 2049 1654 2114 quaa

434 2137 476 2199 sit
499 2130 800 2220 genuflectendum,
825 2133 994 2220 Acolythi,
1019 2141 1054 2200 et
1077 2134 1303 2202 Subdiacouus
1328 2155 1393 2201 non
1410 2133 1652 2222 genuflectent,

433 2242 489 2308 sed
513 2242 627 2327 utique
650 2244 754 2307 ceteri
778 2261 900 2318 omnes,
925 2261 966 2307 ne
991 2241 1191 2308 Celebrante
1214 2242 1344 2328 quidem
1360 2249 1510 2330 excepto,
1529 2263 1654 2314 versus

432 2350 555 2416 librum
577 2349 838 2435 Evangeliorurn
861 2346 1096 2434 genuflectent.

523 2456 595 2522 115.
620 2457 804 2542 Evangelio
827 2461 971 2535 canmto,
996 2455 1224 2524 Subdiaconus
1254 2456 1378 2523 librum
1407 2457 1559 2525 demittet
1590 2480 1653 2526 au·

433 2586 492 2652 pra
514 2569 640 2651 pectus,
664 2571 698 2630 et
721 2571 863 2649 utraque
885 2584 984 2629 manu
1007 2567 1040 2629 in
1065 2569 1159 2651 parte
1182 2564 1332 2631 inferiori
1356 2565 1541 2632 sustinebit.
1565 2565 1654 2632 Dia·

433 2694 538 2740 conus
562 2671 768 2737 Subdiacono
792 2673 988 2759 principium
1011 2672 1187 2757 Evangelii
1209 2691 1280 2738 ase
1298 2675 1423 2738 cantati
1438 2673 1652 2740 monstrabit.

524 2780 595 2846 116.
622 2779 849 2846 subdiaconus
873 2780 1001 2845 nullam
1025 2780 1151 2846 faciens
1176 2781 1399 2846 reverentiam
1422 2787 1481 2847 aut
1502 2777 1655 2866 genufle-

434 2890 566 2955 xionem
581 2887 623 2954 ad
639 2888 867 2965 Altare,1icet
883 2887 940 2955 SS.
954 2886 1206 2953 Sacramentum
1223 2893 1312 2953 esset
1327 2889 1525 2974 expositum,
1541 2907 1653 2973 neque

435 2997 655 3062 reverentiam
678 2995 719 3060 ad
737 2995 986 3070 ,Celebrantem
1011 2994 1168 3060 ascendet
1197 2994 1382 3060 immediate
1405 2994 1447 3059 ad
1470 2994 1592 3060 Altare
1618 3000 1679 3062 et·

437 3104 533 3170 vadet
556 3104 596 3170 ad
622 3104 862 3170 Celebrantem.
886 3103 975 3169 Ante
998 3123 1095 3187 quem
1111 3123 1211 3186 quum
1228 3103 1367 3179 venerit,
1380 3109 1532 3189 prompte
1548 3121 1653 3176 manu

435 3212 574 3277 dextera
603 3211 759 3277 indicabit
791 3212 821 3276 ei
851 3211 1047 3297 principium
1077 3211 1252 3296 Evangelii
1279 3208 1379 3297 (quod
1410 3209 1469 3276 ille
1500 3210 1654 3278 osculari

434 3319 576 3404 debebit)
600 3320 735 3385 sinistra
758 3320 924 3384 sustinens
948 3317 1081 3382 librum.

526 3429 598 3494 117.
623 3429 805 3495 Celebrans
829 3427 961 3503 librum,
986 3433 1131 3512 utraque
1155 3447 1254 3492 manu
1270 3447 1370 3514 super
1386 3427 1481 3492 illum
1497 3427 1656 3514 imposita

435 3536 646 3603 osculabitur
669 3536 780 3602 dicens
805 3535 878 3603 Per
901 3536 1100 3621 eoanpetieo
1123 3535 1216 3602 diota
1238 3535 1425 3602 deleantur
1446 3541 1571 3602 nostra
1587 3535 1654 3602 de-

436 3646 525 3713 licto.
551 3643 776 3709 Subdiaconus
800 3643 934 3709 claudet
956 3642 1089 3719 librum,
1115 3642 1324 3709 reverebitur
1348 3640 1592 3720 celebrantem,
1608 3640 1655 3709 de

434 3755 544 3821 Alteri
567 3751 754 3828 descendet,
778 3751 900 3818 librum
924 3750 1035 3816 tradet
1059 3749 1324 3815 caeremoniario
1342 3748 1397 3815 vel
1414 3748 1571 3834 Aoolyto,
1594 3749 1655 3815 ibi·

434 3882 498 3947 que
521 3860 681 3927 consistet
702 3865 780 3924 ante
811 3857 956 3925 infimum
988 3855 1128 3944 gradum
1162 3839 1264 3943 prope
1298 3857 1544 3923 extremitatem
1577 3855 1655 3925 iera

436 3974 553 4035 contra
576 3966 755 4032 Diaconum
779 3971 813 4031 et
835 3964 877 4030 ad
901 3966 1006 4050 ipsum
1028 3983 1221 4029 conversus.
1322 3955 1328 3966 ’

525 4075 596 4141 118.
621 4072 726 4139 Simul
749 4093 788 4138 ac
811 4070 1037 4138 Subdiaconus
1061 4069 1208 4136 discedet
1224 4070 1264 4136 de
1280 4068 1386 4135 medio
1402 4067 1655 4154 Acolythorum

435 4187 542 4251 iturus
566 4182 606 4248 ad
632 4180 874 4254 celebrantem,
899 4178 1064 4243 Diaconus
1088 4198 1189 4263 super
1212 4179 1381 4243 sinistram
1405 4195 1499 4242 suam
1522 4194 1558 4240 se
1575 4195 1657 4242 con·

435 4297 545 4357 vertet
568 4310 684 4355 versus
709 4287 939 4354 Celebrantem
963 4306 1003 4352 ac
1026 4286 1264 4352 thuriferarius
1287 4305 1323 4350 se
1346 4286 1442 4350 sistet
1464 4281 1506 4347 ad
1528 4282 1655 4350 dexte-

438 4415 508 4466 ram
532 4399 612 4463 eius.

526 4503 597 4569 119.
623 4504 791 4578 Profecto
816 4507 986 4586 utsupra,
1012 4499 1229 4570 subdiacono,
1267 4498 1428 4585 Acclythi
1458 4497 1657 4564 transibunt

439 4609 536 4673 simul
562 4619 635 4695 post
660 4612 922 4686 thuriferarium,
935 4613 1076 4696 pergent
1101 4613 1178 4673 ante
1203 4608 1330 4685 Altare,
1348 4604 1586 4692 genuflectent,
1604 4626 1658 4674 ra-
