4175 5717
1008 756 1074 804 ΜΒ.
1099 758 1120 806 1.

770 981 802 1061 5.
827 979 857 1042 4.
882 976 927 1043 le
950 975 1065 1043 Missa
1088 976 1243 1044 solemni.
1268 973 1316 1063 (c)

340 1279 345 1294 ι
523 1195 594 1261 100.
613 1193 797 1262 celebrans
815 1192 1021 1279 praevidebit
1036 1193 1148 1258 omnia
1163 1211 1299 1278 eaquae
1314 1194 1465 1261 canenda
1480 1194 1542 1262 sibi
1554 1201 1661 1264 erunt

428 1323 489 1391 pro
513 1303 676 1388 qualitate
699 1302 822 1368 Missae
844 1302 998 1367 stritus.

488 1420 493 1440 ·
522 1412 593 1477 101.
619 1409 728 1485 Quum
752 1410 856 1474 sacris
879 1410 1082 1495 paramentis
1106 1411 1172 1474 erit
1194 1408 1341 1487 indutus,
1358 1411 1467 1478 bireto
1487 1413 1662 1500 cooperiet

432 1525 543 1605 caput,
568 1519 663 1602 signo
687 1524 799 1582 autem
823 1536 843 1581 a
867 1515 1137 1582 eaeremoniario
1160 1516 1250 1593 dato,
1274 1525 1375 1604 caput
1404 1517 1552 1597 nudabit,
1582 1519 1662 1586 abi·

431 1625 479 1690 bit
502 1645 521 1690 a
546 1624 670 1700 tabula,
695 1624 751 1688 vel
775 1642 903 1700 mensa,
928 1623 1016 1709 apud
1039 1643 1137 1708 quam
1161 1633 1357 1711 paramenta
1380 1627 1568 1714 sumpserit,
1599 1645 1661 1694 re-

431 1735 614 1799 verentiam
639 1732 740 1798 faciet
764 1731 863 1797 Cruci
887 1731 943 1797 vel
968 1733 1104 1818 imagini
1128 1735 1326 1819 praecipuae
1356 1735 1505 1812 sacrarii,
1533 1741 1569 1802 et
1599 1753 1661 1802 sa-

432 1861 566 1908 crorum
591 1841 822 1906 Ministrorum
839 1839 1034 1906 salutationi
1051 1842 1268 1908 inclinatione
1284 1842 1413 1909 modica
1432 1841 1661 1930 respondebit.

524 1949 595 2013 102.
620 1947 671 2014 Ad
702 1949 841 2014 sacrarii
865 1947 956 2013 fores
981 1949 1088 2044 bireto
1111 1956 1212 2035 eaput
1234 1949 1378 2037 deteget,
1409 1971 1528 2037 aquam
1558 1951 1661 2020 bene·

432 2057 552 2122 dictam
569 2078 589 2122 a
605 2057 751 2126 Diacono
768 2057 917 2142 accipiet,
930 2057 1075 2142 signabit
1092 2077 1137 2135 se,
1150 2060 1339 2144 iterumque
1362 2065 1462 2147 caput
1477 2061 1659 2147 cooperiet

523 2166 595 2230 103.
614 2166 652 2230 11
669 2164 777 2230 eundo
794 2163 836 2228 ad
852 2163 972 2230 Altare
984 2165 1166 2232 Diaconum
1183 2169 1305 2234 iunctis
1322 2168 1472 2235 manibus
1487 2174 1658 2254 sequetur.

525 2273 597 2337 104.
622 2273 798 2358 Ingressus
821 2273 855 2337 in
878 2273 1017 2339 chorum
1041 2295 1101 2339 seu
1125 2265 1381 2362 presbyterium,
1399 2275 1536 2343 nudabit
1556 2283 1661 2364 capnt

432 2387 467 2447 et
490 2381 634 2446 biretum
657 2378 771 2445 tradet
793 2380 950 2456 Diacono,
974 2399 1014 2445 ac
1037 2382 1064 2446 si
1098 2381 1217 2448 Clarus
1247 2384 1280 2447 11
1311 2384 1415 2450 choro
1445 2385 1508 2449 iam
1538 2383 1660 2462 aderit,

432 2488 645 2557 reverebitur
668 2507 743 2554 eum
768 2489 874 2575 primo
898 2507 1016 2554 versus
1041 2489 1218 2574 Evangelii
1242 2497 1312 2555 tum
1337 2491 1509 2578 Epistolae
1538 2509 1658 2558 cornu

434 2599 492 2665 Sin
517 2600 551 2663 in
574 2596 685 2665 eundo
708 2595 749 2663 ad
773 2597 893 2663 Altare
911 2596 1030 2663 clerus
1048 2597 1153 2683 ipsum
1168 2600 1400 2684 praecesserit,
1421 2598 1659 2678 reverentiam,

433 2729 531 2796 quam
554 2708 708 2787 diximus,
734 2710 874 2773 omittet.
987 2749 990 2757 ·

524 2816 596 2884 105.
628 2816 776 2884 11011111
808 2815 918 2892 Claro,
949 2816 1094 2882 biretum
1125 2814 1268 2902 deponet
1297 2835 1397 2902 quum
1428 2821 1507 2883 anta
1537 2817 1660 2884 Altera

432 2927 617 2994 devenerit.

525 3035 597 3100 106.
622 3033 711 3100 Ante
734 3032 854 3099 Altare
879 3033 1071 3098 reverentia
1087 3032 1253 3118 profunda
1268 3032 1310 3097 ad
1327 3032 1467 3099 Crucem
1484 3032 1584 3109 iacta,
1602 3031 1661 3099 Sa·

434 3166 528 3212 crum
552 3142 758 3210 exordietur.
783 3140 835 3208 Ad
859 3142 1102 3208 confessionem
1126 3141 1302 3226 proferens
1327 3141 1430 3208 uerba
1460 3141 1561 3209 Vobis
1582 3142 1661 3226 sra-

436 3263 507 3323 tres
530 3258 565 3319 at
594 3251 661 3320 Vos
683 3253 819 3337 fratres
843 3270 878 3316 se
909 3249 1061 3335 paullum
1085 3253 1262 3314 convertet
1291 3248 1333 3313 ad
1363 3248 1546 3325 Ministr0s‚
1577 3249 1660 3334 quin

436 3370 548 3429 tamen
571 3363 680 3448 erigat
703 3379 776 3426 sese
800 3360 841 3425 de
864 3364 955 3424 statu
979 3358 1049 3423 sive
1072 3356 1300 3433 inclinatione,
1323 3376 1389 3440 qua
1411 3362 1492 3423 tune
1515 3357 1592 3424 erit.

527 3471 598 3535 107.
624 3468 754 3547 Altera,
779 3487 880 3552 quum
903 3467 1102 3543 ascenderit,
1127 3466 1338 3532 osculabitur
1360 3468 1394 3531 in
1410 3465 1527 3544 medio,
1548 3465 1664 3532 incen-

435 3601 506 3647 sum
532 3581 565 3643 in
589 3577 801 3644 thuribulum
824 3577 982 3642 immittet
1003 3595 1079 3642 cum
1102 3576 1226 3640 usitata
1256 3573 1486 3640 benedictione
1515 3573 1569 3641 ,40
1599 3575 1661 3644 illc

436 3687 656 3757 benedicaris
679 3692 742 3752 etc.
768 3683 886 3750 deinde
909 3682 1030 3749 Altare
1053 3682 1210 3749 adolebit.
1235 3680 1409 3759 Advertet
1433 3687 1472 3747 ut
1488 3683 1659 3750 sinistram

434 3817 568 3863 manum
591 3797 719 3882 pectori
743 3792 889 3880 applicet
910 3793 1083 3858 incensum
1107 3791 1297 3866 immittens,
1315 3796 1350 3855 et
1365 3789 1476 3856 Altari
1499 3791 1659 3878 imponet,

435 3931 536 3995 quum
559 3906 742 3974 benedicet.

527 4017 599 4082 108.
625 4010 885 4079 'thurificatione
908 4009 1036 4075 Altaris
1061 4007 1226 4085 absoluta,
1250 4008 1358 4074 tribus
1381 4007 1534 4075 ductibus
1555 4009 1659 4076 thure

436 4125 625 4192 adolebitur
648 4142 668 4187 a
691 4121 846 4196 Diarono,
871 4119 924 4183 cui
949 4115 1078 4183 modica
1107 4115 1325 4182 inclinatione
1354 4115 1576 4203 respondebit.
1610 4115 1659 4206 (0)

509 4394 550 4462 (a)
571 4393 655 4448 Ritus
674 4409 691 4446 a
705 4389 880 4446 celebrante
894 4388 1057 4442 servandos
1078 4386 1105 4442 11
1120 4386 1213 4443 Missa
1233 4392 1344 4442 tantum
1363 4384 1486 4442 solemni
1502 4384 1557 4444 hnc
1570 4403 1659 4459 para·

439 4482 553 4553 grapho
572 4483 736 4546 innuamus,
755 4479 898 4554 siquidem
918 4478 1095 4533 documenta
1114 4495 1167 4549 pro
1188 4477 1282 4534 Missa
1300 4476 1415 4549 privata
1435 4487 1597 4549 sequentur
1611 4477 1659 4533 in·

441 4572 541 4628 serius.

514 4666 554 4733 (b)
576 4665 672 4722 Ritum
694 4661 879 4721 thurificandi
899 4659 1009 4717 Altaris
1028 4658 1237 4731 descripsimus
1251 4675 1314 4731 cap.
1335 4660 1370 4713 V.
1384 4657 1470 4715 buius
1483 4655 1568 4730 primi
1582 4657 1660 4716 libri.
