4175 5717
535 799 578 863 70
986 811 1050 860 ιιιι.
1076 811 1124 860 ιιι.

532 925 563 987 8,
588 923 618 989 Α
642 923 803 988 lateribus
829 923 941 988 throni
965 921 1184 1008 disponentur
1210 917 1412 986 caudelabra
1435 941 1510 986 cum
1543 917 1657 986 cereis:

445 1053 604 1096 numerus
628 1031 842 1096 candelarum
866 1029 1055 1094 ardentium
1079 1026 1241 1115 dependet
1265 1048 1284 1092 a
1307 1026 1548 1094 consuetudine
1572 1029 1661 1094 cuiu-

443 1161 524 1223 sque
548 1141 615 1204 loci
637 1148 671 1204 et
687 1139 816 1224 legibus
833 1137 1049 1223 synodalibus
1066 1137 1121 1202 vel
1139 1138 1237 1202 etiam
1253 1157 1273 1200 a
1289 1135 1567 1222 dispositionibus,
1579 1157 1658 1222 quaa

442 1248 533 1313 dabit
557 1249 739 1333 Episcopus
763 1248 927 1333 proprius.

530 1356 561 1420 9.
587 1354 704 1420 Altare
729 1354 948 1420 exornabitur
972 1353 1074 1438 pallio
1097 1351 1165 1417 albi
1190 1353 1321 1428 coloris,
1357 1351 1587 1438 quodcumque
1616 1355 1659 1418 sit

442 1461 595 1538 officium,
620 1463 706 1547 quod
730 1463 898 1548 praesenti
921 1461 973 1526 die
998 1460 1199 1536 celebretur,
1224 1459 1320 1544 idque
1344 1466 1414 1527 tutu
1443 1463 1658 1548 expositionis

442 1578 601 1654 tempore
625 1569 749 1656 gradus
773 1569 891 1654 quibus
913 1567 1107 1634 ascenditur
1130 1567 1171 1633 ad
1194 1569 1323 1643 Altare,
1348 1569 1584 1654 cooperientur
1605 1577 1658 1634 ta-

441 1684 528 1762 peto.
554 1677 606 1742 Ειι
631 1697 697 1742 uno
720 1677 828 1742 latere
852 1683 1038 1762 apponetur
1061 1675 1254 1754 scabellum,
1279 1695 1337 1742 seu
1368 1675 1553 1742 scabellum
1583 1695 1655 1762 gra-

441 1783 555 1849 datum
579 1786 611 1849 in
636 1782 843 1851 commodum
868 1783 1086 1860 Celebrantis,
1111 1785 1167 1868 qui
1190 1785 1404 1869 expositurus
1427 1785 1493 1848 erit
1517 1781 1575 1848 SS.
1601 1781 1659 1850 Sa-

441 1897 659 1958 crumentum.

531 2000 581 2063 10.
607 1999 866 2084 Praeparabitur
890 1999 924 2063 in
947 2001 1095 2063 sacrario
1119 1998 1267 2084 pluviale
1291 2019 1366 2063 cum
1390 1997 1477 2063 stola
1507 1997 1576 2062 albi
1608 2017 1660 2064 co·

442 2106 533 2180 loris,
557 2106 837 2191 superpelliceum
861 2113 894 2170 et
918 2106 1061 2170 birotum
1085 2126 1145 2190 pro
1170 2105 1378 2180 Celebrante;
1404 2105 1468 2169 tria
1488 2105 1661 2192 superpel-

440 2214 526 2278 licea
549 2233 608 2297 pro
633 2213 776 2286 clei·icis;
803 2213 1033 2278 Ostensorium
1057 2213 1134 2277 albo
1158 2213 1234 2278 relo
1258 2219 1456 2288 contectum;
1482 2213 1660 2298 corporale

441 2319 673 2404 explicandum
698 2341 799 2404 super
822 2319 933 2384 Alteri
966 2323 1108 2404 positum
1141 2322 1229 2385 int-ra
1261 2321 1394 2385 bursam
1426 2320 1492 2386 albi
1523 2321 1659 2400 coloris;

440 2428 552 2492 velum
576 2427 749 2492 humerale
772 2426 838 2490 albi
864 2428 997 2504 color·is;
1022 2427 1191 2492 clavicula
1215 2427 1423 2492 tabernaculi
1448 2449 1506 2493 seu
1530 2429 1660 2506 ciborii;

439 2535 649 2598 thuribulum
673 2541 706 2599 et
730 2534 887 2598 navicula
910 2554 985 2598 cum
1011 2535 1111 2598 thure
1135 2543 1169 2599 et
1193 2535 1372 2610 cochleare
1404 2534 1491 2600 liber
1520 2557 1660 2624 precum

439 2651 473 2706 et
496 2642 667 2706 orationis.
693 2641 726 2706 Si
750 2661 815 2724 qua
838 2639 1098 2707 confraternitas
1121 2643 1352 2718 intervenerit,
1376 2649 1535 2728 poterunt
1561 2647 1661 2710 etiam
1719 2675 1721 2681 ·

438 2751 631 2835 praeparari
655 2747 720 2812 duo
744 2749 922 2814 intortioia.

923 2966 967 3030 In
989 2967 1172 3049 functione

529 3181 579 3244 11.
604 3179 740 3264 Signum
765 3181 849 3244 sacri
875 3177 970 3244 officii
994 3181 1117 3266 populo
1142 3180 1273 3246 dabitur
1297 3202 1531 3268 campanarum
1565 3187 1662 3253 soni-

437 3295 485 3362 tu,
511 3309 593 3372 quae
619 3308 684 3351 una
709 3288 761 3352 rel
787 3288 937 3372 pluribus
962 3288 1088 3353 ricilms
1112 3289 1337 3375 pulsabuntur
1368 3292 1462 3354 iuxta
1493 3295 1659 3380 cuiusque

437 3397 502 3460 loci
527 3394 810 3460 consuetudinem.

526 3503 575 3568 12.
593 3503 683 3566 Hora
698 3503 898 3587 praestituta
914 3505 1209 3588 congregabuntur
1226 3505 1258 3568 in
1276 3505 1459 3570 sacrarium
1477 3505 1659 3576 Parochus

436 3631 509 3676 cum
535 3608 641 3674 tribus
665 3609 806 3684 clericis,
829 3617 864 3674 et
886 3611 920 3674 hi
951 3631 1052 3696 supra
1082 3619 1209 3677 vestem
1244 3611 1386 3678 talarem
1418 3611 1562 3681 induent
1595 3613 1658 3684 sibi

434 3716 722 3805 superpelliceum.

524 3825 574 3889 13.
599 3821 690 3890 Unus
714 3822 851 3889 illorum
874 3824 1033 3890 accendet
1057 3845 1171 3892 cereos
1197 3826 1334 3904 Altaris,
1359 3826 1448 3894 alter
1471 3827 1514 3894 ad
1531 3830 1656 3900 Altare

432 3932 562 3997 deferet
586 3929 827 4010 Ostensorium,
851 3932 984 3998 bursam
1008 3953 1083 3998 cum
1100 3935 1267 4020 corporali
1283 3941 1318 4000 et
1333 3935 1547 4016 claviculam,
1566 3959 1654 4026 quae

432 4041 540 4104 omnia
564 4045 664 4123 ponet
687 4039 721 4102 in
744 4040 856 4104 Altari
878 4060 979 4126 prope
1003 4041 1155 4116 medium,
1181 4061 1282 4128 super
1297 4041 1399 4108 abaco
1416 4049 1521 4129 ponet
1537 4047 1653 4114 velum

430 4146 614 4224 humerale;
638 4147 760 4213 librum
784 4159 894 4213 autem
919 4168 1054 4234 precum
1084 4169 1207 4236 ponere
1238 4151 1361 4235 poterit.
1392 4171 1492 4236 super
1524 4153 1652 4238 gradus

431 4255 559 4320 Altaris
583 4276 699 4320 versus
722 4264 850 4340 partem
874 4256 1056 4322 dexteram.
1082 4257 1256 4324 amovebit
1280 4261 1378 4323 etiam
1402 4259 1441 4324 ab
1466 4259 1582 4327 Altari
1600 4269 1653 4329 ta·

430 4362 537 4427 bellas
561 4370 767 4428 secretarum
790 4385 830 4430 ac
854 4365 955 4431 telam
971 4367 1166 4451 stragulam,
1185 4368 1245 4431 nisi
1263 4369 1326 4431 iam
1342 4373 1496 4452 remotae
1508 4368 1650 4436 fuerint.

520 4472 569 4534 14.
595 4471 745 4538 Clericus
769 4476 867 4554 alter,
893 4475 948 4558 qui
973 4474 1156 4538 remanebit
1173 4476 1206 4537 in
1223 4477 1380 4552 samarie,
1398 4474 1572 4542 adiuvabit
1589 4479 1654 4544 Pa-

427 4578 567 4641 roclmm
592 4581 625 4644 in
650 4582 821 4649 induendis
845 4585 1056 4670 paramentis,
1081 4601 1197 4667 nempe
1221 4582 1475 4668 superpelliceo,
1502 4585 1653 4670 stolaet

429 4682 580 4772 pluviali,
603 4709 642 4753 ac
667 4693 872 4778 praeparabit
899 4697 1007 4778 iguem
1031 4691 1064 4754 in
1088 4690 1270 4756 thuribulo.
