4175 5717
974 868 1046 916 cer.
1071 868 1118 914 1x.
1502 849 1564 916 129

527 972 581 1037 48.
604 973 715 1048 Quum
744 973 785 1038 sd
817 971 935 1039 Altare
966 974 1023 1040 SS.
1056 974 1261 1039 Sacramenti
1292 977 1427 1038 ventum
1458 974 1532 1049 erit,
1556 981 1656 1059 caput

431 1079 595 1165 detegent
617 1087 653 1146 et
675 1080 882 1158 dirimentur,
899 1087 1026 1149 rectam
1048 1083 1172 1147 lineam
1195 1086 1273 1146 ante
1291 1080 1411 1146 Altare
1434 1078 1654 1147 efformantes.

357 1229 363 1234 -
433 1187 570 1252 Primus
593 1188 788 1274 pluvialista
810 1189 953 1255 biretum
977 1210 1074 1255 suum
1101 1190 1192 1256 dabit
1215 1190 1493 1264 caeremoniarin
1517 1194 1552 1253 et
1573 1188 1657 1254 alte·

433 1314 513 1360 rum
535 1297 677 1381 accipiet
699 1317 774 1362 cum
797 1297 1059 1363 osculationibus
1083 1316 1103 1362 a
1127 1298 1337 1374 Celebrante,
1353 1296 1439 1381 quod
1456 1296 1554 1363 etiam
1578 1295 1657 1360 an-

434 1404 637 1469 remoniario
659 1405 875 1470 transmittet.

526 1509 579 1576 49.
611 1509 885 1578 Genuflexionem
917 1533 984 1577 una
1015 1532 1090 1578 cum
1114 1512 1315 1579 Celebrante
1337 1517 1372 1577 et
1394 1511 1561 1597 acolythis
1583 1507 1657 1576 effi·

434 1617 538 1683 cient.

526 1725 580 1792 50.
606 1725 788 1792 celebrans
811 1747 887 1793 cum
911 1727 1039 1794 duobus
1063 1728 1264 1814 pluvialistis
1287 1725 1445 1793 ascendet
1466 1725 1507 1791 ad
1526 1724 1656 1801 Altare,

435 1831 588 1918 reliquis,
612 1833 641 1898 si
663 1832 814 1909 aderunt,
839 1842 919 1901 ente
943 1838 1050 1921 ipsum
1072 1836 1340 1902 consistentibus.
1384 1857 1386 1862 ·

525 1940 580 2005 51.
609 1940 810 2008 Pluvialista
840 1943 965 2028 primus
996 1945 1178 2020 incensum,
1210 1951 1248 2009 ut
1277 1944 1430 2029 superius
1460 1942 1657 2016 monuimus,

434 2047 649 2124 ministrabit
673 2053 708 2113 et
730 2048 858 2114 Altaris
881 2049 1061 2116 turificatio
1084 2050 1151 2117 fiet.

526 2154 580 2220 52.
606 2155 688 2220 Post
711 2155 991 2223 thurificationem
1016 2158 1211 2244 pluvialista
1233 2160 1358 2245 primus
1382 2163 1552 2245 receptum
1579 2158 1661 2223 thu·

437 2262 588 2328 ribulum
612 2264 831 2330 thuriferario
855 2264 980 2330 reddet.

527 2370 581 2435 53.
606 2371 678 2437 Hoc
707 2372 807 2448 facto,
840 2372 1021 2438 celebrans
1051 2373 1259 2440 adstantibus
1290 2373 1417 2439 duobus
1448 2372 1659 2459 pluvialistis‚

438 2477 563 2544 redibit
584 2478 626 2543 ud
649 2478 792 2544 medium
817 2479 945 2557 Altero,
971 2487 1005 2545 et
1028 2481 1119 2545 facta
1141 2480 1183 2546 ad
1207 2481 1348 2548 Crucem
1371 2482 1571 2557 reverentia,
1589 2480 1660 2545 sine

437 2586 513 2652 ulla
537 2583 780 2671 genuflexione,
804 2586 982 2653 descendet
1006 2587 1047 2652 de
1070 2588 1192 2666 Alteri,
1216 2590 1365 2673 atquein
1383 2588 1482 2674 plano
1503 2608 1661 2654 unacum

437 2695 480 2758 iis
503 2714 540 2758 se
563 2700 740 2760 convertet
761 2693 803 2759 ad
827 2694 945 2759 Altare
969 2696 1085 2780 ipsum:
1109 2695 1153 2761 ibi
1176 2694 1442 2780 genuflexionem
1465 2695 1505 2760 ad
1530 2697 1586 2763 88.
1605 2698 1662 2763 Se-

438 2810 648 2868 crementum
672 2801 853 2881 iterabunt,
877 2808 912 2868 et
935 2810 1080 2888 recepto,
1105 2809 1143 2869 ut
1167 2823 1277 2889 supra,
1294 2803 1412 2882 bireto,
1428 2811 1528 2889 atque
1544 2805 1660 2871 ordine

439 2909 556 2975 eodem
580 2909 621 2974 ad
645 2911 765 2977 Altero
788 2914 967 2978 maximum
991 2920 1218 2979 revertentur.

529 3017 583 3084 54.
608 3020 668 3087 Ubi
691 3024 848 3088 venerint
870 3020 911 3087 ad
936 3022 1124 3106 ingressum
1147 3024 1359 3110 presbyterii,
1377 3024 1535 3108 detegent
1550 3027 1659 3110 caput,

440 3145 478 3190 se
500 3124 656 3193 diriment
679 3135 713 3193 et
736 3150 836 3194 unam
860 3129 1004 3195 efficient
1026 3132 1149 3196 lineam
1173 3131 1315 3197 medium
1338 3132 1537 3217 accipientes
1562 3130 1661 3195 Cele-

441 3233 605 3313 brantem,
628 3238 685 3321 qui
708 3242 808 3323 caput
830 3236 966 3324 deteget·
980 3244 1014 3303 et
1029 3239 1171 3304 biretum
1188 3238 1299 3304 tradet
1313 3241 1419 3325 primo
1435 3239 1659 3324 pluvialistae

441 3349 543 3426 atque
567 3342 621 3407 hic
644 3364 808 3409 unacum
833 3366 892 3411 suo
917 3345 1002 3411 illud
1026 3347 1231 3413 transmittet
1256 3346 1533 3413 caeremoniario.
1557 3346 1662 3411 Reve-

441 3454 586 3518 rentiam
599 3452 698 3517 simul
713 3443 755 3518 ed
774 3453 909 3520 (ilerum
926 3456 960 3520 in
976 3455 1080 3520 choro
1097 3457 1273 3540 exsequuti
1289 3462 1429 3541 pergent
1441 3462 1518 3520 ante
1531 3454 1659 3520 Altare.

530 3560 584 3626 55.
609 3559 684 3626 nnc
707 3564 897 3627 reverentia
919 3563 1086 3648 profunda
1109 3562 1249 3629 Crucem
1265 3564 1525 3642 venerabuntur,
1542 3563 1583 3629 ad
1605 3564 1662 3628 Al·

440 3676 516 3736 iare
539 3668 721 3736 celebrans
743 3659 776 3736 e't
799 3670 864 3737 duo
887 3673 984 3757 primi
1008 3671 1222 3757 pluuialistae
1252 3672 1442 3749 ascendent,
1465 3693 1505 3737 ac
1536 3674 1660 3758 primus

440 3778 653 3848 thuribulum
675 3797 696 3842 a
719 3779 938 3845 thuriferario
962 3787 1137 3865 acceptum
1160 3780 1360 3845 ministrabit
1384 3780 1584 3847 celebranti.

529 3887 585 3952 56.
603 3888 650 3953 De
666 3888 795 3973 reliquo
811 3888 935 3965 eadem,
953 3909 1037 3973 quae
1054 3889 1207 3974 superius
1223 3890 1427 3976 praescripta
1447 3893 1535 3962 sunt,
1553 3887 1663 3952 obser·

441 3996 624 4062 rabuntur.

784 4217 817 4297 5.
841 4213 872 4279 2.
897 4213 942 4280 In
964 4213 1142 4281 Matutino
1165 4215 1319 4281 solemni.

532 4428 586 4493 57.
612 4427 679 4495 Snb
707 4429 804 4494 finem
836 4431 926 4494 tertii
959 4432 1114 4494 nocturni
1144 4432 1199 4515 qui
1231 4430 1297 4496 duo
1327 4429 1539 4516 pluuialistae
1570 4432 1661 4495 usuri

440 4543 549 4604 erunt
571 4537 720 4622 pluviali,
745 4536 785 4601 ad
809 4543 926 4601 nutum
952 4537 1209 4604 Caeremomarii
1234 4537 1398 4604 excedent
1420 4536 1460 4601 de
1477 4537 1589 4613 choro,
1609 4557 1663 4622 ge-

441 4640 670 4710 nuflexionem
694 4642 736 4708 ad
760 4642 889 4719 Altare,
914 4646 1138 4709 reverentiam
1161 4645 1202 4710 ad
1226 4646 1364 4710 chorum
1388 4651 1618 4728 exsequentes.

536 4749 590 4815 58.
614 4750 761 4816 Venient.
784 4752 818 4815 in
841 4751 1024 4816 sacrarium
1049 4752 1103 4818 rel
1128 4752 1294 4817 inlocum
1317 4751 1420 4817 alium
1450 4753 1552 4817 choro
1582 4773 1663 4838 pro-
