4175 5717
528 777 592 842 314
992 785 1058 844 ma.
1084 782 1106 842 l.

522 901 575 966 52.
601 901 635 968 Si
673 903 824 968 ministro
855 920 923 966 non
957 899 1150 968 sufficerent
1182 899 1273 966 vires
1311 897 1353 966 ad
1384 897 1662 968 transferendum

437 1008 572 1074 Missale
594 1009 627 1073 id
651 1007 707 1074 liet
741 1029 761 1074 a
792 1008 981 1084 Sacerdote,
1013 1010 1069 1094 qui
1094 1009 1234 1095 accipiet
1256 1006 1341 1074 illud
1377 1027 1452 1074 cum
1475 1007 1570 1096 legili
1600 1006 1662 1074 vel

434 1117 577 1193 cussino,
602 1103 761 1192 salutabit
786 1117 937 1193 Crucem,
961 1117 1056 1182 sistet
1086 1115 1172 1181 illud
1203 1116 1237 1180 in
1269 1135 1378 1181 cornu
1410 1115 1587 1202 Evangelii
1610 1115 1663 1182 ita

435 1229 473 1288 ut
495 1244 572 1309 pars
596 1224 736 1290 inferior
759 1225 904 1290 blissalis
927 1224 971 1290 sit
992 1223 1144 1310 paullum
1168 1242 1337 1289 conversa
1351 1222 1393 1289 ad
1415 1222 1506 1290 latus
1528 1222 1664 1310 Episto-
1692 1301 1697 1316 ,Ι

318 1341 321 1348 ’
433 1330 497 1396 lae:
522 1335 636 1415 postea
660 1331 780 1398 redibit
803 1333 836 1398 in
860 1331 1002 1397 medium
1025 1336 1065 1396 ut
1087 1329 1176 1430 dicat
1205 1331 1345 1398 Munda
1367 1351 1430 1398 eor
1452 1351 1570 1398 meum
1592 1335 1661 1396 etc.

436 1440 633 1524 etreliqua,
658 1449 823 1526 utsupra.

521 1548 573 1613 53.
598 1547 697 1614 Hisce
719 1547 815 1614 dictis
839 1547 1054 1624 orationibus,
1079 1547 1354 1636 appropinquabit
1368 1546 1411 1614 ad
1426 1547 1562 1614 Missale
1585 1548 1661 1614 iun·

433 1658 495 1723 ctis
520 1657 678 1733 manibus,
702 1658 853 1742 facieque
877 1657 918 1722 ad
942 1677 1048 1722 cornu
1073 1656 1250 1742 Evangelii
1274 1675 1437 1722 conversa
1470 1655 1559 1722 dicet
1590 1653 1661 1724 Do·

432 1764 553 1831 minas
575 1763 762 1832 cotiaeum.
781 1765 864 1831 Tum
880 1769 1102 1851 prosequetur
1119 1763 1308 1850 Sequentia
1323 1769 1382 1828 aut
1398 1763 1545 1831 Initium
1562 1761 1660 1830 San-

434 1872 482 1938 cti
502 1868 688 1957 Evangelii
708 1873 905 1940 seeundum
929 1923 936 1936 .
963 1923 969 1935 .
995 1922 1002 1935 .
1027 1891 1111 1957 quae
1146 1872 1250 1938 verba
1281 1871 1455 1957 proferens
1489 1868 1661 1956 disiungat

434 1998 561 2050 manus,
586 1985 619 2044 et
643 1979 765 2066 pollice
788 2000 904 2045 manus
927 1978 1088 2046 dexterae
1113 1980 1253 2046 Crucem
1277 1979 1421 2065 signabit
1444 1979 1478 2043 in
1502 1977 1591 2044 libro
1615 1975 1660 2044 ad

434 2088 628 2172 principium
653 2088 839 2172 Evangelii,
864 2087 950 2172 quod
973 2086 1125 2153 lecturus
1157 2089 1232 2174 erit,
1256 2086 1374 2152 deinde
1404 2085 1507 2171 digito
1540 2083 1659 2152 eodem

434 2194 573 2260 Crucem
598 2195 763 2281 imprimet
785 2194 846 2259 sibi
869 2195 904 2260 in
937 2183 1059 2266 fronte,
1086 2196 1118 2259 in
1145 2215 1202 2260 ore
1232 2201 1267 2260 et
1293 2196 1327 2260 in
1351 2197 1497 2282 pectore,
1518 2211 1662 2258 manus-

433 2322 496 2385 que
520 2304 641 2367 iterum
665 2303 791 2388 iunget,
824 2301 1044 2388 respondente
1075 2303 1228 2368 ministro
1255 2301 1378 2369 Gloria
1402 2300 1472 2378 titi,
1496 2299 1658 2368 nonem.

433 2408 556 2474 Cruces
581 2407 767 2495 praedictas
791 2409 913 2495 pollice
936 2408 1078 2475 dextero
1106 2428 1270 2495 peragens
1298 2408 1453 2476 advertet
1475 2413 1515 2472 ut
1537 2425 1659 2472 manus

430 2523 571 2582 extensa
594 2518 636 2582 sit
659 2537 726 2582 nou
750 2517 874 2592 clausa,
899 2523 933 2582 et
957 2517 1067 2603 palma
1092 2537 1207 2582 manus
1239 2518 1396 2603 respiciat
1423 2515 1565 2604 librum,
1599 2511 1660 2580 vel

432 2625 573 2710 seipsum
599 2643 699 2708 quum
723 2644 758 2690 se
781 2623 935 2710 signabit,
959 2629 997 2688 ut
1020 2624 1172 2702 diximus
1204 2625 1372 2690 sinistram
1407 2629 1519 2689 autem
1554 2626 1661 2708 ponet

433 2737 606 2796 extensam
630 2753 731 2818 super
753 2730 886 2806 librum,
910 2751 1011 2817 quum
1041 2731 1166 2799 librum
1197 2731 1350 2818 signabit,
1375 2731 1568 2818 pariterque
1591 2747 1659 2796 ex·
1775 2719 1777 2724 ’

432 2845 560 2904 tensam
586 2839 674 2906 infra
695 2843 812 2926 pectus
838 2857 938 2922 quum
963 2840 1108 2926 signabit
1131 2841 1285 2926 seipsum.

519 2946 572 3011 54.
597 2947 679 3010 Post
703 2946 785 3011 baec
809 2947 931 3011 iunctis
955 2947 1107 3012 manibus
1131 2947 1222 3033 leget
1247 2945 1479 3032 Evangelium,
1502 2963 1544 3011 ac
1559 2944 1587 3008 si
1604 2963 1660 3010 ca·

432 3061 490 3141 put
515 3052 742 3120 inclinandum
766 3054 820 3129 sit,
844 3052 968 3119 librum
990 3075 1110 3120 versus
1133 3054 1307 3119 inclinabit
1331 3073 1460 3139 semper
1489 3053 1589 3118 etiam
1614 3049 1657 3116 ad

432 3161 487 3227 SS.
513 3162 587 3226 lesu
612 3161 746 3234 Nomen,
772 3167 809 3225 ut
826 3163 977 3248 superius
994 3161 1119 3227 dictum
1135 3167 1197 3226 est.
1216 3161 1250 3227 Si
1269 3157 1560 3247 genuflectendum
1579 3160 1658 3236 erit,

430 3270 529 3333 faciet
553 3288 617 3352 quo
641 3266 736 3332 modo
759 3288 848 3332 num.
880 3268 933 3332 49.
966 3268 1221 3340 declaravimus,
1254 3268 1432 3334 advertens
1464 3271 1502 3332 ut
1531 3285 1657 3332 versus

432 3375 562 3451 librum,
587 3395 755 3458 nunquam
779 3373 920 3441 Crucem
944 3395 1060 3452 versus
1084 3373 1299 3461 genuflectat.

521 3481 574 3546 55.
600 3481 775 3566 Evangelii
801 3481 945 3548 lectione
968 3482 1133 3559 absoluta,
1159 3483 1295 3548 Missale
1319 3486 1462 3564 utraque
1478 3499 1579 3546 manu
1604 3499 1659 3546 ac·

431 3590 540 3674 cipiet,
565 3587 754 3654 sublevabit
776 3589 1032 3673 aliquantulum.
1057 3596 1223 3676 caputque
1245 3590 1399 3678 paullum
1429 3594 1464 3653 et
1495 3587 1656 3654 humeros

433 3697 606 3770 inclinans,
632 3695 839 3761 osculabitur
863 3697 918 3763 ubi
941 3700 1047 3784 primo
1070 3697 1156 3763 illud
1174 3699 1367 3783 signaverit,
1385 3695 1499 3761 dicens
1523 3699 1658 3760 secreto

431 3801 503 3870 Per
526 3800 739 3888 annpetico
761 3803 855 3872 dicta
879 3811 942 3871 etc.
966 3806 1103 3871 blissale
1126 3803 1246 3871 deinde
1269 3807 1302 3869 in
1328 3803 1422 3890 legili
1439 3803 1494 3868 vel
1519 3802 1658 3868 cassino

431 3912 618 3978 admovebit
640 3912 848 3995 aliquantum
872 3934 990 3980 versus
1014 3915 1156 3981 medium
1179 3914 1318 3991 Altaris,
1337 3932 1459 3980 cavens
1481 3917 1595 3978 tamen
1613 3931 1659 3978 ne

434 4023 476 4086 sit
500 4039 610 4107 supra,
636 4018 694 4084 sed
718 4025 817 4084 extra
840 4022 1026 4107 corporale.

518 4128 570 4193 56.
596 4128 717 4192 Postea
741 4128 862 4192 iunctis
885 4129 1036 4195 manibus
1060 4129 1101 4194 ad
1126 4128 1266 4195 medium
1305 4128 1426 4194 Altare
1458 4128 1588 4194 redibit.
1623 4127 1660 4195 si

431 4233 604 4299 dicendum
628 4236 693 4298 erit
716 4233 920 4318 Symbolum,
945 4236 988 4301 ibi
1012 4236 1052 4302 ad
1070 4240 1210 4322 primum
1236 4238 1374 4302 verbum
1394 4236 1518 4334 Credo,
1537 4255 1657 4302 manus

432 4342 567 4406 attollet
591 4362 694 4425 usque
717 4341 758 4406 ad
781 4342 949 4419 humeros,
973 4343 1142 4430 disiungat
1166 4365 1231 4420 eas,
1257 4364 1296 4408 ac
1314 4346 1425 4408 statim
1443 4346 1559 4429 iunget
1583 4363 1661 4409 rur·

433 4470 489 4511 sus
513 4448 553 4512 ad
575 4449 679 4515 verba
701 4448 740 4516 in
755 4471 869 4518 unum
892 4450 1014 4527 Deum,
1040 4459 1074 4516 et
1098 4451 1210 4517 dicens
1227 4452 1340 4519 Deam
1359 4450 1532 4516 inclinabit
1555 4451 1659 4516 etiam

432 4560 540 4641 caput.
566 4556 690 4641 Perget
712 4561 858 4623 recitare
881 4557 1077 4643 Symbolum
1102 4561 1223 4624 iunctis
1248 4559 1409 4636 manibus,
1432 4556 1528 4624 etad
1553 4563 1583 4631 t.
1611 4557 1660 4626 Et

432 4662 640 4730 incarnatos
666 4715 672 4728 .
699 4716 705 4728 .
732 4717 737 4728 .
762 4668 880 4750 factas
904 4673 965 4742 est,
991 4667 1141 4732 manibus
1167 4668 1200 4731 in
1225 4666 1339 4732 Alteri
1362 4672 1460 4732 extra
1477 4667 1658 4752 corporale
