4175 5717
627 688 688 753 146
874 736 876 740 ,
1088 707 1153 754 nra.
1177 707 1199 754 1.

624 920 675 976 DE
694 919 851 978 orricio
871 920 1113 979 SUBDIAGONI
1134 921 1174 978 lN
1193 909 1491 981 FUNCTlONlBUS
1511 923 1659 982 saculs.

1103 1067 1188 1081 unu-

1021 1266 1165 1333 oaPUT
1194 1267 1267 1332 XII.

910 1486 942 1567 g.
970 1483 997 1547 l.
1022 1483 1068 1550 Ia
1091 1483 1204 1550 Masso
1227 1483 1383 1550 summai.

540 1789 567 1852 l.
594 1705 851 1863 subdiaconus
885 1794 1019 1873 praesto
1055 1790 1120 1853 erit
1143 1790 1177 1854 in
1201 1789 1357 1855 Sacrario
1391 1789 1475 1854 bora
1505 1789 1697 1864 constituta,
1723 1793 1759 1853 ot

535 1902 668 1961 cantum
693 1896 864 1982 Epistulae
887 1895 1193 1981 praemeditabitur.

623 2003 654 2069 2.
679 2004 889 2068 Monstraute
914 2002 1179 2069 Caeremoniario
1203 2004 1331 2069 lavabit
1346 2024 1472 2081 manus,
1489 2006 1516 2068 si
1534 2022 1669 2070 necesse
1685 2004 1756 2069 fue·

536 2112 590 2187 ril;
615 2109 732 2176 deindo
756 2110 797 2175 ad
820 2109 979 2186 tabulam,
1004 2110 1038 2175 in
1063 2130 1127 2194 qua
1150 2109 1308 2197 disposita
1323 2117 1423 2177 erunt
1440 2130 1536 2176 sacra
1552 2116 1754 2197 paramenta,

536 2219 715 2284 adiuvante
739 2219 975 2305 acolythorum
999 2219 1120 2300 altero,
1143 2221 1309 2297 amictum,
1334 2220 1453 2297 albam,
1471 2218 1652 2304 cingulum,
1669 2219 1758 2284 tuni·

535 2326 656 2391 cellam
681 2331 716 2391 et
739 2327 944 2411 manipulum
968 2327 1028 2393 sibi
1052 2327 1176 2393 induet.
1202 2326 1219 2412 (
1238 2327 1264 2413 ).

624 2433 654 2498 3.
681 2433 790 2508 Quum
814 2433 996 2499 Celebrans
1020 2455 1055 2500 se
1079 2437 1257 2521 paraverit,
1284 2425 1510 2504 subdiaconus
1534 2455 1569 2500 se
1584 2434 1692 2501 bireto
1709 2439 1758 2500 to-

535 2546 592 2625 get
615 2546 650 2606 et
673 2542 834 2607 consistet
858 2541 899 2605 ad
922 2542 1091 2607 sinistram
1115 2542 1217 2607 illius.

627 2649 657 2712 4.
682 2645 744 2714 Ubi
768 2647 981 2713 nunciabitur
1005 2649 1077 2734 ipsi,
1101 2648 1250 2714 discedet
1272 2648 1312 2713 de
1336 2649 1421 2727 loco,
1447 2650 1561 2734 inquo
1582 2647 1759 2715 sacrisve·

538 2743 642 2822 stibus
667 2757 904 2842 separaverit,
936 2762 1036 2841 caput
1066 2756 1173 2820 bireto
1208 2755 1354 2832 nudabit,
1379 2762 1413 2821 et
1442 2756 1533 2821 iacta
1567 2756 1666 2822 Cruci
1700 2755 1757 2821 vel

535 2865 669 2949 imagini
693 2863 892 2950 praecipuae
908 2865 1046 2929 sacrarii
1062 2865 1254 2929 reverentia
1271 2869 1304 2928 et
1322 2864 1513 2930 Celebranti
1529 2864 1756 2941 inclinatione,

537 2977 667 3037 retecto
691 2972 798 3058 capite
820 2970 940 3047 bireto,
965 2972 1088 3037 iunctis
1113 2971 1263 3036 manibus
1287 2972 1466 3036 Diaconum
1492 2971 1678 3058 praecedet.

625 3079 655 3143 5.
684 3078 734 3144 Ad
760 3078 849 3143 fores
873 3080 1012 3143 sacrarii
1036 3085 1136 3165 caput
1159 3078 1379 3164 discooperiet
1401 3079 1519 3155 bireto,
1543 3079 1629 3164 quod
1650 3085 1761 3146 trans-

538 3188 643 3251 mittet
670 3186 711 3250 ad
734 3206 865 3251 manum
890 3188 1070 3262 sinistram,
1087 3184 1190 3271 digito
1207 3185 1312 3251 medio
1329 3206 1445 3251 manus
1462 3185 1621 3251 dexterae
1637 3206 1758 3278 aquarn

539 3293 743 3360 benedictam
767 3315 787 3359 a
811 3294 1078 3360 Caeremoniario
1102 3294 1253 3380 accipiet,
1278 3314 1313 3358 se
1337 3295 1446 3359 crucis
1475 3295 1569 3380 signo
1603 3294 1758 3380 signabit,

540 3403 683 3467 biretum
708 3401 847 3466 dextera
871 3402 1008 3488 recipiet
1032 3403 1219 3487 iterumque
1242 3408 1343 3487 caput
1366 3403 1543 3487 cooperiet.

626 3510 656 3573 6.
683 3509 716 3575 Si
740 3510 945 3574 transiturus
970 3514 1048 3575 ante
1072 3509 1190 3575 Altare
1214 3510 1266 3585 sit,
1290 3511 1324 3573 in
1348 3529 1413 3592 quo
1430 3509 1486 3574 SS.
1505 3509 1759 3576 Sacramentum

538 3616 775 3693 asservabitur,
801 3616 934 3702 deteget
957 3622 1057 3703 caput
1081 3615 1265 3700 efficietque
1280 3614 1547 3702 genuflexionem
1563 3637 1663 3700 quum
1679 3616 1762 3682 dex·

539 3732 685 3789 trorsurn
707 3723 842 3788 habebit
866 3724 1108 3790 Celebrantem.
1134 3723 1295 3789 Attendet
1319 3730 1356 3789 ut
1368 3723 1508 3789 dextera
1526 3723 1760 3790 Celebrantem

540 3834 646 3918 ipsum
670 3832 834 3897 sustineat
858 3831 947 3897 infra
971 3833 1117 3898 cubitum
1148 3833 1331 3909 sinistrum,
1364 3852 1464 3916 quum
1492 3830 1761 3918 genuflexionem

540 3945 753 4023 exsequetur:
778 3960 813 4005 se
839 3960 956 4005 rursus
980 3942 1150 4026 cooperiet
1172 3946 1207 4005 et
1228 3940 1339 4005 locum
1364 3961 1459 4005 suum
1484 3946 1562 4005 anta
1578 3938 1761 4007 Diaconum

540 4049 687 4133 recipiet.

628 4157 658 4218 7.
685 4155 718 4220 Si
742 4154 981 4221 transeundum
1006 4158 1072 4222 erit
1094 4162 1171 4221 aute
1195 4155 1316 4221 Altare
1339 4156 1480 4220 alicuius
1517 4156 1639 4232 Sancti,
1665 4157 1761 4222 cuius

542 4262 767 4329 celebrabitur
791 4265 923 4341 festum,
949 4265 1003 4329 vel
1029 4265 1174 4349 insignes
1199 4265 1270 4330 eius
1293 4263 1468 4347 Reliquiae
1493 4264 1560 4328 sint
1576 4266 1760 4351 expositae,

614 4502 656 4568 (o)
676 4498 894 4556 Subdiaconum
915 4498 1082 4556 celebranti
1103 4498 1131 4553 in
1150 4498 1244 4556 sacris
1269 4497 1445 4555 indumentis
1471 4497 1621 4555 sumendis
1649 4498 1761 4556 debera

541 4590 708 4648 adiumento
728 4610 794 4649 esso
813 4590 950 4649 rubricae
970 4608 1028 4648 nou
1048 4591 1268 4664 praescribunt.¹
