4175 5717
524 748 587 812 146
975 769 1040 816 um.
1066 768 1112 816 tv.

432 881 502 943 sive
525 878 596 942 alta
619 896 701 942 voce
725 877 887 962 psalmum
911 875 1085 942 Miserere
1108 879 1142 940 et
1173 872 1403 960 proficiscatur
1436 871 1479 938 de
1508 871 1650 938 eeclesia

433 990 541 1054 iturus
566 992 658 1051 recta
681 987 735 1049 via
757 983 799 1049 ad
822 982 1026 1048 domicilium
1049 982 1181 1048 infirmi.

523 1094 572 1158 ll.
598 1092 805 1158 Procedetur
828 1092 892 1156 hoc
914 1090 1039 1156 ordine:
1064 1090 1209 1156 clericus
1232 1090 1288 1174 qui
1308 1089 1457 1176 pulsabit
1479 1107 1654 1174 campanu-

434 1205 509 1274 lant,
534 1201 600 1266 duo
623 1200 737 1266 clerici
762 1199 851 1264 alter
874 1218 949 1263 cum
972 1197 1112 1264 vasculo
1132 1216 1237 1281 aquae
1253 1203 1389 1262 sanctae
1405 1201 1440 1262 et
1454 1193 1652 1281 aspersorio,

432 1311 521 1376 alter
544 1330 618 1373 cum
644 1308 744 1372 bursa
766 1305 960 1392 corporalis,
985 1325 1060 1370 cum
1084 1303 1211 1370 Rituali
1236 1309 1271 1370 et
1293 1303 1433 1380 mantili,
1470 1309 1509 1368 ut
1543 1321 1652 1387 supra:

432 1421 614 1500 sequentur
637 1415 704 1478 bini
729 1413 917 1478 confratres
940 1433 1000 1477 seu
1023 1412 1101 1477 laici
1124 1431 1199 1478 cum
1216 1411 1403 1488 intorticiis,
1420 1409 1477 1476 vel
1493 1407 1653 1483 candelis,

433 1545 472 1587 ac
495 1524 521 1587 si
546 1521 689 1586 aderunt
713 1521 771 1585 alii
794 1519 910 1584 clerici
933 1521 1003 1584 sive
1026 1517 1224 1584 Sacerdotes
1248 1538 1323 1585 cum
1346 1518 1537 1594 intorticiis
1562 1518 1654 1582 ince-

432 1630 513 1694 dent
537 1629 654 1694 ultimo
677 1628 763 1703 looo;
789 1625 950 1692 Sacerdos
974 1627 1045 1692 sive
1068 1628 1251 1702 Parochus,
1276 1627 1331 1710 qui
1355 1625 1499 1712 gestabit
1522 1623 1580 1692 SS.
1598 1625 1653 1690 Sa·

435 1743 641 1802 crementum
665 1735 783 1801 subtus
811 1733 1045 1801 baldachinum
1072 1741 1260 1801 sustentum
1289 1754 1310 1799 a
1340 1731 1570 1800 confratribus
1599 1731 1653 1798 vel

436 1845 554 1909 subtus
570 1842 750 1908 umbellam
763 1862 783 1906 a
795 1841 919 1907 clerico
935 1840 1151 1919 substantem,
1161 1848 1195 1907 et
1207 1861 1228 1906 a
1239 1840 1402 1907 lateribus
1415 1841 1487 1906 eius
1501 1839 1656 1906 incedent

434 1951 499 2016 duo
522 1949 711 2016 confratres
736 1949 790 2013 vel
814 1948 931 2014 clerici
954 1967 1029 2014 cum
1058 1948 1199 2014 laternis
1223 1949 1410 2024 hastilibus,
1435 1949 1585 2014 accensis
1609 1947 1658 2012 lu·

437 2058 587 2134 minibus
605 2063 765 2141 sequetur
782 2055 935 2142 populus,
951 2063 987 2121 at
1002 2056 1186 2132 curabitur,
1200 2060 1238 2122 ut
1254 2056 1419 2122 foeminae
1435 2076 1456 2121 a
1472 2055 1658 2122 111111111-

440 2166 522 2232 dant
536 2164 728 2250 diremptae.
745 2163 780 2229 Si
796 2165 933 2249 longum
945 2170 1035 2230 esset
1051 2166 1116 2229 iter
1126 2164 1390 2249 percurrendum
1403 2171 1478 2250 post
1489 2163 1654 2252 psalmum

440 2274 625 2346 Miserere,
649 2280 815 2339 canentur
837 2278 898 2337 aut
920 2271 1152 2338 recitabuntur
1175 2271 1232 2336 alii
1256 2271 1373 2358 psalmi
1396 2277 1431 2338 et
1454 2273 1596 2338 cantica.

524 2383 573 2447 12.
600 2381 707 2456 Quum
731 2385 868 2446 ventum
892 2379 958 2444 erit
979 2377 1020 2443 ad
1043 2377 1246 2445 domicilium
1263 2378 1394 2458 infirmi,
1410 2379 1477 2447 duo
1493 2379 1653 2466 praedicti

432 2492 547 2557 clerici
570 2511 646 2556 curn
669 2489 807 2554 vasculo
831 2495 964 2554 etcum
987 2489 1155 2574 corporali
1178 2490 1365 2557 introibunt
1388 2491 1422 2555 in
1450 2489 1653 2568 cubiculum,

435 2601 487 2664 nbi
514 2598 634 2664 iacebit
657 2595 816 2672 infirmus,
840 2603 876 2661 et
899 2617 999 2682 super
1022 2617 1136 2663 mensa
1159 2598 1377 2684 explicabunt
1392 2599 1541 2678 mantile,
1558 2601 1587 2666 si
1603 2598 1656 2666 de·

433 2714 531 2783 esset,
556 2711 591 2771 et
615 2704 791 2790 disponent
813 2704 998 2790 corporale,
1023 2703 1296 2792 purificatorium,
1322 2707 1458 2774 Rituale
1481 2716 1518 2774 et
1540 2727 1657 2774 vascu-

434 2816 503 2879 lum
527 2833 601 2886 cum
625 2812 813 2897 aspersorio
836 2809 1061 2877 dextrorsum.
1086 2813 1283 2880 confratres
1307 2835 1381 2880 cum
1406 2817 1512 2881 cereis
1543 2815 1655 2882 subsi-

433 2929 524 2988 stent
547 2923 579 2986 in
605 2922 668 2994 via,
692 2920 748 2984 vel
765 2921 863 2985 etiam
880 2920 1063 2986 ascendent
1078 2921 1118 2986 ad
1136 2922 1372 2999 habitaculum,
1391 2923 1448 2989 sed
1471 2923 1655 2990 subsistent

433 3034 531 3094 extra
554 3027 744 3094 cubiculum
769 3025 889 3092 infirmi
912 3035 946 3092 et
968 3047 1079 3113 genua
1102 3030 1308 3096 submittent.
1340 3030 1502 3098 Sacerdos
1537 3033 1655 3116 ingre-

433 3137 545 3202 dietur
568 3138 601 3200 in
626 3134 817 3201 cubiculum
841 3136 1056 3220 praedictum,
1081 3135 1169 3202 dicet
1191 3138 1275 3205 Pae
1298 3139 1380 3206 huic
1402 3139 1525 3206 domei
1545 3147 1582 3204 et
1605 3157 1655 3206 re·

433 3244 648 3330 spondebitnr
672 3243 717 3309 et
739 3242 901 3310 omuibus
924 3244 1163 3312 babitantibus
1186 3247 1224 3313 iu
1240 3265 1291 3323 eu,
1309 3246 1464 3312 detrahet
1478 3245 1585 3334 pixidi
1602 3267 1656 3314 ve·

433 3352 502 3417 lutn
527 3352 702 3416 humerale
726 3369 864 3434 eamque
887 3358 988 3436 ponet
1011 3373 1112 3439 super
1135 3354 1284 3421 tabulam
1308 3360 1343 3419 et
1364 3351 1580 3440 genuflectet.

524 3459 573 3522 13.
600 3459 760 3543 Populus,
784 3459 840 3540 qui
863 3459 1076 3525 comitabitur
1100 3460 1156 3526 SS.
1182 3461 1444 3539 Sacramentum,
1468 3463 1655 3530 remanebit

434 3571 534 3631 extra
557 3573 684 3651 portam
711 3564 904 3644 habitaculi,
928 3573 963 3632 et
984 3566 1124 3653 genibus
1147 3566 1242 3634 flexis
1266 3569 1421 3636 recitabit
1435 3568 1566 3654 aliquas
1583 3589 1655 3656 pre-

430 3693 485 3738 ces
509 3693 568 3758 pro
592 3670 731 3748 intirmo;
756 3680 915 3757 poterunt
937 3675 1132 3759 praesertim
1158 3677 1293 3742 recitari
1316 3675 1468 3743 Litaniae
1491 3675 1532 3742 de
1556 3675 1655 3744 beata

432 3781 583 3867 Virgine.

520 3889 571 3952 14.
589 3887 751 3954 Sacerdos
768 3896 842 3976 post
856 3887 1123 3975 genuflexionem
1139 3892 1280 3978 accipiet
1295 3894 1529 3978 aspersorium,
1542 3913 1656 3982 asper·

430 4003 487 4081 get.
509 3995 676 4061 infirmum
699 4002 734 4061 et
756 3996 936 4076 adstantes,
960 3998 1073 4065 dicens
1096 3999 1274 4086 asperges
1297 4021 1352 4068 me
1374 4007 1438 4067 etc.
1464 4001 1560 4068 utin
1591 4003 1654 4070 Ri-

431 4104 524 4178 tuali,
550 4123 634 4186 quae
658 4110 768 4169 tamen
793 4106 975 4191 antiphona
1001 4128 1068 4174 non
1104 4107 1289 4174 variabitur
1318 4115 1466 4194 tempore
1501 4111 1654 4195 paschali

430 4231 535 4294 neque
559 4211 762 4295 adiungetur
785 4213 946 4281 Attetuiu.
972 4217 1053 4281 Post
1076 4214 1291 4302 antiphonam
1323 4215 1477 4281 recitabit
1508 4219 1654 4302 primum

432 4317 633 4382 versiculum
658 4319 777 4403 psalmi
803 4321 985 4399 Miserere,
1014 4325 1135 4391 Gloria
1159 4325 1272 4400 Petri,
1298 4323 1395 4392 Sicut
1418 4332 1505 4402 eret,
1530 4331 1566 4390 et.
1595 4346 1656 4392 re-

430 4430 520 4507 pet-et
543 4426 769 4510 antiphonam.

519 4532 568 4596 15.
594 4533 718 4600 Deinde
742 4538 928 4603 versiculos
952 4535 1131 4622 subiunget
1154 4540 1382 4606 Adiutorium
1405 4545 1571 4606 nostrum
1587 4547 1654 4608 etc.

433 4638 590 4714 Domine,
615 4644 752 4708 recudi
773 4655 836 4707 etc.
860 4640 1031 4710 Dominus
1055 4645 1232 4716 vobiscum
1255 4653 1289 4713 11
1304 4648 1487 4718 orationem
1506 4647 1660 4720 Euuudi

428 4764 494 4814 uos
517 4751 579 4812 etc.
606 4751 698 4814 utin
722 4748 860 4816 ltttuali.
