4175 5717
523 739 568 805 36
981 759 1048 807 me.
1074 761 1109 808 11.

437 867 609 932 dexteram
640 886 733 932 suem
764 863 881 932 offeret.
904 887 978 932 earn
1011 866 1214 940 Celebranti.
1240 867 1421 936 celebrans
1445 877 1480 938 et
1509 872 1657 940 Ministri

434 995 552 1060 aquam
574 981 722 1041 sanctem
745 977 955 1062 accipientes,
972 980 1073 1062 ceput
1088 975 1195 1042 bireto
1212 975 1352 1043 dextera
1370 977 1529 1064 detegent
1546 985 1658 1048 trane·

433 1085 597 1169 missoque
619 1083 727 1149 bireto
749 1085 783 1148 in
806 1084 985 1160 sinistram,
1009 1103 1107 1167 quem
1131 1084 1220 1149 inira
1243 1090 1359 1171 pectus
1383 1106 1458 1153 cum
1477 1086 1585 1154 bireto
1600 1109 1657 1176 ap-

434 1191 616 1280 plicabunt,
641 1191 756 1257 Crucis
781 1192 876 1276 signo
899 1211 935 1256 se
958 1191 1119 1268 munient,
1135 1209 1176 1257 ac
1191 1189 1331 1259 dextera
1354 1200 1523 1281 resumpto
1546 1195 1656 1262 bireto

434 1304 535 1384 caput
556 1319 676 1365 rursus
699 1299 899 1384 cooperient.

521 1405 574 1472 21.
600 1405 634 1472 Si
664 1405 905 1471 transeundum
935 1406 979 1471 sit
1012 1412 1091 1472 ante
1123 1406 1242 1472 Altare
1274 1407 1330 1474 SS.
1356 1407 1574 1487 Sacramenti,
1600 1403 1654 1478 vel

433 1522 511 1581 ante
535 1515 654 1582 Altare
678 1516 857 1580 maximum
879 1512 930 1600 '(in
951 1514 1131 1600 hypothesi
1154 1514 1241 1599 quod
1266 1516 1366 1582 Missa
1388 1519 1422 1583 in
1446 1518 1557 1584 Alteri
1573 1518 1657 1585 lete·

434 1625 498 1689 rali
521 1621 689 1708 cantetur)
713 1623 768 1688 vel
792 1623 892 1687 etiam
914 1627 993 1687 ante
1016 1621 1145 1699 Altero,
1170 1625 1291 1707 inquo
1315 1632 1428 1691 essent
1450 1626 1526 1692 loco
1560 1626 1655 1713 prin-

434 1730 534 1817 cipali
557 1733 727 1816 expositae
750 1729 923 1814 Reliquiae
947 1730 1017 1794 eius
1041 1728 1165 1806 Sancti,
1190 1731 1284 1796 cuius
1309 1732 1503 1800 celebratur
1521 1733 1654 1810 festum,

433 1838 672 1903 thuriferarius
696 1857 772 1902 cum
795 1836 974 1923 hcolythis
990 1836 1174 1902 subsistent
1197 1836 1272 1905 looo
1291 1857 1356 1924 quo
1374 1847 1484 1918 erunt,
1501 1841 1656 1908 conseret

433 1945 474 2011 ad
498 1945 627 2022 Altare,
651 1950 731 2010 ante
754 1942 841 2028 quod
864 1945 931 2008 erit
954 1942 1143 2030 peragenda
1157 1947 1350 2011 reverentia
1372 1952 1433 2012 aut
1455 1943 1655 2032 genuflexis

434 2051 662 2118 Subdiaoonus
685 2057 720 2116 et
744 2051 910 2116 Diaconus
934 2052 1034 2115 etiam
1060 2050 1242 2116 subsistent
1265 2058 1299 2117 et
1320 2059 1421 2139 caput
1443 2052 1656 2140 detegentec

435 2160 547 2226 locum
571 2158 762 2225 celebranti
786 2156 922 2235 dabunt,
948 2163 985 2223 ut
1007 2162 1158 2223 transeat
1181 2164 1215 2223 et
1237 2157 1364 2224 medius
1388 2161 1556 2228 intereos
1580 2181 1658 2228 con·

434 2269 538 2334 sistat:
563 2265 682 2332 deinde
706 2285 771 2331 uno
795 2263 976 2349 eodemque
999 2272 1147 2352 tempore
1170 2262 1447 2350 genuflexionem,
1463 2269 1492 2334 si
1508 2265 1580 2334 fleri
1596 2267 1656 2336 de-

434 2376 520 2453 beat,
545 2381 772 2460 exsequentur
788 2372 982 2449 Celebrans,
1001 2372 1155 2450 Ministri,
1173 2372 1334 2460 Acolythi
1351 2394 1389 2441 ac
1405 2376 1656 2454 thuriferarium

435 2484 487 2548 sin
511 2480 662 2548 facienda
677 2483 720 2546 sit
738 2480 929 2546 reverentia
951 2479 1128 2566 profunda,
1153 2488 1315 2566 peragent
1331 2502 1413 2561 eam,
1431 2489 1468 2550 ut
1484 2482 1657 2552 docuimus

437 2592 543 2658 relate
566 2592 607 2657 ad
632 2591 771 2658 Crucem
796 2592 850 2656 vel
875 2588 1055 2675 Imaginem
1078 2591 1227 2658 sacrarii.

524 2701 577 2766 22.
602 2701 653 2767 Ad
677 2701 796 2786 Altare
819 2701 874 2767 ubi
898 2707 1034 2766 ventum
1059 2702 1133 2776 erit,
1158 2703 1192 2766 in
1215 2719 1280 2785 quo
1298 2698 1448 2766 canende
1464 2701 1527 2765 erit
1542 2699 1656 2779 Missa,

434 2811 468 2874 in
491 2807 582 2875 aditu
607 2810 823 2896 Presbyterii,
841 2809 868 2874 si
885 2808 1003 2874 Clerus
1020 2808 1055 2872 in
1071 2808 1174 2874 choro
1191 2806 1309 2886 aderit,
1326 2808 1567 2874 thuriferarius
1583 2805 1658 2876 sub-

435 2917 531 2982 sistet
555 2936 672 2982 versus
696 2917 866 2982 sinistram
889 2914 1009 2991 aditus,
1034 2915 1196 3001 Acolythi
1213 2915 1411 2981 dirimentur
1427 2913 1468 2980 ed
1486 2914 1607 2994 latera,
1621 2921 1660 2982 et

435 3026 524 3089 inter
548 3023 733 3110 Acolythos
758 3044 793 3089 se
817 3023 942 3088 locabit
962 3022 1145 3089 celebrans
1167 3043 1242 3087 cum
1267 3023 1427 3088 Ministris
1448 3021 1659 3111 alateribus,

434 3133 489 3216 qui
513 3138 612 3216 caput
635 3131 742 3196 bireto
766 3129 949 3207 nudabunt
974 3128 1203 3196 Subdiaoonus
1227 3129 1370 3196 biretum
1385 3128 1497 3195 tradet
1517 3129 1658 3196 thurife-

433 3240 524 3304 rario
546 3240 601 3304 vol
627 3239 917 3305 (laeremoniarum
941 3239 1112 3323 Magistro,
1138 3237 1302 3303 Diaconos
1327 3237 1605 3314 caeremoniario
1622 3243 1657 3304 et

435 3346 615 3413 Celebrans
646 3347 791 3413 Diacono
821 3347 876 3430 qui
906 3346 1048 3431 accipiet
1077 3365 1153 3410 cum
1183 3345 1308 3410 osculis
1340 3365 1456 3410 manus
1489 3350 1524 3410 et-
1558 3345 1657 3414 bireti

435 3456 546 3540 ipsius‚
571 3453 688 3520 deinde
712 3454 824 3519 tradet
838 3453 943 3518 eidem
964 3453 1241 3518 caeremoniario.
1260 3452 1381 3517 Postea
1396 3457 1563 3518 momento
1578 3457 1658 3518 tem·

434 3564 523 3649 poris
548 3560 776 3638 subsistentes,
794 3559 938 3626 efficient
954 3560 1053 3626 simul
1071 3561 1294 3624 reverentiam
1318 3558 1359 3625 ad
1382 3553 1656 3646 ohoru1n‚primb

435 3671 469 3734 in
493 3670 601 3735 latere
625 3668 811 3754 Evangelii,
836 3667 954 3733 deinde
970 3668 1152 3753 Epistolae.
1178 3668 1320 3732 Peracta
1339 3668 1541 3744 reverentia,
1565 3673 1658 3734 recta

435 3778 525 3843 linea
548 3776 729 3862 procedent
751 3774 792 3840 ed
816 3775 946 3852 Altare,
963 3795 1028 3859 quo
1046 3774 1162 3840 ordine
1186 3773 1377 3840 dictumest
1393 3775 1425 3838 in
1442 3772 1535 3840 aditu
1552 3775 1655 3844 chori.

523 3883 577 3949 23.
602 3882 636 3949 Si
659 3883 778 3949 Olerus
801 3903 821 3948 a
843 3884 946 3948 choro
973 3883 1091 3958 aberit,
1123 3881 1370 3957 thuriferarius,
1394 3881 1566 3968 Acolythi‚
1591 3883 1655 3949 lli·

435 3993 532 4057 nistri
555 3996 590 4056 et
613 3990 793 4056 Gelebraus
817 3989 933 4056 ordine
956 4010 1058 4076 supra
1081 3989 1169 4056 dicto
1190 3990 1325 4055 venient
1341 3987 1383 4054 ad
1399 3989 1528 4066 Altero,
1547 4009 1655 4076 neque

437 4099 541 4165 ullam
566 4099 690 4164 facient
713 4099 945 4163 reuerentiam.
1596 4093 1598 4098 ’

522 4207 576 4272 24.
602 4204 696 4281 Quod
720 4207 746 4270 si
770 4205 889 4271 clerus
913 4204 1084 4270 incederet
1102 4204 1200 4269 simul
1224 4224 1300 4270 oum
1325 4204 1525 4270 Celebrante
1542 4203 1583 4270 ad
1601 4204 1655 4272 Al·

432 4319 514 4389 tare,
540 4311 694 4379 exeundo
726 4333 744 4378 e
776 4312 923 4376 sacrario
955 4311 1069 4376 clerici
1101 4311 1345 4396 superpelliceo
1368 4308 1486 4388 in'duti,
1511 4312 1653 4378 biretum

430 4426 489 4484 ant
505 4426 620 4505 pectus
638 4440 736 4486 manu
754 4419 988 4495 substinentes,
1006 4419 1143 4484 coibunt
1160 4419 1226 4483 bini
1243 4424 1318 4505 post
1335 4418 1533 4505 AcolythoS,
1550 4439 1653 4504 eoque

431 4545 511 4591 casu
536 4528 717 4594 celebrans
741 4531 774 4592 et
797 4525 941 4591 Ministri
958 4527 1088 4611 signum
1106 4524 1333 4612 proficiscendi
1350 4546 1370 4590 a
1387 4525 1653 4593 caeremon-lario

433 4635 666 4720 expectabunt,
692 4636 880 4720 priusquam
905 4633 1081 4709 addantur,
1107 4639 1144 4699 ut
1167 4633 1289 4700 dictum
1318 4638 1379 4706 est,
1405 4637 1438 4698 et
1471 4641 1652 4718 sequantur
