4175 5717
519 739 559 800 74
973 753 1112 812 crinin.

429 867 495 941 det,
520 863 750 931 Ostensorium
774 883 793 926 e
816 863 938 926 throno
967 861 1107 946 accipiet
1132 869 1176 926 et
1210 879 1310 946 super
1343 857 1455 924 Alteri
1487 865 1584 946 ponet
1615 859 1646 924 in

431 973 535 1038 medio
559 970 725 1057 corporali
749 989 906 1054 expanso.
931 969 1050 1033 Statim
1075 988 1113 1034 ac
1138 967 1317 1034 Celebrans
1341 965 1562 1044 descenderit,
1580 985 1648 1034 scu·

429 1081 556 1146 bellurn
580 1077 805 1144 removebitur
829 1097 849 1140 a
871 1075 1017 1140 secundo
1040 1075 1175 1152 clerico,
1200 1077 1255 1160 qui
1279 1075 1400 1142 redibit
1423 1075 1464 1142 ad
1489 1075 1649 1140 extremi-

430 1195 531 1254 tatem
557 1185 757 1272 suppedanei
782 1183 837 1250 ubi
861 1204 971 1268 genua
994 1183 1168 1248 submittet
1190 1203 1210 1248 a
1233 1185 1377 1250 sinistris
1409 1183 1627 1252 Celebrantie.

518 1296 571 1360 311.
597 1295 713 1360 Genua
736 1291 908 1358 submittet
933 1291 1115 1356 Celebrans
1140 1293 1173 1356 in
1197 1291 1406 1378 suppedaneo
1431 1299 1465 1357 et
1497 1313 1518 1358 a
1548 1295 1649 1380 primo

431 1403 555 1468 clerico
580 1401 692 1466 velum
716 1399 889 1464 humerale
913 1401 1101 1484 imponetur
1124 1399 1270 1464 humeris
1295 1402 1365 1464 eius
1390 1405 1425 1465 et
1440 1407 1521 1468 ante
1536 1409 1648 1488 pectus

430 1510 636 1592 alligabitur
661 1511 730 1594 ipse
753 1515 864 1572 autem
887 1507 1032 1572 clericus
1056 1515 1171 1592 postea
1193 1525 1302 1590 genua
1324 1506 1500 1574 submittet
1522 1509 1557 1574 in
1590 1527 1649 1574 ex-

433 1620 599 1684 tremitatc
623 1615 823 1702 suppedanei
846 1635 867 1678 a
889 1613 1038 1680 dexteris
1063 1613 1282 1680 celebrantis.

519 1727 573 1789 37.
598 1725 761 1806 assurget
787 1721 978 1797 Calabram,
1002 1726 1178 1786 convertet
1195 1722 1435 1798 Ostensorium,
1456 1729 1494 1789 ut
1508 1743 1648 1812 peman-

432 1834 537 1898 terior
559 1837 688 1917 spectet
710 1829 751 1894 ad
775 1829 943 1916 populum,
967 1835 1002 1894 et-
1025 1830 1176 1895 manibus
1199 1831 1360 1896 contectis
1383 1831 1648 1898 extremitatibus

432 1939 655 2004 anterioribus
681 1937 746 2002 veli
770 1936 962 2012 humeralis,
980 1936 1212 2004 Ostensorium
1228 1939 1368 2024 accipiet
1383 1937 1526 2004 dextera
1543 1939 1584 2004 ad
1599 1959 1650 2004 no·

433 2047 521 2122 darn,
544 2048 681 2112 sinist-ra
704 2045 792 2110 infra
815 2044 940 2130 pedem,
965 2044 1083 2111 deinde
1107 2053 1325 2112 convertetur
1348 2065 1449 2132 super
1485 2047 1648 2112 sinistram

433 2175 525 2220 suam
549 2154 590 2218 ad
615 2155 772 2239 populum
797 2159 830 2217 et
854 2151 1115 2218 benedictionem
1134 2153 1190 2220 SS.
1209 2153 1414 2219 Sacramenti
1431 2155 1648 2240 impertietur.

435 2263 564 2326 Primus
588 2271 623 2327 et
645 2261 811 2328 secundus
836 2262 980 2326 clericus
1011 2265 1044 2327 in
1076 2263 1138 2328 hac
1168 2265 1299 2328 actione
1330 2261 1545 2328 sustinebunt
1578 2261 1650 2328 binc

434 2369 509 2434 inde
532 2370 638 2435 eletas
662 2368 807 2434 fimbrias
832 2371 904 2434 eius
928 2370 1097 2455 pluvialis.

521 2479 574 2542 38.
600 2477 703 2542 Sacra
727 2478 863 2542 Rituum
889 2477 1111 2562 Congregatiu
1135 2498 1199 2561 quo
1224 2477 1318 2542 modo
1343 2479 1381 2542 sit
1419 2477 1574 2544 donanda
1603 2477 1652 2542 be·

434 2585 576 2651 nedictio
601 2584 658 2652 SS.
684 2583 891 2654 Sacramenti
915 2583 1100 2649 declaravit
1125 2585 1175 2650 his
1201 2585 1309 2650 verbis
1337 2611 1353 2643 e
1373 2585 1503 2650 cullen.
1521 2583 1563 2650 ad
1579 2582 1651 2650 dub.

435 2718 451 2750 a
475 2693 506 2756 ⁶3.
533 2692 584 2757 rin
610 2694 641 2756 in
666 2690 889 2756 benedicendo
913 2691 1071 2776 populum
1097 2713 1170 2757 cum
1196 2691 1253 2758 SS.
1278 2693 1496 2758 Sacramenta
1522 2693 1565 2758 sit
1580 2711 1652 2758 ser-

437 2827 453 2858 «
479 2800 605 2864 raudus
629 2799 744 2864 modus
767 2801 1010 2884 infrascriptus.
1037 2799 1116 2864 Cum
1142 2799 1303 2865 Sacerdos
1319 2806 1384 2865 stat
1402 2807 1480 2864 ante
1496 2797 1653 2886 populum

436 2934 452 2967 «
478 2908 708 2972 Ostensoriurn
731 2915 809 2972 ante
832 2921 948 2992 pectus
973 2913 1074 2982 tenet,
1100 2915 1170 2972 turn
1186 2907 1298 2971 elevat
1315 2905 1399 2972 illud
1415 2906 1548 2973 decenti
1564 2923 1654 2972 mora

436 3041 453 3074 e
477 3035 544 3080 non
568 3035 668 3100 supra
692 3027 802 3099 caput,
827 3013 884 3078 sed
908 3021 1039 3079 tantum
1064 3013 1223 3098 usquead
1241 3015 1355 3080 oculos
1373 3014 1540 3080 eteodem
1560 3013 1653 3080 modo

435 3148 452 3181 «
477 3121 561 3186 illud
585 3122 721 3186 dimittit
745 3122 834 3186 intra
857 3127 972 3206 pectus
996 3130 1029 3187 et
1054 3121 1171 3189 deinde
1194 3121 1235 3188 ad
1270 3124 1442 3190 sinistrum
1476 3123 1652 3190 humerum

436 3256 453 3287 «
478 3237 512 3293 et
536 3229 665 3294 reducit
689 3229 729 3294 ad
753 3229 929 3296 dexterum
954 3237 988 3294 et
1013 3249 1130 3295 rursus
1153 3237 1231 3294 ante
1256 3238 1370 3315 pectus
1387 3229 1529 3310 reducit,
1546 3232 1654 3318 ibique

435 3363 452 3396 «
476 3337 721 3420 aliquantulum
746 3340 843 3413 sistit,
868 3339 960 3421 quasi
996 3345 1131 3422 peracta
1165 3339 1205 3402 ad
1241 3359 1354 3404 omnes
1389 3338 1505 3405 Mundi
1541 3345 1652 3427 partes

435 3472 452 3500 «
477 3447 593 3521 Gracc,
618 3467 690 3512 eam
714 3450 813 3512 etiam
839 3445 1060 3511 venerandam
1084 3447 1233 3511 (amnibus
1257 3447 1403 3532 praebet,
1428 3455 1513 3512 tunc
1542 3449 1651 3533 girum

436 3579 452 3608 e
477 3551 650 3637 perficiens
673 3555 819 3618 collocat
843 3553 1073 3620 Ostensorium
1097 3574 1197 3639 super
1221 3554 1349 3620 Altare.
1375 3553 1530 3622 Mataei
1544 3555 1653 3622 Baul-

437 3687 453 3717 «
477 3661 546 3745 dry
572 3671 655 3744 part..
680 3663 711 3724 4.
735 3679 805 3743 cap.
834 3660 882 3724 16.
906 3666 970 3725 art.
994 3661 1025 3726 3.
1050 3671 1084 3726 et
1108 3663 1160 3726 34.
1186 3682 1258 3748 pag.
1284 3663 1357 3728 481.
1386 3662 1566 3746 Theopbtl.
1592 3663 1654 3730 1²1·-

437 3795 454 3828 «
479 3771 592 3836 torcell.
616 3769 657 3834 de
680 3768 885 3854 depositione
909 3771 965 3836 SS.
991 3769 1197 3836 Sacramenti
1223 3773 1279 3838 lib.
1305 3773 1358 3836 lll.
1375 3791 1445 3858 cap.
1462 3771 1494 3836 2.
1514 3789 1606 3837 num.
1623 3771 1652 3836 8.

437 3903 453 3934 «
479 3878 522 3941 Et
545 3876 659 3941 eadem
683 3877 715 3941 S.
741 3875 775 3940 G.
802 3877 971 3962 respondit
992 3915 1036 3927 -
1061 3877 1100 3946 Si
1121 3880 1153 3946 ei
1171 3882 1296 3962 pleaeet,
1318 3885 1432 3962 potest
1463 3878 1652 3946 observare

435 3984 683 4067 supradictam
704 3985 856 4052 modum,
881 4005 986 4069 quem
1009 3987 1118 4053 tradit
1142 3986 1226 4052 idem
1250 3987 1400 4073 Bauldry
1425 3987 1490 4052 l'oc.
1515 3989 1572 4053 cit.
1597 3987 1652 4054 oia

434 4094 562 4168 nataae
586 4092 785 4158 seraradao
809 4099 858 4159 est
882 4095 1006 4160 martas
1029 4095 1221 4177 dispositus
1247 4097 1279 4160 in
1304 4095 1546 4161 caeremoniali
1583 4095 1654 4180 Epi-

436 4221 609 4284 scoporum
634 4200 689 4263 lib.
714 4200 753 4262 ll.
778 4220 848 4283 cap.
871 4201 924 4263 23.
949 4202 1011 4266 abi
1032 4204 1233 4287 requiritur
1257 4203 1496 4270 tantammodo
1519 4209 1560 4270 ut
1576 4221 1654 4270 cum

437 4308 555 4374 cortem
578 4305 637 4374 SS.
662 4305 888 4374 Sacramenta
925 4309 1114 4376 Celebrant
1140 4313 1317 4393 producat
1347 4312 1490 4394 siccam
1529 4311 1654 4376 eruca

434 4437 543 4497 sirper
564 4419 738 4499 populum
759 4451 803 4466 -
827 4417 869 4480 111
894 4420 939 4482 ita
964 4419 1160 4486 declararit.
1187 4421 1257 4486 Hac
1280 4421 1331 4486 die
1354 4422 1406 4485 al.
1424 4421 1537 4485 llartii
1561 4421 1652 4486 1676.

435 4522 534 4602 (Call.
557 4525 650 4598 autb.
677 4544 764 4588 num.
788 4525 902 4610 2624.)
928 4527 1023 4590 [titus
1049 4528 1193 4593 secundo
1212 4530 1285 4594 loco
1302 4531 1437 4593 inuutus
1455 4529 1488 4591 in
1506 4527 1651 4602 decreto.

437 4647 486 4694 cst
511 4634 716 4696 onnrrnunim
742 4641 906 4716 receptus.
