4175 5717
519 653 561 713 94
983 669 1048 716 mu.
1075 672 1094 715 1.

522 776 593 840 150.
618 775 679 840 Ubi
703 773 744 839 ad
768 776 887 839 Altare
910 776 1050 851 venerit,
1077 775 1209 840 recedet
1232 785 1310 841 ante
1334 775 1478 841 infimum
1506 775 1646 862 gradum

432 904 548 946 versus
571 901 676 947 cornu
701 881 885 966 Evangelii,
908 888 944 947 ut
968 884 1001 947 in
1026 883 1132 948 medio
1156 882 1269 949 eodem
1292 883 1398 969 gradu
1430 885 1473 948 sit
1503 883 1648 949 Diacono

432 997 463 1053 et
489 988 696 1055 Subdiaoono
719 990 824 1054 locus.

501 1095 592 1176 ,151
617 1096 796 1180 Postquam
820 1096 985 1161 Diaconus
1010 1096 1269 1163 benedictionem
1292 1118 1312 1163 a
1336 1097 1536 1164 celebranto
1555 1115 1649 1163 acco·

430 1205 526 1288 perit,
551 1208 589 1267 ut
611 1209 709 1268 canat
733 1203 960 1280 Praeconium,
983 1203 1140 1290 procedet
1163 1225 1237 1270 cum
1260 1225 1300 1270 eo
1322 1205 1463 1289 aliisque
1486 1204 1648 1270 Ministris

430 1309 472 1374 ad
495 1309 606 1395 legile,
631 1312 664 1375 iu
688 1330 752 1394 quo
776 1317 891 1397 aperto
915 1331 935 1376 a
958 1312 1103 1378 Diacono
1126 1312 1224 1389 libro,
1240 1312 1351 1379 tradet
1373 1314 1403 1378 61
1428 1311 1647 1384 thuribulum,

432 1437 495 1502 quo
520 1417 641 1481 librum
666 1419 770 1503 ipsum
795 1417 1028 1484 thuriilcabit.·

525 1523 595 1589 152.
620 1524 802 1611 Receptum
825 1546 846 1589 a
868 1527 1012 1592 Diacono
1036 1527 1244 1594 thuribulum
1268 1527 1395 1593 1616161
1425 1547 1500 1592 cum
1530 1525 1648 1592 debitis

432 1630 718 1716 genuflexionibus
741 1633 782 1697 ad
806 1633 943 1699 abacum
967 1633 1022 1699 rel
1053 1633 1094 1699 ad
1122 1636 1303 1700 sacrarium
1334 1641 1365 1699 61
1398 1633 1518 1700 redibit
1546 1651 1649 1720 propo

434 1741 623 1805 Diaconum.
1060 1817 1062 1822 ¹

523 1847 595 1913 153.
621 1847 742 1913 Paullo
758 1857 836 1913 ante
853 1868 949 1933 quam
974 1850 1140 1916 Diaconus
1163 1851 1197 1913 in
1221 1849 1404 1914 Praeconio
1420 1854 1533 1914 cantet
1548 1847 1650 1914 verba

434 1957 512 2038 apis
526 1963 640 2022 crater
655 1956 790 2026 educit.
801 1955 960 2022 accendet
976 1955 1016 2022 de
1032 1959 1177 2022 tricereo
1193 1956 1263 2021 sive
1279 1956 1441 2022 arundine
1458 1957 1648 2043 gossypion

434 2068 592 2136 ceratum,
605 2082 679 2146 quo,
688 2065 830 2129 cantatis
847 2065 887 2129 iis
900 2064 1021 2140 verbio,
1034 2063 1201 2150 lampades
1212 2085 1272 2151 per
1284 2063 1468 2130 Ecclesiam
1479 2063 1648 2129 accendet.

524 2170 596 2235 154.
620 2169 753 2236 Redibit
775 2169 892 2235 deinde
915 2171 955 2235 ad
980 2170 1091 2256 legile.
1115 2178 1150 2237 et
1173 2169 1237 2236 fine
1268 2171 1357 2237 factu
1387 2170 1528 2237 canendi
1550 2171 1650 2238 Prae-

435 2279 574 2352 conium,
592 2278 728 2363 recipiet
750 2297 770 2341 a
793 2276 1000 2343 Subdiacono
1024 2278 1164 2344 Crucem
1187 2278 1351 2352 hamilem,
1365 2299 1462 2362 quam
1484 2285 1586 2365 ponet
1608 2276 1649 2343 ad

435 2384 524 2449 latus
549 2384 723 2469 Evangelii
747 2387 780 2449 in
804 2385 873 2450 basi
897 2393 1104 2471 praeparata,
1129 2385 1184 2451 vel
1207 2385 1384 2472 applicabit
1407 2405 1513 2451 muro.

527 2491 598 2556 155.
621 2491 706 2556 Dum
729 2498 894 2557 canentur
916 2492 1109 2578 prophetiae
1125 2493 1245 2558 redibit
1260 2494 1293 2557 in
1313 2493 1451 2558 chorum
1475 2491 1516 2557 ad
1540 2493 1651 2558 locum

435 2620 542 2673 suum,
567 2598 622 2664 vel
645 2598 746 2664 stabit
769 2619 844 2664 cum
867 2599 1034 2686 acolythis
1058 2598 1144 2686 apud
1167 2600 1314 2665 abacum.

526 2706 597 2772 156.
622 2707 659 2771 In
683 2707 784 2772 Missa
806 2706 945 2772 solemni
969 2714 1084 2773 utetur
1108 2706 1272 2782 methodo,
1297 2709 1448 2793 superius
1476 2706 1651 2794 descripta.

438 2816 506 2880 Hac
528 2820 639 2879 autem
663 2812 715 2879 die
739 2815 871 2879 minimo
893 2814 995 2880 datur
1010 2817 1099 2902 pacis
1115 2814 1277 2880 osculum.
1301 2815 1361 2880 Ubi
1379 2814 1560 2881 Celebrans
1577 2835 1653 2880 con·

436 2924 652 2988 summarorit
675 2921 831 2999 Calicem,
848 2922 968 2988 redibit
991 2923 1060 3009 ipse
1083 2924 1117 2988 in
1141 2924 1336 2998 sacrarium,
1359 2922 1414 2987 vel
1438 2920 1479 2986 ad
1503 2923 1652 2998 abacum,

435 3028 644 3095 thuribulum
667 3048 742 3094 cum
766 3030 922 3095 navicula
945 3037 1101 3106 resumet,
1125 3038 1160 3095 61
1183 3038 1315 3115 praesto
1338 3032 1401 3095 6111
1426 3032 1459 3095 111
1482 3030 1582 3116 plano
1606 3031 1654 3094 la·

435 3138 535 3203 terali
558 3138 598 3202 ad
622 3158 727 3204 cornu
751 3138 930 3224 Epistulae,
948 3159 1047 3223 quum
1065 3138 1244 3205 Celebrans
1262 3138 1424 3203 intonabit
1439 3138 1653 3224 antiphonam

444 3247 592 3330 Vespere
615 3255 731 3313 autera
755 3245 905 3312 Sabbati.

527 3354 598 3422 157.
624 3355 778 3419 Intonata
800 3353 863 3418 hac
886 3352 1077 3439 antiphona,
1102 3353 1258 3438 procedet
1282 3353 1462 3418 Gelebrans
1488 3373 1563 3418 cum
1587 3353 1653 3418 Mi-

438 3467 551 3530 nistris
575 3463 615 3528 ad
640 3462 779 3528 medium
805 3460 932 3536 Aliana,
957 3481 1022 3545 quo
1038 3461 1195 3526 ascendet
1211 3461 1459 3538 thuriferarius
1481 3465 1515 3526 et
1529 3460 1655 3526 tradita

437 3572 582 3636 Diacono
606 3570 770 3646 navicula,
794 3569 1003 3635 thuribulum
1027 3569 1159 3634 obiiciet
1183 3569 1383 3644 celebranti,
1404 3571 1459 3653 qui
1483 3571 1652 3635 incensum

437 3680 568 3765 ingeret
591 3699 665 3743 cum
687 3676 924 3742 benedictione.

530 3786 602 3850 158.
627 3787 780 3850 Intonato
805 3785 1021 3871 Magnificot,
1038 3784 1186 3869 porriget
1204 3784 1348 3849 Diacouo
1365 3784 1584 3861 thuribulum,
1601 3784 1657 3850 de·

440 3894 575 3960 scendet
599 3893 639 3959 de
663 3893 783 3969 Alteri,
807 3892 973 3976 relinquet
998 3892 1186 3956 naviculam
1209 3912 1310 3978 super
1332 3891 1444 3967 abaco,
1469 3890 1654 3957 6111111111-

439 4004 578 4067 cationis
602 4021 720 4066 caussa
749 4001 790 4066 ab
820 4000 930 4066 Altari
962 3999 1126 4065 amovebit
1156 3998 1258 4082 legile
1290 4018 1349 4064 seu
1380 3999 1547 4065 cussinum
1578 4019 1653 4065 cum

438 4110 573 4176 missali.

530 4218 601 4283 159.
627 4217 793 4302 Sequetur
815 4217 996 4281 Diaconum
1020 4217 1053 4280 iu
1086 4212 1332 4279 thurificatione
1362 4214 1466 4289 chori,
1497 4213 1656 4280 thuribu-

439 4325 574 4409 lumque
597 4346 618 4390 a
640 4326 784 4391 Diacono
809 4325 980 4410 recipiens,
1005 4325 1110 4409 ipsum
1133 4322 1324 4395 Diaconum,
1341 4321 1482 4387 clericos
1498 4329 1532 4387 et
1547 4342 1655 4408 popu-

439 4429 508 4493 lum
534 4434 726 4510 incensabit,
752 4439 785 4498 et
809 4431 929 4497 redibit
951 4429 992 4495 ad
1016 4430 1153 4495 abacum
1177 4429 1231 4493 rel
1255 4430 1288 4492 in
1313 4430 1496 4495 sacrarium
1519 4428 1560 4494 ad
1582 4430 1657 4496 thu·

442 4536 586 4603 ribulum
611 4540 848 4627 deponendum.
872 4539 1051 4624 adimpleto
1073 4537 1136 4601 iam
1160 4534 1266 4603 officio
1290 4557 1360 4602 suo.
