4175 5717
519 728 562 793 68
967 745 1033 792 ιιιι.
1059 746 1107 792 ιιι.

519 855 572 917 31.
598 853 705 928 Quum
730 859 864 917 rentum
888 853 953 917 erit
975 850 1016 916 ad
1040 851 1170 926 altare,
1201 853 1325 936 primus
1355 851 1503 916 clericus
1532 853 1648 916 extin-

431 971 512 1046 guet.
536 962 675 1027 Gereum
699 966 733 1025 et
757 961 882 1026 reseret
906 962 1009 1046 ipsum
1034 961 1067 1024 iu
1099 959 1291 1034 sacrarium,
1316 957 1372 1022 rel
1403 959 1504 1025 etiam
1539 957 1646 1026 relin-

432 1076 512 1154 quet
534 1089 635 1155 prope
658 1069 795 1133 abacum
819 1087 884 1152 quo
907 1067 982 1132 loco
1006 1072 1223 1153 praeparatus
1247 1065 1359 1132 fuerat¹
1381 1066 1422 1132 ab
1446 1067 1553 1148 initio:
1583 1073 1645 1134 ter—

431 1179 497 1242 tius
521 1175 663 1262 deponet
687 1175 827 1240 Crucem
849 1174 890 1240 ad
914 1176 1073 1260 parietem
1096 1174 1130 1238 in
1153 1173 1262 1238 latere
1285 1173 1473 1260 Evangelii.

520 1283 573 1349 32.
599 1285 731 1348 Tertius
754 1284 894 1368 accipiet
916 1281 1100 1348 scabellum
1124 1301 1199 1346 cum
1223 1281 1348 1347 Missali
1371 1287 1406 1346 et-
1429 1289 1532 1369 ponet
1545 1283 1651 1370 ipsum

432 1397 466 1459 iu
490 1393 595 1458 medio
619 1391 837 1478 suppedaneo.

519 1499 572 1564 33.
597 1497 778 1564 Celebrans
801 1502 880 1562 ante
904 1496 1023 1563 Altare
1047 1515 1244 1583 progressus
1269 1495 1407 1564 nudabit
1430 1503 1542 1584 caput.
1566 1497 1655 1566 bire-

431 1615 502 1674 tum
525 1605 636 1672 tradet
658 1605 803 1671 secundo
827 1605 952 1670 clerieo
975 1609 1010 1668 et-
1033 1605 1257 1669 rerereutiam
1281 1603 1321 1668 ad
1347 1603 1485 1671 Crucem
1510 1605 1567 1672 vel
1596 1625 1655 1692 ge·

430 1712 653 1780 nuflexionem
676 1712 785 1787 faciet,
810 1713 838 1776 si
861 1709 1070 1776 custodietur
1093 1710 1136 1775 ibi
1161 1710 1217 1776 SS.
1245 1710 1505 1778 Sacramentum.
1526 1711 1656 1780 Secun-

431 1823 492 1888 dus
515 1827 549 1887 et
572 1825 711 1906 quartus
733 1819 860 1886 facient
882 1801 1160 1904 genuflexlonem.

519 1930 573 1994 34.
606 1931 727 1994 Postea
758 1927 938 1994 Gelebrans
969 1925 1112 1991 dimittet
1145 1926 1302 2011 pluviale
1334 1947 1444 2012 genua
1475 1927 1657 1994 submittet

430 2045 509 2104 aute
532 2036 715 2102 scabellum
739 2041 773 2100 et
796 2034 950 2100 recitabit
973 2034 1131 2100 Litanias.
1157 2032 1280 2099 Clerici
1302 2033 1440 2120 genibus
1464 2031 1562 2100 flexis
1591 2033 1657 2100 ad-

432 2147 568 2210 stabunt
590 2144 753 2209 lateribus
786 2145 856 2209 eius
888 2148 921 2207 et
952 2141 1202 2228 respondebunt
1232 2148 1421 2230 repetentes
1451 2141 1657 2224 versiculos,

432 2274 513 2338 quos
538 2250 720 2318 Celebrans
743 2251 947 2316 recitaverit.

521 2359 574 2426 35.
600 2358 650 2424 Ad
675 2357 878 2424 versiculum
903 2357 1111 2424 Peccatores
1134 2355 1258 2443 primus
1282 2355 1425 2422 clericus
1449 2378 1524 2424 cum
1548 2359 1656 2425 tertio

432 2468 610 2534 detrahent.
633 2467 744 2531 Altari
768 2465 907 2553 pallium
931 2463 1117 2530 violaceum
1149 2471 1183 2530 et
1214 2465 1404 2549 relinquent
1429 2465 1472 2532 ibi
1503 2467 1654 2532 alterum

433 2576 526 2642 rubri
550 2575 682 2642 coloris:
706 2575 831 2640 tollent
854 2573 895 2638 de
917 2573 1045 2638 Missali
1070 2572 1197 2638 Altaria
1221 2575 1389 2640 cussinum
1412 2575 1602 2641 violaceum
1619 2581 1656 2642 et

433 2685 636 2750 substituent
659 2682 803 2778 alterum
830 2680 977 2756 rubrum;
1001 2679 1187 2746 accendent
1209 2699 1325 2748 cereos
1340 2682 1478 2759 Altaria,
1496 2702 1535 2748 ac
1552 2683 1583 2748 si
1601 2661 1656 2750 aa·

431 2791 620 2857 servabitur
644 2790 687 2856 ibi
712 2787 768 2855 SS.
794 2787 1056 2856 Sacramentum.
1082 2787 1261 2854 advertent
1284 2795 1321 2854 ut
1343 2787 1524 2854 detrahant
1540 2789 1583 2856 de
1604 2797 1655 2857 ta-

430 2899 613 2964 bernaculo
636 2917 838 2983 conopoeum
862 2895 1048 2960 violaceum
1072 2901 1106 2960 et
1130 2895 1322 2981 relinquant
1346 2898 1380 2960 in
1410 2917 1449 2962 eo
1480 2897 1534 2964 vel
1569 2897 1653 2966 sub-

433 3009 572 3073 stituant
595 3005 740 3070 alterum
763 3001 857 3069 rubri
881 3003 1014 3068 coloris.
1309 3091 1312 3098 Ι

519 3113 572 3178 36.
598 3111 779 3178 celebrans
802 3115 1022 3196 prosequetur
1051 3111 1198 3177 Litauias
1229 3131 1334 3196 usque
1365 3111 1405 3178 ad
1437 3117 1545 3180 totum
1578 3135 1656 3182 rer-

432 3222 574 3288 sioulum
595 3219 730 3286 Obristc
745 3219 882 3286 arraudi
894 3238 968 3286 aas.
986 3217 1111 3284 Deinde
1127 3225 1290 3304 assurget,
1308 3223 1531 3288 reverentiam
1549 3209 1656 3292 iactet

432 3330 472 3394 ad
497 3329 637 3395 Crucem
662 3327 728 3412 (rel
754 3324 1019 3412 genuflexionem
1044 3326 1084 3391 ad
1110 3327 1374 3414 Sacramentum)
1399 3335 1434 3395 et
1449 3337 1589 3418 accepto
1605 3333 1655 3400 bi:

433 3445 505 3502 reto
529 3438 698 3523 cooperiet
720 3442 820 3522 caput.
843 3440 877 3500 et
900 3435 998 3500 simul
1022 3454 1097 3500 cum
1122 3436 1254 3501 clericis
1271 3436 1304 3500 in
1321 3437 1504 3504 sacrarium
1517 3419 1668 3508 redibit..¹

519 3545 572 3613 37.
597 3545 643 3610 lbi
667 3544 809 3631 deponet
832 3541 953 3609 stolam
976 3542 1159 3609 violaceam
1191 3547 1225 3610 et
1255 3551 1401 3611 assumet
1431 3547 1654 3635 manipulum,

432 3655 562 3730 stolam,
587 3659 619 3719 et
645 3653 811 3738 planetam
835 3652 928 3717 rubri
953 3650 1086 3728 coloris,
1111 3658 1210 3737 caput
1233 3655 1402 3739 cooperiet
1423 3651 1534 3720 bireto
1550 3661 1586 3722 et.
1605 3677 1658 3726 re·

322 3799 325 3804 -
434 3767 587 3826 vertetur
610 3760 651 3826 ad
675 3759 804 3824 Altare.

519 3867 572 3933 38.
598 3867 686 3932 Ante
710 3866 828 3932 Altare
852 3865 988 3932 nudabit
1011 3872 1120 3953 caput,
1146 3869 1368 3934 reverentiam
1392 3869 1494 3938 faciet
1508 3871 1552 3938 ad
1569 3871 1657 3940 Gru-

432 3997 503 4042 cem
527 3975 597 4060 (vel
619 3971 886 4059 genuflexionem
910 3977 938 4040 si
962 3975 1005 4040 ibi
1028 3973 1136 4040 aderit
1161 3973 1216 4041 SS.
1243 3973 1506 4064 Sacramentum)
1533 3985 1568 4044 et
1593 3981 1654 4047 in-

433 4083 564 4149 choabit
588 4083 732 4148 Missam.
756 4082 925 4148 Ascendet
948 4081 989 4147 ad
1012 4082 1142 4160 Altam,
1167 4084 1349 4150 orationem
1368 4085 1512 4150 recitans
1534 4087 1656 4175 Auno·

433 4213 455 4254 u
477 4191 576 4258 nobis
600 4196 662 4255 etc.
688 4189 895 4255 osculabitur
920 4187 1003 4254 illud
1028 4192 1062 4254 iu
1086 4190 1202 4268 medio,
1227 4195 1341 4277 postea
1373 4190 1560 4260 immediate
1594 4219 1654 4263 su-

435 4297 571 4382 biunget
597 4297 705 4384 Kpm'o
721 4299 848 4364 eleison
864 4301 899 4362 et.
918 4295 1038 4364 Gloria
1056 4299 1092 4365 io
1110 4300 1257 4366 caortiis
1274 4319 1312 4364 ac
1329 4305 1397 4364 tum
1416 4299 1537 4367 festivo
1558 4323 1654 4372 more

432 4406 655 4490 pulsabuntur
678 4427 866 4492 campanae.

520 4514 572 4579 39.
598 4517 633 4580 lo
659 4518 788 4606 reliqua
812 4515 933 4582 Missae
958 4520 1053 4601 parto
1077 4515 1158 4581 nihil
1185 4515 1379 4582 variandum
1403 4515 1443 4584 de
1469 4519 1654 4588 ritusolito

435 4621 590 4685 occurrit.
1529 4615 1534 4626 ⁵

979 4769 1107 4786 —n
