4175 5717
518 710 581 774 288
981 731 1046 778 ure.
1073 732 1093 777 1.

519 841 593 905 486.
620 841 700 904 Post
724 839 927 926 praedictam
951 839 1135 904 orationem
1160 838 1350 904 cantabitur
1374 849 1408 920 rt.
1436 839 1562 906 Libera
1585 859 1655 918 me,

432 949 579 1016 Domine
602 954 665 1014 etc.
690 949 723 1012 in
747 967 812 1031 quo
835 947 963 1013 notabit
986 947 1072 1032 quod
1096 945 1254 1012 traditum
1278 952 1330 1012 est
1354 966 1441 1011 num.
1458 945 1533 1013 472.
1550 945 1656 1014 huius

431 1060 557 1144 capitis,
582 1057 680 1123 etad
704 1057 934 1143 repetitionem
958 1057 1160 1142 responsorii
1184 1057 1354 1120 incensum
1384 1056 1417 1119 in
1439 1053 1656 1120 thuribulum

431 1187 504 1232 cum
528 1166 755 1232 benedictione
779 1165 941 1230 infundet.

520 1275 595 1338 487.
622 1273 763 1338 Canteto
787 1292 807 1337 a
831 1273 1023 1338 cantoribus
1040 1274 1151 1360 Kyrie
1166 1273 1304 1346 eleison,
1321 1270 1454 1337 adiiciet
1468 1271 1580 1339 Peter
1593 1291 1658 1338 no-

432 1389 513 1452 ster,
539 1380 624 1464 quod
648 1381 724 1446 dum
747 1380 900 1445 recitabit
925 1387 1065 1457 secreto,
1095 1380 1238 1446 cadaver
1269 1379 1464 1454 circumibit,
1495 1385 1658 1466 asperget

433 1509 472 1554 ac
494 1489 595 1553 thure
618 1487 763 1552 adolebit
786 1488 880 1552 modo
904 1491 1058 1574 superius
1086 1487 1218 1564 tradito,
1250 1507 1365 1573 nempe
1395 1487 1501 1573 primo
1531 1505 1657 1553 versus

435 1595 550 1681 pedem
574 1598 756 1672 sinistrum,
780 1596 897 1661 deinde
921 1617 1037 1661 versus
1062 1596 1214 1672 medium,
1246 1581 1414 1680 post-remo
1444 1613 1563 1660 versus
1586 1593 1657 1660 hu-

434 1724 561 1768 merum
585 1705 768 1780 sinistrum,
793 1711 827 1768 et
849 1704 939 1769 iacta
962 1705 1152 1769 reverentia
1175 1702 1215 1766 ad
1240 1702 1416 1767 Crucema
1439 1701 1585 1766 Diacono
1601 1723 1658 1766 su-

431 1819 584 1887 stentem,
602 1819 821 1898 prosequetur
837 1814 1058 1897 aspersionem
1078 1811 1132 1875 rel
1148 1807 1429 1876 thurificationem
1445 1809 1551 1895 primo
1573 1827 1657 1874 ver-

434 1941 489 1983 sus
514 1920 687 1985 humerum
712 1920 898 1997 dexterum,
923 1927 993 1985 tum
1018 1940 1135 1984 versus
1158 1918 1311 1993 medium,
1343 1924 1510 2003 postremo
1533 1935 1656 1982 versus

434 2027 547 2112 pedem
571 2026 756 2103 dexterum,
781 2049 855 2093 cum
880 2028 1071 2092 reverentia
1094 2025 1134 2090 ad
1159 2027 1297 2091 Crucem
1331 2025 1468 2100 Altaria,
1493 2029 1532 2090 ut
1559 2043 1658 2110 supe-

433 2137 502 2199 rius
525 2134 704 2200 docuimus.
1544 2215 1548 2222 Ι

523 2243 597 2307 488.
623 2243 791 2308 Reversus
827 2243 920 2319 illuc,
946 2243 1000 2307 ubi
1023 2249 1096 2306 erat
1127 2241 1203 2307 dum
1234 2241 1417 2306 canebatur
1447 2239 1657 2326 praedictum

434 2350 690 2435 responsorium,
722 2369 765 2414 ex
797 2351 883 2415 libro
913 2350 1061 2415 cantabit.
1092 2369 1209 2414 versus
1233 2355 1267 2413 et
1298 2350 1489 2426 orationem,
1522 2349 1556 2413 in
1588 2368 1658 2434 qua

433 2458 599 2541 exprimet
622 2477 740 2522 nomen
764 2456 923 2534 defuncti,
948 2477 987 2522 ac
1011 2459 1039 2521 si
1063 2457 1165 2521 fuerit
1189 2455 1359 2532 Sacerdos,
1385 2456 1521 2521 verbum
1552 2457 1656 2523 etiam

433 2564 631 2632 Sacerdotis
655 2567 778 2630 nomini
802 2565 944 2631 adiiciet.
969 2565 1017 2650 (o)

521 2673 595 2738 489.
621 2672 655 2738 Si
671 2673 815 2739 cadaver
838 2670 1040 2738 efferendum
1056 2674 1121 2739 erit
1136 2672 1177 2737 ad
1194 2674 1438 2749 coemeterium,
1457 2671 1655 2752 celebrans,
1673 2701 1677 2714 ··

433 2781 522 2845 facta
544 2781 584 2845 ad
609 2781 749 2846 Crucem
772 2782 964 2846 reverentia
987 2787 1021 2846 et
1043 2781 1151 2846 bireto
1174 2801 1194 2846 a
1218 2781 1361 2846 Diacono
1384 2787 1521 2866 accepto
1537 2799 1657 2867 coope-

434 2889 498 2953 riet
521 2895 630 2974 caput,
656 2895 786 2975 etpost
809 2889 945 2955 Glerum
969 2888 1009 2953 ad
1033 2891 1267 2954 coemeterium
1293 2888 1432 2964 incedet;
1456 2907 1521 2971 quo
1551 2907 1655 2972 quum

432 2996 605 3060 devenerit
627 2998 788 3080 subsistet
810 2997 850 3061 ad
874 2997 972 3082 pedes
997 2998 1179 3073 cadaueris,
1205 3002 1241 3062 ut
1266 2997 1298 3060 in
1323 2996 1484 3070 Ecclesia,
1502 3000 1536 3060 et
1552 3001 1657 3080 caput

433 3104 539 3170 bireto
563 3105 709 3171 nudabit.
755 3107 758 3114 '

521 3214 594 3278 490.
620 3215 688 3279 Nisi
711 3214 752 3279 ad
777 3215 1011 3281 coemeterium
1035 3214 1275 3300 deportabitur,
1301 3219 1374 3298 post
1397 3213 1579 3278 orationem
1600 3235 1656 3281 su·

507 3429 548 3497 (o)
569 3430 635 3484 Non
656 3428 770 3484 videtur
789 3428 983 3499 incongruum
1004 3428 1060 3485 boc
1081 3430 1145 3486 loco
1159 3430 1272 3486 reterre
1287 3426 1437 3484 cuiusdam
1453 3426 1558 3483 eruditi
1575 3427 1653 3484 scri-

435 3519 526 3592 ptoris
546 3518 672 3589 liturgici
694 3519 884 3577 reflexionem
904 3521 940 3576 de
960 3519 1163 3578 additionibus.
1183 3536 1257 3592 quae
1277 3518 1305 3573 in
1325 3516 1506 3574 orationibus
1525 3535 1578 3591 pro
1597 3519 1653 3576 de-

437 3608 542 3664 functis
562 3608 625 3665 fieri
645 3610 748 3666 solent.
769 3631 785 3666 e
805 3612 835 3668 ln
855 3610 930 3667 llaec
950 3611 1011 3666 tero
1032 3611 1125 3666 verba
1142 3610 1240 3683 iuquit,¹
1255 3612 1351 3678 Quum
1365 3610 1393 3666 in
1407 3608 1504 3683 aliquo
1518 3608 1654 3668 sodalitio
1692 3637 1696 3646 ·

436 3701 521 3755 funus
543 3700 587 3755 sel
608 3700 766 3772 exsequiae
787 3703 859 3758 liunt
878 3702 1049 3774 cuiuspiam,
1070 3701 1117 3774 qui
1136 3701 1174 3756 illi
1196 3709 1259 3756 rarat
1280 3700 1452 3773 adscriptus,
1466 3709 1532 3774 post
1545 3719 1653 3758 nomen

436 3791 564 3846 defuncti
584 3791 648 3847 addi
670 3791 697 3845 in
718 3791 850 3847 oratioue
870 3793 1072 3868 soletlt‘rotris
1088 3793 1184 3849 nostri
1198 3791 1390 3866 rclsro-trom
1406 3799 1585 3860 nostroruoq
1598 3791 1653 3848 sed

435 3897 522 3936 error
542 3887 586 3936 est
606 3880 652 3935 bic
672 3881 827 3936 admodum
848 3881 948 3952 gravis
968 3891 997 3938 et
1016 3890 1120 3938 contra
1140 3881 1298 3946 rubricam,
1312 3897 1387 3954 quae
1402 3880 1545 3954 praecipit
1557 3881 1653 3938 solum

436 3979 467 4026 ut
486 3970 611 4027 addatur
629 3969 802 4027 Sacerdotis
816 3989 903 4044 quum
918 3972 953 4028 de
968 3973 1148 4044 Presbytero
1162 3971 1258 4045 aliquo
1271 3989 1370 4027 sermo
1384 3979 1437 4028 eat.
1451 3971 1653 4034 Quamobrem

435 4060 581 4134 quippiam
602 4059 679 4116 aliud
700 4059 829 4116 adiicere
850 4061 892 4116 ias
914 4079 969 4116 non
990 4071 1043 4118 est.
1064 4065 1166 4136 Neque
1187 4080 1259 4118 vero
1280 4062 1453 4118 vocabulum
1465 4063 1570 4138 fictor
1589 4061 1653 4117 lnti·

436 4168 473 4204 no
492 4168 629 4206 sermone
650 4149 736 4204 tribui
756 4159 851 4222 potest
871 4149 979 4206 homini
999 4152 1130 4209 eiusdem
1142 4151 1283 4225 ,corporis
1302 4170 1355 4208 seu
1369 4152 1526 4208 societatis.
1539 4151 1586 4224 qui
1602 4169 1653 4224 po·

437 4239 491 4294 tius
512 4239 702 4312 appellandus
718 4247 797 4294 esset
809 4240 909 4297 sorios
925 4241 971 4296 rel
985 4243 1109 4298 sodalis.
1125 4242 1265 4315 Equidem
1282 4259 1384 4298 omncs
1398 4240 1537 4308 homines,
1550 4250 1652 4313 utpote

437 4329 472 4382 ab
493 4329 596 4385 codem
617 4329 807 4402 progenitore
826 4330 969 4398 originem
990 4331 1141 4390 ducentes,
1161 4333 1268 4388 iratres
1288 4349 1354 4387 esse
1375 4331 1465 4404 probe
1480 4331 1550 4396 scio;
1568 4330 1652 4390 Chri·

437 4416 521 4471 stiani
542 4429 639 4476 irritem
661 4420 851 4493 peculiariter
870 4420 896 4475 in
917 4422 1002 4476 Novo
1023 4422 1214 4478 Testamenta
1233 4422 1340 4478 iratres
1360 4423 1553 4495 appellantur,
1572 4421 1653 4496 quip-

438 4523 473 4577 pe
493 4506 540 4577 qui
568 4527 621 4580 per
639 4511 669 4566 S.
698 4510 880 4583 Baptismum
902 4509 929 4564 in
949 4510 1016 4566 lesu
1041 4510 1158 4569 cbristo
1186 4520 1389 4568 renascuntur:
1415 4529 1517 4568 rerum
1537 4511 1564 4568 id
1584 4529 1651 4569 curn

437 4595 611 4664 specialibus
631 4600 771 4656 sodalitiis
791 4611 818 4656 ot
839 4599 1119 4671 congregationibus
1140 4599 1206 4656 nibil
1228 4600 1317 4657 babet
1336 4619 1491 4659 commune
1511 4619 1535 4656 a.
