<?xml version="1.0" encoding="UTF-8"?>
<!DOCTYPE html PUBLIC "-//W3C//DTD XHTML 1.0 Transitional//EN"
    "http://www.w3.org/TR/xhtml1/DTD/xhtml1-transitional.dtd">
<html xmlns="http://www.w3.org/1999/xhtml" xml:lang="en" lang="en">
 <head>
  <title>
</title>
<meta http-equiv="Content-Type" content="text/html;charset=utf-8" />
  <meta name='ocr-system' content='tesseract 3.04.00' />
  <meta name='ocr-capabilities' content='ocr_page ocr_carea ocr_par ocr_line ocrx_word'/>
</head>
<body>
  <div class='ocr_page' id='page_1' title='image "./manualesacrarum00martgoog_0646.png"; bbox 0 0 4175 5717; ppageno 0'>
   <div class='ocr_carea' id='block_1_1' title="bbox 393 757 1091 822">
    <p class='ocr_par' dir='ltr' id='par_1_1' title="bbox 393 757 1091 822">
     <span class='ocr_line' id='line_1_1' title="bbox 393 757 1091 822; baseline 0 -2"><span class='ocrx_word' id='word_1_1' title='bbox 393 781 397 786; x_wconf 96' lang='lat'>·</span> <span class='ocrx_word' id='word_1_2' title='bbox 514 757 580 820; x_wconf 74' lang='lat'>256</span> <span class='ocrx_word' id='word_1_3' title='bbox 966 777 1030 822; x_wconf 79' lang='lat' dir='ltr'>ma.</span> <span class='ocrx_word' id='word_1_4' title='bbox 1056 777 1091 821; x_wconf 89' lang='lat'>11.</span> 
     </span>
    </p>
   </div>
   <div class='ocr_carea' id='block_1_2' title="bbox 429 879 1646 1376">
    <p class='ocr_par' dir='ltr' id='par_1_2' title="bbox 429 879 1646 1376">
     <span class='ocr_line' id='line_1_2' title="bbox 429 879 1641 966; baseline 0.002 -20"><span class='ocrx_word' id='word_1_5' title='bbox 429 889 585 966; x_wconf 80' lang='lat' dir='ltr'>stagras</span> <span class='ocrx_word' id='word_1_6' title='bbox 618 881 715 945; x_wconf 89' lang='lat' dir='ltr'>etiam</span> <span class='ocrx_word' id='word_1_7' title='bbox 749 881 954 947; x_wconf 85' lang='lat' dir='ltr'>benedicere.</span> <span class='ocrx_word' id='word_1_8' title='bbox 980 881 1088 958; x_wconf 89' lang='lat' dir='ltr'>Quum</span> <span class='ocrx_word' id='word_1_9' title='bbox 1121 883 1199 949; x_wconf 92' lang='lat' dir='ltr'>huic</span> <span class='ocrx_word' id='word_1_10' title='bbox 1229 883 1402 947; x_wconf 85' lang='lat' dir='ltr'>morinen</span> <span class='ocrx_word' id='word_1_11' title='bbox 1428 879 1641 948; x_wconf 77' lang='lat' dir='ltr'><strong>contradicat</strong></span> 
     </span>
     <span class='ocr_line' id='line_1_3' title="bbox 430 989 1646 1074; baseline 0 -20"><span class='ocrx_word' id='word_1_12' title='bbox 430 989 563 1054; x_wconf 83' lang='lat' dir='ltr'>ltituale</span> <span class='ocrx_word' id='word_1_13' title='bbox 588 989 781 1066; x_wconf 87' lang='lat' dir='ltr'>Romanum,</span> <span class='ocrx_word' id='word_1_14' title='bbox 805 989 918 1055; x_wconf 84' lang='lat' dir='ltr'>licebit</span> <span class='ocrx_word' id='word_1_15' title='bbox 942 989 1092 1055; x_wconf 90' lang='lat' dir='ltr'>locorum</span> <span class='ocrx_word' id='word_1_16' title='bbox 1116 1012 1195 1057; x_wconf 92' lang='lat' dir='ltr'>usus</span> <span class='ocrx_word' id='word_1_17' title='bbox 1218 1009 1364 1056; x_wconf 86' lang='lat' dir='ltr'>servare.</span> <span class='ocrx_word' id='word_1_18' title='bbox 1384 989 1571 1074; x_wconf 89' lang='lat' dir='ltr'>Prospiciet</span> <span class='ocrx_word' id='word_1_19' title='bbox 1593 993 1646 1054; x_wconf 88' lang='lat' dir='ltr'>ta·</span> 
     </span>
     <span class='ocr_line' id='line_1_4' title="bbox 430 1093 1645 1184; baseline 0 -24"><span class='ocrx_word' id='word_1_20' title='bbox 430 1117 503 1161; x_wconf 88' lang='lat' dir='ltr'>men</span> <span class='ocrx_word' id='word_1_21' title='bbox 528 1097 715 1180; x_wconf 82' lang='lat' dir='ltr'>Episcopus,</span> <span class='ocrx_word' id='word_1_22' title='bbox 740 1115 783 1160; x_wconf 90' lang='lat' dir='ltr'>ne</span> <span class='ocrx_word' id='word_1_23' title='bbox 806 1096 954 1181; x_wconf 86' lang='lat' dir='ltr'>irrepant</span> <span class='ocrx_word' id='word_1_24' title='bbox 977 1098 1151 1164; x_wconf 85' lang='lat' dir='ltr'>abusiones</span> <span class='ocrx_word' id='word_1_25' title='bbox 1174 1096 1370 1184; x_wconf 85' lang='lat' dir='ltr'>praesertim</span> <span class='ocrx_word' id='word_1_26' title='bbox 1389 1095 1424 1160; x_wconf 94' lang='lat' dir='ltr'>in</span> <span class='ocrx_word' id='word_1_27' title='bbox 1439 1093 1645 1162; x_wconf 84' lang='lat' dir='ltr'>benedictio-</span> 
     </span>
     <span class='ocr_line' id='line_1_5' title="bbox 430 1199 1646 1288; baseline 0 -20"><span class='ocrx_word' id='word_1_28' title='bbox 430 1205 525 1268; x_wconf 85' lang='lat' dir='ltr'>nibus</span> <span class='ocrx_word' id='word_1_29' title='bbox 549 1203 733 1288; x_wconf 78' lang='lat' dir='ltr'>praedictis,</span> <span class='ocrx_word' id='word_1_30' title='bbox 758 1223 841 1286; x_wconf 90' lang='lat' dir='ltr'>quae</span> <span class='ocrx_word' id='word_1_31' title='bbox 865 1223 908 1268; x_wconf 84' lang='lat' dir='ltr'>ex</span> <span class='ocrx_word' id='word_1_32' title='bbox 938 1203 1089 1288; x_wconf 84' lang='lat' dir='ltr'>precibus</span> <span class='ocrx_word' id='word_1_33' title='bbox 1114 1211 1148 1270; x_wconf 90' lang='lat' dir='ltr'>et</span> <span class='ocrx_word' id='word_1_34' title='bbox 1171 1202 1376 1270; x_wconf 90' lang='lat' dir='ltr'>orationibus</span> <span class='ocrx_word' id='word_1_35' title='bbox 1408 1199 1556 1268; x_wconf 82' lang='lat' dir='ltr'>eiusdem</span> <span class='ocrx_word' id='word_1_36' title='bbox 1579 1201 1646 1268; x_wconf 86' lang='lat' dir='ltr'>Ri-</span> 
     </span>
     <span class='ocr_line' id='line_1_6' title="bbox 430 1306 1297 1376; baseline -0.001 -1"><span class='ocrx_word' id='word_1_37' title='bbox 430 1311 532 1376; x_wconf 84' lang='lat' dir='ltr'>tualis</span> <span class='ocrx_word' id='word_1_38' title='bbox 557 1315 669 1376; x_wconf 88' lang='lat' dir='ltr'>essent</span> <span class='ocrx_word' id='word_1_39' title='bbox 689 1309 917 1375; x_wconf 89' lang='lat' dir='ltr'>desumendae.</span> <span class='ocrx_word' id='word_1_40' title='bbox 1290 1306 1297 1318; x_wconf 89' lang='lat'>&#39;</span> 
     </span>
    </p>
   </div>
   <div class='ocr_carea' id='block_1_3' title="bbox 674 1627 1390 1688">
    <p class='ocr_par' dir='ltr' id='par_1_3' title="bbox 674 1627 1390 1688">
     <span class='ocr_line' id='line_1_7' title="bbox 674 1627 1390 1688; baseline 0 -2"><span class='ocrx_word' id='word_1_41' title='bbox 674 1629 722 1686; x_wconf 84' lang='lat' dir='ltr'>DE</span> <span class='ocrx_word' id='word_1_42' title='bbox 743 1629 871 1688; x_wconf 86' lang='lat' dir='ltr'>FESTO</span> <span class='ocrx_word' id='word_1_43' title='bbox 889 1628 1150 1688; x_wconf 77' lang='lat' dir='ltr'>ASCENSlONlS</span> <span class='ocrx_word' id='word_1_44' title='bbox 1170 1627 1390 1688; x_wconf 79' lang='lat' dir='ltr'>DOMlNlOAE</span> 
     </span>
    </p>
   </div>
   <div class='ocr_carea' id='block_1_4' title="bbox 890 1936 1165 2004">
    <p class='ocr_par' dir='ltr' id='par_1_4' title="bbox 890 1936 1165 2004">
     <span class='ocr_line' id='line_1_8' title="bbox 890 1936 1165 2004; baseline -0.004 -1"><span class='ocrx_word' id='word_1_45' title='bbox 890 1936 1032 2003; x_wconf 83' lang='lat' dir='ltr'><strong>CAPUT</strong></span> <span class='ocrx_word' id='word_1_46' title='bbox 1057 1936 1165 2004; x_wconf 90' lang='lat' dir='ltr'>XXX.</span> 
     </span>
    </p>
   </div>
   <div class='ocr_carea' id='block_1_5' title="bbox 433 2091 1683 2896">
    <p class='ocr_par' dir='ltr' id='par_1_5' title="bbox 433 2091 1683 2575">
     <span class='ocr_line' id='line_1_9' title="bbox 436 2091 1650 2256; baseline 0.004 -23"><span class='ocrx_word' id='word_1_47' title='bbox 436 2171 463 2233; x_wconf 94' lang='lat' dir='ltr'>l.</span> <span class='ocrx_word' id='word_1_48' title='bbox 489 2091 661 2242; x_wconf 71' lang='lat' dir='ltr'>Festum</span> <span class='ocrx_word' id='word_1_49' title='bbox 686 2171 894 2236; x_wconf 73' lang='lat' dir='ltr'>Ascensionis</span> <span class='ocrx_word' id='word_1_50' title='bbox 917 2170 1106 2235; x_wconf 88' lang='lat' dir='ltr'>Dominicae</span> <span class='ocrx_word' id='word_1_51' title='bbox 1130 2176 1180 2236; x_wconf 91' lang='lat' dir='ltr'>est</span> <span class='ocrx_word' id='word_1_52' title='bbox 1204 2189 1306 2237; x_wconf 91' lang='lat' dir='ltr'>unum</span> <span class='ocrx_word' id='word_1_53' title='bbox 1329 2189 1347 2235; x_wconf 91' lang='lat' dir='ltr'>e</span> <span class='ocrx_word' id='word_1_54' title='bbox 1369 2169 1462 2236; x_wconf 85' lang='lat' dir='ltr'>festis</span> <span class='ocrx_word' id='word_1_55' title='bbox 1475 2171 1650 2256; x_wconf 80' lang='lat' dir='ltr'>primariis</span> 
     </span>
     <span class='ocr_line' id='line_1_10' title="bbox 433 2275 1649 2366; baseline 0.001 -25"><span class='ocrx_word' id='word_1_56' title='bbox 433 2283 467 2341; x_wconf 88' lang='lat' dir='ltr'>et</span> <span class='ocrx_word' id='word_1_57' title='bbox 490 2275 698 2340; x_wconf 86' lang='lat' dir='ltr'>solemnibus.</span> <span class='ocrx_word' id='word_1_58' title='bbox 723 2276 932 2363; x_wconf 71' lang='lat' dir='ltr'>Quapropter</span> <span class='ocrx_word' id='word_1_59' title='bbox 954 2277 1073 2342; x_wconf 78' lang='lat' dir='ltr'>Altare</span> <span class='ocrx_word' id='word_1_60' title='bbox 1098 2278 1276 2366; x_wconf 70' lang='lat' dir='ltr'>etchorus</span> <span class='ocrx_word' id='word_1_61' title='bbox 1300 2275 1521 2342; x_wconf 83' lang='lat' dir='ltr'>exornabitur</span> <span class='ocrx_word' id='word_1_62' title='bbox 1546 2277 1649 2344; x_wconf 92' lang='lat' dir='ltr'>nobi·</span> 
     </span>
     <span class='ocr_line' id='line_1_11' title="bbox 434 2381 1649 2470; baseline 0.003 -24"><span class='ocrx_word' id='word_1_63' title='bbox 434 2383 521 2459; x_wconf 85' lang='lat' dir='ltr'>liter,</span> <span class='ocrx_word' id='word_1_64' title='bbox 545 2389 579 2447; x_wconf 89' lang='lat' dir='ltr'>et</span> <span class='ocrx_word' id='word_1_65' title='bbox 602 2382 757 2468; x_wconf 87' lang='lat' dir='ltr'>Superior</span> <span class='ocrx_word' id='word_1_66' title='bbox 780 2383 836 2448; x_wconf 85' lang='lat' dir='ltr'>vel</span> <span class='ocrx_word' id='word_1_67' title='bbox 860 2383 990 2468; x_wconf 80' lang='lat' dir='ltr'>dig-nior</span> <span class='ocrx_word' id='word_1_68' title='bbox 1014 2383 1103 2451; x_wconf 85' lang='lat' dir='ltr'>Cleri</span> <span class='ocrx_word' id='word_1_69' title='bbox 1127 2383 1269 2449; x_wconf 90' lang='lat' dir='ltr'>officium</span> <span class='ocrx_word' id='word_1_70' title='bbox 1292 2390 1429 2470; x_wconf 86' lang='lat' dir='ltr'>peraget</span> <span class='ocrx_word' id='word_1_71' title='bbox 1450 2383 1516 2448; x_wconf 88' lang='lat' dir='ltr'>hac</span> <span class='ocrx_word' id='word_1_72' title='bbox 1539 2381 1596 2450; x_wconf 90' lang='lat' dir='ltr'>die</span> <span class='ocrx_word' id='word_1_73' title='bbox 1613 2385 1649 2450; x_wconf 92' lang='lat' dir='ltr'>in</span> 
     </span>
     <span class='ocr_line' id='line_1_12' title="bbox 434 2481 1683 2575; baseline 0.002 -21"><span class='ocrx_word' id='word_1_74' title='bbox 434 2489 592 2575; x_wconf 86' lang='lat' dir='ltr'>Vesperis</span> <span class='ocrx_word' id='word_1_75' title='bbox 615 2495 650 2554; x_wconf 92' lang='lat' dir='ltr'>et</span> <span class='ocrx_word' id='word_1_76' title='bbox 672 2489 779 2554; x_wconf 86' lang='lat' dir='ltr'>Missa.</span> <span class='ocrx_word' id='word_1_77' title='bbox 1681 2481 1683 2486; x_wconf 40' lang='lat'><strong>¹</strong></span> 
     </span>
    </p>

    <p class='ocr_par' dir='ltr' id='par_1_6' title="bbox 436 2595 1654 2896">
     <span class='ocr_line' id='line_1_13' title="bbox 522 2595 1651 2683; baseline 0.004 -23"><span class='ocrx_word' id='word_1_78' title='bbox 522 2595 553 2660; x_wconf 82' lang='lat'>2.</span> <span class='ocrx_word' id='word_1_79' title='bbox 578 2596 695 2662; x_wconf 89' lang='lat' dir='ltr'>Primis</span> <span class='ocrx_word' id='word_1_80' title='bbox 718 2598 864 2681; x_wconf 88' lang='lat' dir='ltr'>vesperis</span> <span class='ocrx_word' id='word_1_81' title='bbox 887 2596 1090 2662; x_wconf 88' lang='lat' dir='ltr'>accendetur</span> <span class='ocrx_word' id='word_1_82' title='bbox 1117 2597 1240 2662; x_wconf 84' lang='lat' dir='ltr'>Cereus</span> <span class='ocrx_word' id='word_1_83' title='bbox 1256 2595 1431 2683; x_wconf 83' lang='lat' dir='ltr'>paschalia,</span> <span class='ocrx_word' id='word_1_84' title='bbox 1448 2597 1599 2680; x_wconf 84' lang='lat' dir='ltr'>itemque</span> <span class='ocrx_word' id='word_1_85' title='bbox 1615 2597 1651 2664; x_wconf 91' lang='lat' dir='ltr'>in</span> 
     </span>
     <span class='ocr_line' id='line_1_14' title="bbox 436 2703 1654 2789; baseline 0.002 -22"><span class='ocrx_word' id='word_1_86' title='bbox 436 2704 538 2768; x_wconf 85' lang='lat' dir='ltr'>Missa</span> <span class='ocrx_word' id='word_1_87' title='bbox 560 2703 707 2781; x_wconf 59' lang='lat' dir='ltr'>solemne</span> <span class='ocrx_word' id='word_1_88' title='bbox 731 2705 764 2768; x_wconf 94' lang='lat' dir='ltr'>in</span> <span class='ocrx_word' id='word_1_89' title='bbox 787 2723 853 2787; x_wconf 89' lang='lat' dir='ltr'>qua</span> <span class='ocrx_word' id='word_1_90' title='bbox 876 2709 997 2781; x_wconf 89' lang='lat' dir='ltr'>tamen,</span> <span class='ocrx_word' id='word_1_91' title='bbox 1023 2710 1060 2770; x_wconf 86' lang='lat' dir='ltr'>ut</span> <span class='ocrx_word' id='word_1_92' title='bbox 1082 2709 1252 2771; x_wconf 84' lang='lat' dir='ltr'>cantatum</span> <span class='ocrx_word' id='word_1_93' title='bbox 1275 2705 1342 2770; x_wconf 83' lang='lat' dir='ltr'>erit</span> <span class='ocrx_word' id='word_1_94' title='bbox 1363 2703 1602 2789; x_wconf 79' lang='lat' dir='ltr'>Evangelium,</span> <span class='ocrx_word' id='word_1_95' title='bbox 1630 2723 1654 2770; x_wconf 76' lang='lat' dir='ltr'>a</span> 
     </span>
     <span class='ocr_line' id='line_1_15' title="bbox 436 2811 806 2896; baseline -0.003 -21"><span class='ocrx_word' id='word_1_96' title='bbox 436 2811 560 2876; x_wconf 88' lang='lat' dir='ltr'>clerico</span> <span class='ocrx_word' id='word_1_97' title='bbox 583 2813 806 2896; x_wconf 76' lang='lat' dir='ltr'>extinguetur.</span> 
     </span>
    </p>
   </div>
   <div class='ocr_carea' id='block_1_6' title="bbox 380 2917 1723 3429">
    <p class='ocr_par' dir='ltr' id='par_1_7' title="bbox 437 2917 1652 3210">
     <span class='ocr_line' id='line_1_16' title="bbox 524 2917 1652 3006; baseline 0.004 -24"><span class='ocrx_word' id='word_1_98' title='bbox 524 2918 555 2982; x_wconf 89' lang='grc'>3.</span> <span class='ocrx_word' id='word_1_99' title='bbox 580 2917 682 2983; x_wconf 87' lang='lat' dir='ltr'>Sacro</span> <span class='ocrx_word' id='word_1_100' title='bbox 701 2922 845 3003; x_wconf 88' lang='lat' dir='ltr'>peracto,</span> <span class='ocrx_word' id='word_1_101' title='bbox 871 2918 996 2985; x_wconf 85' lang='lat' dir='ltr'>Cereus</span> <span class='ocrx_word' id='word_1_102' title='bbox 1019 2918 1059 2984; x_wconf 89' lang='lat' dir='ltr'>de</span> <span class='ocrx_word' id='word_1_103' title='bbox 1082 2919 1283 2985; x_wconf 89' lang='lat' dir='ltr'>candelabro</span> <span class='ocrx_word' id='word_1_104' title='bbox 1313 2918 1455 2984; x_wconf 82' lang='lat' dir='ltr'>tolletur</span> <span class='ocrx_word' id='word_1_105' title='bbox 1488 2923 1525 2984; x_wconf 89' lang='lat' dir='ltr'>et</span> <span class='ocrx_word' id='word_1_106' title='bbox 1551 2937 1652 3006; x_wconf 90' lang='lat' dir='ltr'>repo·</span> 
     </span>
     <span class='ocr_line' id='line_1_17' title="bbox 438 3025 1650 3114; baseline 0.004 -25"><span class='ocrx_word' id='word_1_107' title='bbox 438 3030 537 3090; x_wconf 87' lang='lat' dir='ltr'>netur</span> <span class='ocrx_word' id='word_1_108' title='bbox 553 3026 586 3089; x_wconf 94' lang='lat' dir='ltr'>in</span> <span class='ocrx_word' id='word_1_109' title='bbox 610 3027 763 3102; x_wconf 76' lang='lat' dir='ltr'>sacrario,</span> <span class='ocrx_word' id='word_1_110' title='bbox 788 3032 825 3091; x_wconf 90' lang='lat' dir='ltr'>ut</span> <span class='ocrx_word' id='word_1_111' title='bbox 847 3025 995 3092; x_wconf 90' lang='lat' dir='ltr'>adhiberi</span> <span class='ocrx_word' id='word_1_112' title='bbox 1025 3029 1129 3114; x_wconf 87' lang='lat' dir='ltr'>possit</span> <span class='ocrx_word' id='word_1_113' title='bbox 1151 3028 1185 3091; x_wconf 92' lang='lat' dir='ltr'>in</span> <span class='ocrx_word' id='word_1_114' title='bbox 1208 3027 1335 3112; x_wconf 86' lang='lat' dir='ltr'>Vigilia</span> <span class='ocrx_word' id='word_1_115' title='bbox 1360 3026 1583 3092; x_wconf 85' lang='lat' dir='ltr'>Pentecostes</span> <span class='ocrx_word' id='word_1_116' title='bbox 1607 3025 1650 3094; x_wconf 81' lang='lat' dir='ltr'>ad</span> 
     </span>
     <span class='ocr_line' id='line_1_18' title="bbox 437 3132 1220 3210; baseline 0 -13"><span class='ocrx_word' id='word_1_117' title='bbox 437 3132 693 3197; x_wconf 86' lang='lat' dir='ltr'>benedictionem</span> <span class='ocrx_word' id='word_1_118' title='bbox 716 3132 827 3210; x_wconf 88' lang='lat' dir='ltr'>fontis,</span> <span class='ocrx_word' id='word_1_119' title='bbox 853 3139 890 3198; x_wconf 93' lang='lat' dir='ltr'>ut</span> <span class='ocrx_word' id='word_1_120' title='bbox 912 3133 1000 3199; x_wconf 82' lang='lat' dir='ltr'>inira</span> <span class='ocrx_word' id='word_1_121' title='bbox 1022 3133 1220 3200; x_wconf 85' lang='lat' dir='ltr'>docebimus.</span> 
     </span>
    </p>

    <p class='ocr_par' dir='ltr' id='par_1_8' title="bbox 380 3238 1723 3429">
     <span class='ocr_line' id='line_1_19' title="bbox 526 3238 1723 3332; baseline 0.008 -30"><span class='ocrx_word' id='word_1_122' title='bbox 526 3241 556 3302; x_wconf 76' lang='lat'>4.</span> <span class='ocrx_word' id='word_1_123' title='bbox 582 3238 675 3313; x_wconf 86' lang='lat' dir='ltr'>Quod</span> <span class='ocrx_word' id='word_1_124' title='bbox 694 3239 734 3304; x_wconf 87' lang='lat' dir='ltr'>ad</span> <span class='ocrx_word' id='word_1_125' title='bbox 758 3239 958 3305; x_wconf 86' lang='lat' dir='ltr'>Matutinum</span> <span class='ocrx_word' id='word_1_126' title='bbox 981 3247 1015 3306; x_wconf 87' lang='lat' dir='ltr'>et</span> <span class='ocrx_word' id='word_1_127' title='bbox 1038 3241 1168 3308; x_wconf 88' lang='lat' dir='ltr'>Laudes</span> <span class='ocrx_word' id='word_1_128' title='bbox 1191 3242 1355 3308; x_wconf 88' lang='lat' dir='ltr'>solemnes</span> <span class='ocrx_word' id='word_1_129' title='bbox 1377 3242 1508 3320; x_wconf 81' lang='lat' dir='ltr'>attinet</span> <span class='ocrx_word' id='word_1_130' title='bbox 1532 3243 1651 3310; x_wconf 84' lang='lat' dir='ltr'>unius-</span> <span class='ocrx_word' id='word_1_131' title='bbox 1719 3321 1723 3332; x_wconf 36' lang='grc' dir='ltr'>Ι</span> 
     </span>
     <span class='ocr_line' id='line_1_20' title="bbox 380 3346 1223 3429; baseline 0.005 -21"><span class='ocrx_word' id='word_1_132' title='bbox 380 3419 385 3428; x_wconf 43' lang='grc'>,</span> <span class='ocrx_word' id='word_1_133' title='bbox 438 3346 596 3429; x_wconf 90' lang='lat' dir='ltr'>cuiusque</span> <span class='ocrx_word' id='word_1_134' title='bbox 618 3348 775 3414; x_wconf 84' lang='lat' dir='ltr'>ecclesiae</span> <span class='ocrx_word' id='word_1_135' title='bbox 798 3347 1001 3415; x_wconf 88' lang='lat' dir='ltr'>consuetudo</span> <span class='ocrx_word' id='word_1_136' title='bbox 1024 3349 1223 3416; x_wconf 88' lang='lat' dir='ltr'>servabitur.</span> 
     </span>
    </p>
   </div>
   <div class='ocr_carea' id='block_1_7' title="bbox 0 0 2095 5717">
    <p class='ocr_par' dir='ltr' id='par_1_9' title="bbox 0 0 2095 5717">
     <span class='ocr_line' id='line_1_21' title="bbox 0 0 2095 5717; baseline 0 0"><span class='ocrx_word' id='word_1_137' title='bbox 0 0 2095 5717; x_wconf 95' lang='lat' dir='ltr'> </span> 
     </span>
    </p>
   </div>
  </div>
 </body>
</html>
