4175 5717
744 609 772 658 ἱ
1186 621 1250 670 uto.
1275 623 1296 670 t.

733 743 774 796 st.
800 731 852 796 aad
872 728 1131 816 (completorium
1158 727 1258 796 stabit
1280 748 1301 793 a
1323 734 1355 801 t.
1377 728 1467 795 labe
1494 730 1621 795 domne
1648 743 1711 792 ete
1733 747 1842 811 usque

600 873 666 914 Α,
707 858 830 905 m
848 834 966 921 palmi
993 835 1082 903 Cum
1104 836 1303 902 invocarem
1324 843 1389 901 etc.

734 949 771 1008 ·.ῐ.
798 942 860 1008 Tu
883 941 1032 1027 psalmus
1063 942 1251 1028 praedictus
1281 943 1384 1008 luerit
1413 943 1581 1006 intonatum
1612 939 1737 1005 sedebit
1767 946 1843 1026 post

622 1074 776 1128 -fflm
787 1069 920 1114 ‘mm
934 1069 1037 1133 usque
1049 1048 1090 1116 ad
1102 1050 1329 1137 repetitionem
1341 1050 1540 1135 antiphonae
1550 1053 1628 1112 aute
1640 1047 1841 1133 Capitulum.

732 1173 775 1224 ἰ·-
798 1156 850 1222 si
870 1157 1009 1242 capituli
1033 1157 1164 1222 initium
1185 1157 1285 1222 stabit
1307 1156 1443 1243 pedibus
1467 1154 1633 1239 usquead
1656 1160 1759 1219 totam
1786 1154 1841 1219 be·

637 1286 855 1342 „nemnem
877 1264 1065 1332 Bmedtcat
1088 1284 1151 1332 oca
1174 1271 1237 1330 etc.

734 1379 774 1436 ἕ.
799 1372 835 1436 Ξ
854 1391 971 1457 preces
992 1370 1034 1436 ad
1060 1371 1224 1459 Vesperas
1247 1368 1342 1437 flexis
1366 1372 1504 1457 genibus
1528 1373 1686 1436 recitatae
1703 1372 1840 1446 fuerint,

648 1499 867 1548 νιππιτ
887 1477 1002 1543 adem
1025 1479 1187 1565 positione
1209 1478 1249 1543 ad
1274 1477 1530 1563 Complatorium
1547 1498 1686 1562 quoque
1703 1476 1842 1561 ideoque

650 1607 805 1658 ..maret
819 1606 928 1670 genua
943 1592 1017 1671 post
1033 1585 1260 1672 repetitionem
1277 1586 1477 1670 antiphonae
1491 1585 1532 1649 ad
1549 1587 1714 1650 cauticum
1733 1584 1842 1650 Nunc

643 1703 777 1768 „dne
791 1713 857 1757 ene
871 1690 1032 1778 flexisque
1048 1692 1192 1758 manebit
1207 1693 1343 1777 genibus
1359 1691 1463 1757 donec
1478 1692 1666 1757 absolutum
1686 1694 1727 1756 sit
1750 1691 1844 1757 Gom·

643 1823 823 1874 aarum
1859 1883 1862 1888 ¹

730 1912 774 1974 ἑὲ.
799 1907 988 1995 hnnphona
1010 1905 1119 1973 finalis
1144 1908 1179 1971 lt.
1193 1907 1316 1972 llariae
1340 1908 1488 1993 Virginis
1513 1906 1716 1982 recitabitur,
1730 1912 1767 1971 ut
1789 1927 1842 1971 su·

642 2043 697 2088 ru
724 2018 841 2081 urum
870 2029 931 2080 eet.
956 2015 1074 2090 Pater,
1099 2015 1180 2090 Ave,
1208 2016 1318 2082 Credo
1348 2022 1422 2101 post
1451 2014 1597 2079 eamdem
1626 2014 1841 2100 antiphonam

642 2145 763 2196 ffln:
784 2141 842 2187 ut
872 2121 999 2198 stando,
1023 2130 1083 2187 aut
1116 2119 1210 2187 flexis
1240 2122 1387 2207 genibus,
1413 2121 1590 2187 secundum
1618 2120 1703 2204 quod
1730 2120 1843 2185 ohser-

643 2254 749 2300 -nrtuu
769 2249 819 2294 est
842 2231 876 2293 iu
897 2228 1043 2294 eiusdem
1066 2230 1264 2314 antiphonae
1288 2231 1492 2293 recitatione.

720 2340 774 2403 35.
797 2336 914 2403 Oratio
943 2334 1197 2404 Sacroamtae
1224 2345 1287 2401 ete.
1310 2335 1351 2399 ad
1375 2334 1569 2400 lucrandam
1595 2334 1841 2420 indulgentiam

644 2448 831 2514 sumimur
850 2443 990 2529 genibus
1013 2441 1119 2510 flexis.

940 2661 973 2744 ς.
996 2659 1028 2725 2.
1053 2659 1097 2727 la
1127 2659 1287 2744 Vespert‘s
1309 2658 1529 2726 solemnibus.

720 2879 776 2944 :ai
801 2876 862 2942 t'hi
884 2874 1003 2941 clerus
1020 2876 1054 2941 in
1069 2874 1207 2941 chorum
1231 2877 1422 2962 pervenerit
1437 2882 1471 2941 et
1486 2897 1582 2940 suum
1606 2878 1743 2960 quisque
1763 2877 1843 2941 stal-

639 2998 706 3058 ffln
735 2984 885 3059 adiverit,
909 2982 1018 3059 stabit,
1043 2981 1147 3047 donec
1178 2985 1354 3067 incipietur
1384 2984 1495 3065 Aperi
1522 2983 1668 3050 Domine
1689 2982 1730 3047 ad
1753 2982 1840 3066 quod

638 3092 839 3166 ,eumdum
863 3109 1024 3156 unacum
1049 3089 1246 3155 Celebrante
1269 3110 1378 3176 genua
1401 3090 1580 3156 submittet.

721 3203 775 3267 37.
798 3197 1006 3283 Consurgent
1022 3216 1135 3262 omnes
1153 3197 1269 3263 deinde
1293 3198 1390 3262 simul
1415 3218 1497 3287 cum·
1513 3200 1711 3265 celebrante
1727 3204 1761 3265 et
1776 3208 1842 3264 sta·

640 3320 720 3381 'suut
734 3306 867 3395 pedibus
890 3304 1035 3370 diceutes
1060 3304 1178 3379 Peter,
1202 3306 1284 3380 Ave,
1297 3306 1392 3372 Deus
1414 3308 1452 3374 io
1474 3305 1753 3382 nutritoriumad
1775 3309 1843 3394 pri·

638 3441 721 3488 m
742 3414 951 3499 autiphonam
975 3418 1009 3477 et
1031 3410 1072 3476 ad
1096 3412 1189 3497 primi
1214 3412 1328 3497 psalmi
1353 3415 1601 3480 intonationem.

722 3525 776 3591 38.
799 3521 870 3597 Quo
893 3519 983 3585 iacto
1005 3518 1223 3585 considebunt
1239 3521 1384 3586 universi
1401 3543 1460 3607 per
1475 3530 1580 3587 totum
1598 3524 1736 3607 primunt
1754 3523 1841 3609 psal·

640 3655 726 3703 nm
739 3647 772 3695 et
787 3627 1014 3715 repetitionem
1031 3626 1155 3712 primae
1169 3627 1379 3712 antiphonae,
1397 3648 1480 3712 quae
1504 3630 1558 3694 vel
1581 3650 1602 3695 a
1623 3632 1766 3706 musicis,
1783 3632 1840 3696 vel

641 3763 712 3811 :u
732 3756 856 3822 organo
879 3733 1078 3800 cantabitur.

723 3846 776 3911 39.
798 3841 849 3908 Ad
872 3840 1035 3906 secundae
1061 3842 1260 3926 antiphonae
1290 3846 1617 3928 praeintonationem,
1641 3868 1741 3931 quum
1768 3868 1841 3913 sur·

640 3956 763 4023 ,uerit
784 3951 839 4035 qui
862 3948 991 4033 dignior
1013 3947 1106 4012 adest
1129 3951 1162 4013 iu
1185 3949 1286 4015 choro
1312 3958 1348 4015 ut
1371 3972 1441 4016 eam
1461 3955 1641 4038 praecinat,
1658 3964 1840 4041 consurget

641 4086 705 4131 m
725 4079 798 4127 cum
821 4075 859 4123 eo
882 4063 972 4122 totus
995 4056 1127 4142 chorus,
1144 4061 1178 4121 et
1200 4058 1298 4122 simul
1321 4078 1360 4124 ac
1383 4060 1586 4127 intonaverit
1608 4062 1668 4128 ille
1690 4064 1839 4149 antipho-

638 4192 722 4246 ω,
746 4186 860 4233 rursus
883 4162 1062 4229 considebit
1086 4162 1142 4247 (a).

705 4309 747 4378 (a)
765 4306 848 4375 Quod
867 4305 903 4362 ad
922 4303 1127 4360 intonationem
1142 4305 1318 4376 antiphonae
1332 4325 1513 4379 consurgere
1527 4308 1614 4366 debet
1628 4323 1704 4367 totus
1720 4312 1837 4376 chorus,

636 4418 693 4456 mn
711 4399 806 4455 altera
823 4395 912 4472 ipsius
931 4412 1007 4468 pars,
1027 4394 1236 4467 praescribitur
1254 4415 1272 4451 a
1291 4397 1514 4457 caeremoniali,
1535 4413 1620 4471 prout
1638 4402 1734 4474 capite
1754 4420 1840 4476 prae·

636 4488 750 4547 «fedanti
770 4487 928 4545 docuimus.
