4175 5717
891 836 1206 908 INDEX.

1003 986 1092 1007 -ὀ

433 1183 553 1242 LIBER
571 1184 604 1242 ll.
786 1184 844 1239 Pro
856 1179 951 1238 sacris
965 1179 1163 1238 functionibus
1176 1180 1335 1239 ordtnariis
1351 1198 1405 1254 per
1418 1187 1510 1239 totum

859 1269 928 1327 anni
947 1270 1091 1327 circulum
1110 1271 1297 1328 celebrandis
1382 1315 1390 1328 .
1428 1316 1434 1327 .
1473 1274 1544 1344 Pag.
1636 1277 1653 1328 3

433 1365 566 1423 CAPUT
586 1365 606 1420 Ι.
785 1361 830 1418 De
851 1359 948 1417 officio
968 1359 1031 1415 sine
1051 1366 1140 1417 cantu
1160 1359 1189 1415 in
1208 1360 1312 1418 diebus
1332 1360 1509 1418 ferialibus»
1635 1365 1652 1416 :3

432 1454 566 1513 CAPUT
586 1454 619 1520 ll.
785 1451 829 1508 De
848 1448 992 1522 vesperis
1009 1448 1191 1507 solemnibus
1228 1491 1456 1507 ......
1494 1469 1510 1503 s
1622 1454 1652 1506 13

430 1545 564 1602 CAPUT
585 1544 630 1602 lll.
786 1542 830 1598 De
850 1539 995 1598 Matutino
1014 1535 1138 1596 solemni
1182 1583 1454 1597 .......
1492 1558 1508 1592 s
1615 1544 1650 1597 23

431 1635 565 1693 CAPUT
585 1634 634 1692 lV.
788 1631 833 1688 De
853 1630 947 1688 Missa
965 1628 1090 1686 solemni
1139 1673 1454 1687 ........
1492 1648 1507 1682 s
1616 1635 1646 1687 31

432 1725 566 1783 CAPUT
585 1725 621 1779 V.
677 1769 679 1776 ,
783 1722 828 1779 De
847 1726 951 1777 sancta
970 1718 1051 1778 Cleri
1064 1727 1094 1777 et
1104 1719 1202 1793 populi
1221 1719 1249 1776 in
1271 1718 1365 1777 Missa
1383 1719 1509 1778 solemni

444 1819 451 1838 '
853 1808 1066 1869 Communioue
1092 1852 1454 1867 .........
1496 1828 1511 1860 ›
1618 1813 1652 1866 18

432 1904 563 1966 CASUT
582 1904 632 1961 Vl.
784 1902 828 1959 De
848 1898 1068 1966 variationibus,
1086 1916 1163 1974 quae
1183 1900 1211 1957 in
1230 1900 1340 1958 Missas
1358 1900 1508 1958 solemnes

860 1989 980 2048 feriales
999 1989 1131 2048 incidunt
1186 2034 1455 2047 .......
1493 2009 1508 2041 »
1614 1994 1648 2047 7-1

431 2084 565 2143 CAPUT
585 2083 648 2141 Vll.
784 2082 829 2139 De
850 2080 945 2138 Missa
962 2079 1087 2138 solemni
1112 2087 1181 2138 ante
1207 2082 1260 2140 SS.
1280 2082 1507 2139 Sacramentum

859 2169 1024 2243 expositum
1051 2212 1455 2227 ..........
1493 2188 1509 2222 s
1617 2173 1652 2226 78

431 2266 566 2325 CAPUT
585 2264 661 2322 Vlll.
787 2262 832 2319 De
851 2260 1024 2334 aspersione
1037 2276 1133 2334 aquae
1151 2260 1324 2318 benedictae
1339 2259 1368 2317 in
1381 2276 1511 2335 unaqua-

858 2368 915 2425 que
934 2350 1088 2408 Dominica
1136 2394 1451 2408 ........
1490 2369 1505 2401 s
1614 2354 1649 2408 86

431 2445 567 2504 CAPUT
586 2444 637 2502 lX.
785 2443 830 2500 De
844 2440 996 2514 Vesperis,
1009 2440 1151 2499 matutino
1174 2446 1204 2498 et
1224 2440 1359 2499 laudibus
1380 2458 1435 2515 pro
1455 2439 1509 2497 de·

860 2530 968 2590 functis
1005 2574 1454 2588 ...........
1492 2548 1508 2582 s
1616 2533 1646 2586 91

432 2625 567 2684 CAPUT
586 2625 624 2682 X.
785 2623 829 2680 De
850 2621 944 2680 Missa
961 2620 1085 2678 solemni
1105 2638 1159 2695 pro
1178 2620 1324 2679 defunctis
1361 2665 1367 2677 .
1405 2664 1411 2676 .
1449 2663 1455 2676 .
1493 2637 1508 2671 ι
1615 2623 1651 2675 97

432 2714 567 2775 CAPUT
586 2714 637 2771 XI.
787 2713 831 2770 De
851 2709 1034 2785 expositione
1054 2716 1085 2768 et
1102 2709 1306 2768 benedictione
1331 2711 1384 2769 SS.
1404 2711 1511 2768 Sacra·

859 2801 950 2860 menti
1009 2842 1459 2867 ...........
1496 2817 1511 2851 s

431 2895 566 2955 CAPUT
585 2895 649 2952 Xll.
782 2895 827 2952 De
847 2893 985 2951 Adventu
1005 2934 1455 2948 ...........
1493 2908 1508 2940 »
1602 2893 1650 2945 128

434 2986 567 3044 CAPUT
586 2985 664 3043 Xlll.
784 2985 829 3041 De
848 2983 949 3056 vigilia
967 2980 1136 3039 Natiuitatis
1155 2980 1273 3038 Domini
1318 3024 1324 3037 .
1363 3023 1369 3035 .
1408 3023 1414 3036 .
1452 3022 1457 3034 .
1495 2997 1510 3030 s
1604 2984 1652 3037 130

434 3074 567 3132 CAPUT
586 3075 665 3131 XlV.
785 3074 829 3130 De
849 3073 939 3129 Festo
959 3070 1074 3128 Natalis
1092 3070 1127 3126 D.
1146 3071 1183 3127 N.
1202 3071 1227 3128 J.
1248 3070 1280 3128 C.
1318 3112 1324 3124 .
1362 3114 1368 3125 .
1406 3112 1413 3132 ,
1450 3113 1456 3124 .
1494 3087 1508 3119 »
1603 3073 1651 3127 132

434 3165 567 3222 CAPUT
586 3165 652 3221 XV.
787 3163 831 3219 De
852 3161 935 3218 iestis
953 3178 1029 3234 quac
1042 3159 1235 3217 Nativitatem
1249 3160 1364 3217 Domini
1378 3176 1508 3233 sequun-

1602 3252 1651 3305 138

435 3343 567 3402 CAPUT
587 3344 666 3399 XVl.
786 3343 830 3398 Dc
850 3342 926 3398 festo
946 3340 1127 3413 Epiphaniae
1183 3382 1455 3396 .......
1492 3358 1507 3390 ›
1601 3343 1650 3396 139

434 3433 566 3492 CAPUT
586 3433 678 3490 XVll.
787 3433 831 3489 De
851 3430 1012 3489 Dominicis
1032 3439 1098 3504 post
1118 3430 1309 3504 Epiphaniam
1360 3473 1366 3485 .
1405 3472 1411 3484 .
1449 3472 1455 3484 .
1493 3447 1507 3479 s
1602 3433 1646 3484 111

434 3524 567 3582 CAPUT
587 3524 692 3580 XVlll.
789 3524 832 3579 De
852 3521 1014 3580 Dominicis
1028 3520 1281 3595 septuagesimae,
1296 3519 1507 3591 Sexagesimae

858 3620 888 3670 et
907 3610 1177 3685 Quinquagesimae
1231 3653 1456 3666 ......
1493 3628 1508 3660 ›
1536 3659 1539 3664 ,
1602 3611 1650 3664 112

432 3702 567 3762 CAPUT
586 3702 667 3759 XlX.
787 3705 818 3760 ln
837 3702 912 3774 tosto
930 3700 1150 3788 Purificationis
1170 3701 1203 3757 B.
1224 3701 1265 3757 M.
1284 3701 1322 3756 V.
1359 3744 1365 3756 .
1404 3743 1410 3756 .
1449 3744 1454 3756 .
1493 3717 1507 3749 v
1602 3701 1650 3754 112

432 3793 567 3851 CAPUT
587 3794 654 3849 XX.
786 3794 829 3850 De
850 3792 924 3849 feria
945 3794 993 3849 lV.
1013 3791 1153 3850 Cinerum
1228 3834 1454 3847 ......
1492 3808 1507 3840 ›
1601 3792 1649 3844 153

433 3883 567 3941 CAPUT
588 3884 669 3940 XXl.
788 3884 832 3939 De
852 3880 1088 3953 Quadragesima
1107 3889 1136 3937 et
1155 3889 1288 3953 tempore
1308 3879 1458 3937 Passionis
1493 3897 1508 3930 »
1601 3881 1650 3934 158

434 3973 568 4030 CAPUT
588 3973 683 4029 XXll.
791 3973 834 4029 De
854 3971 1008 4028 Dominica
1029 3971 1198 4027 Palmarum
1224 4012 1452 4025 ......
1494 3985 1509 4018 »
1602 3970 1651 4023 160

432 4063 567 4120 CAPUT
588 4063 695 4119 XXlll.
786 4063 830 4118 Dc
851 4060 971 4134 reliquis
991 4059 1110 4116 maioris
1130 4058 1331 4115 hebdomadae
1351 4058 1453 4113 dicbus
1491 4075 1505 4107 s
1600 4060 1650 4112 177

432 4152 567 4210 CAPUT
586 4152 697 4209 XXIV.
789 4153 832 4208 De
853 4151 999 4207 Matutino
1019 4151 1208 4206 tenebrarum
1601 4149 1650 4201 177

433 4242 568 4300 CAPUT
589 4244 684 4299 XXV.
787 4241 876 4297 Feria
895 4243 930 4295 V.
951 4240 978 4295 in
998 4242 1100 4298 Coena
1119 4239 1234 4295 Domini
1273 4282 1455 4294 .....
1493 4254 1507 4286 s
1602 4238 1650 4290 182

506 4348 521 4380 v
630 4350 644 4382 »
787 4332 831 4387 Dc
852 4331 1001 4392 Mandata
1022 4347 1076 4385 sou
1095 4328 1202 4384 lotione
1222 4329 1328 4401 pedum
1362 4372 1367 4384 .
1406 4371 1411 4382 .
1449 4370 1455 4381 .
1492 4346 1506 4375 ›
1602 4328 1650 4379 ltltl

431 4420 566 4478 CAPUT
587 4422 695 4478 XXVl.
787 4420 875 4477 Feria
893 4421 943 4476 Vl.
963 4420 990 4475 in
1012 4422 1181 4477 Parasccvo
1228 4459 1454 4473 ......
1492 4433 1507 4466 ›
1597 4417 1650 4470 2115

432 4510 569 4567 CAPUT
590 4511 725 4567 XXVlll.
790 4512 833 4566 Dc
854 4510 983 4567 Sabbato
1003 4511 1113 4567 Sancto
1140 4549 1456 4563 ........
1493 4524 1508 4556 ›
1598 4506 1649 4559 221

434 4599 569 4656 CAPUT
590 4601 726 4656 XXVlll.
790 4600 834 4655 De
856 4599 1000 4656 Paschate
1021 4605 1049 4656 et
1070 4598 1106 4655 de
1128 4590 1260 4670 temporo
1285 4594 1419 4654 Pasclvali
1493 4613 1507 4642 »
1597 4597 1650 4650 217
