4175 5717
636 674 675 740 lu
1089 694 1155 742 ura.
1182 696 1215 742 n.

627 805 678 868 44.
705 803 864 887 Superior
888 803 915 865 si
939 801 1054 878 aderit,
1079 822 1174 870 secus
1199 802 1452 869 ebdomadarius
1476 802 1608 870 adiiciet
1632 809 1665 878 i.
1688 803 1761 872 Ad·

537 912 708 978 latorium
730 917 792 974 etc.
818 909 1015 976 Benedicite
1038 919 1072 976 et
1096 910 1220 975 chorus
1244 910 1457 998 respondebit
1487 910 1593 988 Deus,
1628 931 1668 978 ac
1701 912 1757 978 di-

539 1025 635 1082 cente
660 1019 837 1103 Superiore
860 1017 1032 1084 Dctniaua
1055 1037 1119 1085 nos
1141 1018 1330 1095 benedicat,
1355 1039 1469 1085 omnes
1493 1039 1528 1085 se
1563 1018 1757 1105 signabunt.

627 1126 680 1188 45.
706 1125 877 1210 completa
899 1126 982 1190 hora
1006 1127 1129 1202 Prima,
1154 1131 1284 1192 secreto
1308 1125 1438 1193 dicatur
1463 1126 1572 1194 Pater
1585 1133 1706 1194 nocto·
1722 1130 1760 1192 et

538 1232 610 1300 Ace
633 1234 762 1309 illaria
778 1239 849 1298 tum
865 1231 1115 1299 ebdomadarius
1131 1235 1317 1319 assignans
1334 1235 1468 1320 incipiet
1484 1233 1580 1302 Deua
1596 1235 1634 1302 ia
1649 1233 1759 1301 adiu-

466 1389 469 1394 ·
538 1327 679 1414 tortula,
704 1346 865 1425 utsupra
890 1341 1033 1405 relatum
1058 1345 1118 1405 est.

625 1449 677 1513 46.
702 1447 826 1512 Deinde
849 1448 934 1513 idem
958 1447 1208 1515 ebdomadarius
1232 1448 1400 1514 inchoabit
1416 1448 1688 1535 hymnum,'·duos
1704 1468 1761 1516 re-

537 1556 644 1619 citans
667 1556 788 1639 primos
813 1575 930 1620 versus
954 1561 988 1620 et
1011 1556 1260 1621 continuabitur
1284 1556 1419 1642 strophe
1442 1576 1462 1621 a
1486 1563 1580 1654 parte
1597 1557 1710 1643 ipsius.

625 1663 678 1726 47.
703 1662 894 1748 Antiphone
917 1661 1118 1728 indicabitur
1140 1683 1161 1728 a
1185 1663 1399 1749 cappellano,
1423 1665 1479 1748 qui
1503 1665 1567 1729 erit
1590 1683 1634 1729 ex
1657 1669 1757 1750 parte

537 1768 769 1836 ebdomadario
793 1771 950 1855 opposita.
975 1770 1129 1836 Psalmus
1151 1772 1277 1857 primus
1302 1772 1478 1856 incipietur
1501 1792 1522 1837 a
1551 1769 1758 1858 cappellano

408 1943 417 1962 ,
537 1879 592 1960 qui
623 1897 665 1941 ex
697 1883 791 1963 parte
821 1877 922 1942 stabit
952 1876 1183 1953 ebdomadarii,
1208 1883 1242 1943 et
1269 1878 1393 1944 chorus
1423 1881 1529 1946 omnis
1559 1878 1756 1946 considebit.

537 1984 695 2068 Reliquos
718 1986 862 2071 psalmos
884 1985 1054 2051 inchoabit
1079 1985 1301 2072 Oappellanus
1324 1985 1418 2052 illius
1442 1989 1547 2072 partis
1578 1987 1633 2054 ubi
1664 1989 1757 2055 reci-

536 2099 642 2158 tatum
666 2092 1044 2160 fuerit-dunarum·
1065 2094 1182 2178 psalmi
1206 2094 1445 2162 antecedentis.
1672 2165 1676 2174 ,

623 2202 676 2265 48.
702 2200 854 2286 Expletis
877 2200 1021 2286 psalmis,
1049 2200 1271 2286 cappellanus
1306 2204 1361 2286 qui
1396 2202 1563 2280 indicavit,
1599 2202 1758 2268 recitabit

534 2309 757 2394 antiphonam,
781 2327 946 2392 quumque
970 2308 1093 2374 chorus
1117 2312 1377 2386 consurrexerit,
1410 2309 1659 2376 ebdomadarius
1695 2329 1758 2376 ca·

536 2416 678 2502 pitulum
701 2416 864 2491 recitabit,
888 2435 953 2499 quo
978 2421 1126 2501 tempore
1150 2416 1214 2482 duo
1242 2416 1417 2502 penultimi
1449 2416 1645 2504 cappellani
1676 2437 1757 2514 pro·

536 2523 654 2588 cedent
676 2524 709 2586 in
734 2521 875 2588 medium
898 2523 1046 2600 chorum,
1071 2544 1111 2589 ao
1133 2522 1226 2590 finito
1249 2524 1395 2610 capitulo
1411 2525 1600 2590 recitabunt
1615 2545 1757 2612 respon-

535 2632 659 2696 sorium
682 2630 783 2696 breve
807 2636 839 2695 et
863 2649 1008 2704 versum,
1032 2630 1073 2695 ad
1097 2651 1181 2716 quae
1205 2630 1418 2717 respondebit
1441 2632 1574 2710 chorus,
1599 2632 1688 2716 iique
1712 2631 1755 2698 ad

536 2738 645 2804 locum
669 2759 764 2803 suum
790 2737 954 2804 redibunt.

625 2846 678 2912 49.
703 2845 963 2912 Ebdomadarius
987 2847 1165 2932 subiunget
1188 2847 1361 2914 Dominus
1384 2845 1571 2922 vobiscum,
1603 2845 1755 2914 cremisa

535 2961 568 3019 et
592 2956 786 3029 orationem,
811 2958 942 3039 repetet
963 2953 1136 3021 Dominus
1159 2952 1339 3021 vobiscum
1363 2960 1397 3018 et
1412 2954 1668 3021 Benedicamus
1685 2953 1756 3022 Do-

533 3063 636 3128 mino.
662 3061 819 3146 Superior
843 3067 964 3136 autem,
995 3080 1100 3145 eoque
1131 3061 1279 3136 absente,
1316 3060 1565 3127 ebdomadarius
1596 3060 1684 3128 dicet
1718 3066 1754 3136 5.

535 3168 710 3236 Fidctt'cm
732 3168 871 3234 animae
894 3173 957 3233 eto.

623 3276 675 3340 50.
699 3276 737 3340 In
761 3277 844 3340 hora
866 3276 1035 3352 canonica,
1071 3281 1145 3361 post
1175 3295 1273 3360 quam
1304 3275 1491 3341 immediate
1525 3275 1755 3342 celebrabitur

536 3382 683 3456 Sacrum,
709 3385 881 3447 omittetur
904 3388 935 3456 t.
960 3382 1137 3450 Fidetium
1160 3384 1299 3450 animae
1322 3388 1385 3448 etc.

622 3490 674 3554 51.
698 3490 789 3556 Haec
805 3489 918 3555 eadem
935 3490 1109 3555 methodus
1126 3490 1315 3557 servabitur
1331 3492 1365 3556 in
1382 3489 1520 3575 reliquis
1536 3490 1629 3556 horis
1645 3489 1756 3556 Sexta
1796 3581 1798 3586 Ι
1828 3551 1831 3558 .

534 3599 694 3674 et·Nona;
718 3619 883 3682 quumque
907 3619 925 3664 e
949 3600 1052 3665 choro
1076 3598 1307 3665 discedendum
1331 3600 1405 3676 erit,
1429 3606 1503 3685 post
1526 3605 1557 3673 t.
1574 3597 1755 3668 ridebam

535 3709 676 3771 recitato
700 3706 808 3773 Pater
830 3713 950 3773 aester
973 3717 1103 3772 secreto
1128 3726 1171 3772 ex
1195 3713 1275 3782 tote,
1300 3705 1550 3773 ebdomadarius
1574 3705 1662 3772 dicet
1684 3705 1757 3776 Do-

533 3815 652 3879 minus
675 3813 732 3880 det
754 3812 853 3880 nodab
877 3819 939 3882 eto.
964 3813 1088 3879 chorus
1111 3833 1220 3898 genua
1243 3812 1425 3888 submittet,
1448 3812 1501 3877 vel
1526 3812 1628 3878 stabit
1652 3813 1755 3879 iuxta

533 3922 683 3987 rubricas
701 3922 873 3996 Breviorii,
890 3926 925 3985 et
940 3920 1190 3986 ebdomadarius
1208 3922 1344 4007 incipiet
1358 3918 1628 4005 antiphonamde
1644 3919 1754 3986 Beata

532 4029 684 4114 Virgine,
709 4046 806 4112 quam
829 4033 919 4093 totus
944 4028 1042 4093 simul
1066 4029 1189 4094 chorus
1223 4034 1454 4113 prosequetur.
1486 4025 1753 4095 Ebdomadarius

533 4138 712 4220 subiunget
734 4155 868 4202 versum
891 4135 1091 4220 antiphonae
1115 4135 1379 4221 respondentem,
1404 4155 1443 4200 ao
1467 4136 1494 4200 si
1517 4140 1591 4200 erat
1613 4125 1755 4221 adgeni-

532 4245 676 4320 culatus,
701 4261 880 4327 assurgens
904 4243 1058 4307 recitabit
1081 4244 1273 4319 orationem,
1299 4249 1373 4328 post
1396 4261 1493 4327 quam
1509 4240 1688 4325 complebit
1703 4243 1755 4308 oi-

533 4351 641 4417 fioium
666 4372 740 4416 cum
764 4357 786 4424 t
809 4350 975 4416 Divinum
998 4351 1177 4424 caecilium
1200 4356 1262 4415 etc.

620 4459 672 4524 52.
698 4459 886 4543 consurget
919 4458 1052 4534 chorus,
1077 4465 1177 4541 atque
1208 4456 1323 4523 eodem
1358 4458 1474 4524 ordine
1505 4476 1570 4542 quo
1604 4453 1755 4526 diximus

533 4565 637 4631 initio.
661 4564 702 4629 ad
725 4566 906 4630 sacrarium
931 4564 1103 4630 redibitur.
