4175 5717
521 765 580 832 194
968 786 1033 834 ora.
1058 786 1104 833 ιν.

431 913 490 979 per
514 897 634 979 tapeto,
659 894 744 958 facie
768 912 866 957 versa
888 892 929 957 ad
953 891 1105 968 Crucem,
1129 892 1276 957 humeris
1299 893 1340 957 ad
1356 895 1541 979 ingressum
1557 897 1646 982 prin·

430 999 579 1085 cipalem.
604 1000 675 1064 Hoc
698 1000 803 1085 ipsum
824 1000 952 1066 facient
970 1001 1032 1065 alii
1055 1000 1180 1066 clerici.

521 1106 572 1171 10.
595 1106 668 1174 Duo
692 1112 848 1172 cantores
870 1106 1057 1174 immediate
1091 1110 1274 1176 cantabunt
1302 1110 1462 1184 Limnias,
1492 1109 1536 1178 ad
1564 1130 1644 1193 quas

331 1297 337 1313 ·
431 1212 678 1298 respondebunt
700 1212 880 1278 adstantes.
905 1214 987 1294 Post
1006 1220 1180 1281 cantatum
1203 1216 1407 1281 versiculum
1437 1217 1476 1283 Ut
1488 1215 1645 1283 omnibuis

430 1319 591 1408 fidelibus
613 1322 791 1405 defunctis
814 1326 877 1401 eto.
901 1327 1058 1407 assurget
1074 1322 1254 1390 Celebrans
1270 1330 1305 1389 et
1320 1323 1493 1390 benedicet
1508 1323 1646 1390 Goeme-

431 1428 562 1504 terium,
586 1427 698 1493 dicens
729 1429 768 1495 Ut
790 1428 854 1494 boc
880 1428 1131 1497 Ooenetertum
1152 1437 1215 1497 etc.
1241 1431 1324 1496 Tum
1356 1451 1473 1496 rursus
1506 1432 1646 1515 genicu-

431 1536 514 1601 labit
536 1543 570 1600 et
592 1541 747 1601 cantores
770 1540 942 1602 resument
963 1542 1064 1621 atque
1085 1537 1262 1603 absolvent
1284 1538 1443 1611 litanias.

522 1643 572 1708 ll.
597 1643 776 1729 completis
798 1644 947 1719 Litaniis,
971 1650 1151 1730 assurgent
1173 1665 1297 1721 omnes
1314 1644 1495 1712 uolebrons
1511 1652 1647 1732 accepto

430 1773 451 1816 a
473 1753 578 1837 primo
607 1751 784 1817 assistente
813 1750 1004 1836 aspergillo.
1035 1752 1201 1819 intonabit
1228 1753 1443 1839 antiphonam
1470 1753 1648 1839 Aoperpes

432 1879 497 1936 me,
519 1880 624 1944 ,quam
656 1866 812 1928 cauteres
844 1865 1089 1943 prosequentur
1118 1880 1194 1926 cum
1216 1865 1288 1925 toto
1318 1861 1446 1946 psalmo
1477 1861 1648 1928 Miserere

432 1968 525 2033 ouius
549 1968 583 2031 in
606 1965 670 2031 dne
693 1967 866 2033 omittetur
891 1965 1012 2034 θὶονία
1036 1966 1140 2033 Patri
1161 1973 1196 2032 et
1217 1972 1390 2053 repetetur
1412 1968 1602 2053 antiphona.

524 2073 573 2148 12,
599 2072 789 2150 Gelebrans,
814 2075 965 2139 intonata
993 2074 1184 2160 antiphona,
1216 2074 1404 2141 circumibit
1433 2080 1539 2140 totum
1571 2075 1650 2141 Goe-

330 2231 340 2244 ,
434 2182 616 2257 motorium,
640 2182 800 2266 incipieus
820 2200 843 2259 a
863 2180 1005 2254 <lutera
1029 2181 1154 2258 Crucis
1174 2188 1333 2269 asperget
1355 2181 1441 2247 illud
1463 2202 1550 2266 aqua
1576 2204 1650 2247 san-

434 2294 498 2363 cta,
523 2290 720 2374 praesertim
744 2288 777 2352 in
801 2287 876 2353 loco
899 2309 958 2353 sau
974 2288 1058 2353 locis
1074 2290 1315 2370 contaminatis.
1333 2288 1414 2354 Post
1424 2290 1648 2374 aspersionem

435 2394 555 2464 redibit
576 2400 655 2462 ante
677 2394 828 2473 Crucem,
850 2394 1069 2481 asperginum
1091 2396 1258 2463 assistenti
1274 2397 1440 2471 restituet
1453 2395 1561 2479 ibique
1577 2416 1648 2460 ma·
1716 2473 1722 2502 ι

433 2504 526 2572 nebit
547 2495 653 2570 donec
675 2502 895 2589 complebitur
918 2507 1036 2572 cautus
1060 2503 1178 2588 psalmi
1202 2501 1362 2589 praedicti
1384 2522 1460 2570 oum
1484 2504 1650 2587 repetitio·

435 2630 478 2680 na
496 2609 710 2696 antiphonae.

525 2718 575 2784 13.
599 2718 754 2808 Repetite
775 2718 977 2804 antiphonae
1000 2723 1112 2796 cantu,
1135 2716 1317 2784 Celebrans
1340 2717 1489 2786 cantabit
1503 2716 1650 2786 &emus

436 2824 641 2911 lambentes
664 2825 864 2894 rocam
884 2845 1006 2912 penae
1026 2827 1106 2911 etc.)
1130 2831 1164 2891 et
1193 2826 1377 2892 orationem
1406 2826 1553 2896 Domine
1578 2827 1651 2916 pie,

437 2934 501 3018 qui
522 2952 653 3018 aprum
673 2934 777 3021 flocti
797 2938 861 3000 etc.

526 3040 575 3106 14.
601 3038 671 3106 Hac
692 3040 844 3108 oratioue
866 3040 1005 3134 explicit
1019 3045 1115 3112 aetus
1130 3040 1422 3108 reconciliationis.
1440 3039 1558 3110 Clarus
1573 3060 1648 3105 cum
1700 3111 1702 3115 .

436 3146 635 3213 Celebraute
658 3166 722 3230 quo
746 3146 861 3212 ordine
883 3148 1045 3233 processit
1066 3146 1108 3216 ad
1132 3146 1382 3224 aeneadum.
1398 3151 1591 3214 revertetur
1606 3148 1648 3215 ad

439 3260 631 3340 paramenta
653 3252 933 3340 dimittentisque
955 3254 1032 3322 loco
1055 3256 1202 3341 sumpsit.
1423 3287 1428 3292 ·
