<?xml version="1.0" encoding="UTF-8"?>
<!DOCTYPE html PUBLIC "-//W3C//DTD XHTML 1.0 Transitional//EN"
    "http://www.w3.org/TR/xhtml1/DTD/xhtml1-transitional.dtd">
<html xmlns="http://www.w3.org/1999/xhtml" xml:lang="en" lang="en">
 <head>
  <title>
</title>
<meta http-equiv="Content-Type" content="text/html;charset=utf-8" />
  <meta name='ocr-system' content='tesseract 3.04.00' />
  <meta name='ocr-capabilities' content='ocr_page ocr_carea ocr_par ocr_line ocrx_word'/>
</head>
<body>
  <div class='ocr_page' id='page_1' title='image "./manualesacrarum00martgoog_0510.png"; bbox 0 0 4175 5717; ppageno 0'>
   <div class='ocr_carea' id='block_1_1' title="bbox 538 733 1118 808">
    <p class='ocr_par' dir='ltr' id='par_1_1' title="bbox 538 733 1118 808">
     <span class='ocr_line' id='line_1_1' title="bbox 538 733 1118 808; baseline 0.002 -3"><span class='ocrx_word' id='word_1_1' title='bbox 538 733 600 806; x_wconf 78' lang='lat'><strong>120</strong></span> <span class='ocrx_word' id='word_1_2' title='bbox 991 756 1058 808; x_wconf 81' lang='lat' dir='ltr'><strong>ma.</strong></span> <span class='ocrx_word' id='word_1_3' title='bbox 1083 757 1118 808; x_wconf 91' lang='lat' dir='ltr'><strong>n.</strong></span> 
     </span>
    </p>
   </div>
   <div class='ocr_carea' id='block_1_2' title="bbox 436 864 1670 2781">
    <p class='ocr_par' dir='ltr' id='par_1_2' title="bbox 439 864 1664 1061">
     <span class='ocr_line' id='line_1_2' title="bbox 530 864 1664 953; baseline 0.001 -23"><span class='ocrx_word' id='word_1_4' title='bbox 530 865 582 931; x_wconf 82' lang='lat'><strong>52.</strong></span> <span class='ocrx_word' id='word_1_5' title='bbox 601 865 800 932; x_wconf 81' lang='lat' dir='ltr'><strong>cantabitur</strong></span> <span class='ocrx_word' id='word_1_6' title='bbox 810 865 931 932; x_wconf 90' lang='lat' dir='ltr'><strong>debinc</strong></span> <span class='ocrx_word' id='word_1_7' title='bbox 943 867 1052 932; x_wconf 88' lang='lat' dir='ltr'><strong>altera</strong></span> <span class='ocrx_word' id='word_1_8' title='bbox 1063 868 1200 953; x_wconf 85' lang='lat' dir='ltr'><strong>strophe</strong></span> <span class='ocrx_word' id='word_1_9' title='bbox 1217 864 1376 936; x_wconf 78' lang='lat' dir='ltr'><strong><em>Genitori</em></strong></span> <span class='ocrx_word' id='word_1_10' title='bbox 1389 865 1585 952; x_wconf 64' lang='lat' dir='ltr'><strong>emttoqm</strong></span> <span class='ocrx_word' id='word_1_11' title='bbox 1596 870 1664 932; x_wconf 85' lang='lat' dir='ltr'><strong>ete.</strong></span> 
     </span>
     <span class='ocr_line' id='line_1_3' title="bbox 439 974 1312 1061; baseline -0.003 -20"><span class='ocrx_word' id='word_1_12' title='bbox 439 982 513 1061; x_wconf 92' lang='lat' dir='ltr'><strong>post</strong></span> <span class='ocrx_word' id='word_1_13' title='bbox 536 996 633 1060; x_wconf 92' lang='lat' dir='ltr'><strong>quam</strong></span> <span class='ocrx_word' id='word_1_14' title='bbox 657 974 833 1041; x_wconf 90' lang='lat' dir='ltr'><strong>adiicietur</strong></span> <span class='ocrx_word' id='word_1_15' title='bbox 856 980 879 1048; x_wconf 71' lang='lat' dir='ltr'><strong>t</strong></span> <span class='ocrx_word' id='word_1_16' title='bbox 903 975 1040 1042; x_wconf 79' lang='lat' dir='ltr'><strong>Partem</strong></span> <span class='ocrx_word' id='word_1_17' title='bbox 1063 976 1107 1041; x_wconf 82' lang='lat' dir='ltr'><strong>de</strong></span> <span class='ocrx_word' id='word_1_18' title='bbox 1130 978 1223 1042; x_wconf 85' lang='lat' dir='ltr'><strong>coelo</strong></span> <span class='ocrx_word' id='word_1_19' title='bbox 1247 982 1312 1040; x_wconf 88' lang='lat' dir='ltr'><strong>atc.</strong></span> 
     </span>
    </p>

    <p class='ocr_par' dir='ltr' id='par_1_3' title="bbox 529 1082 1668 1167">
     <span class='ocr_line' id='line_1_4' title="bbox 529 1082 1668 1167; baseline 0 -19"><span class='ocrx_word' id='word_1_20' title='bbox 529 1083 582 1148; x_wconf 87' lang='lat'><strong>53.</strong></span> <span class='ocrx_word' id='word_1_21' title='bbox 609 1083 789 1149; x_wconf 81' lang='lat' dir='ltr'><strong>celebrans</strong></span> <span class='ocrx_word' id='word_1_22' title='bbox 823 1088 897 1167; x_wconf 90' lang='lat' dir='ltr'><strong>post</strong></span> <span class='ocrx_word' id='word_1_23' title='bbox 929 1082 1146 1158; x_wconf 84' lang='lat' dir='ltr'><strong>versiculum,</strong></span> <span class='ocrx_word' id='word_1_24' title='bbox 1181 1083 1310 1148; x_wconf 87' lang='lat' dir='ltr'><strong>nullam</strong></span> <span class='ocrx_word' id='word_1_25' title='bbox 1340 1083 1466 1148; x_wconf 86' lang='lat' dir='ltr'><strong>iaciens</strong></span> <span class='ocrx_word' id='word_1_26' title='bbox 1502 1099 1668 1148; x_wconf 86' lang='lat' dir='ltr'><strong>reveren·</strong></span> 
     </span>
    </p>

    <p class='ocr_par' dir='ltr' id='par_1_4' title="bbox 436 1186 1670 2781">
     <span class='ocr_line' id='line_1_5' title="bbox 442 1186 1669 1276; baseline 0 -20"><span class='ocrx_word' id='word_1_27' title='bbox 442 1193 522 1256; x_wconf 90' lang='lat' dir='ltr'><strong>tiam</strong></span> <span class='ocrx_word' id='word_1_28' title='bbox 552 1191 747 1275; x_wconf 81' lang='lat' dir='ltr'>nullamque</span> <span class='ocrx_word' id='word_1_29' title='bbox 781 1189 880 1254; x_wconf 91' lang='lat' dir='ltr'><strong>eliam</strong></span> <span class='ocrx_word' id='word_1_30' title='bbox 911 1186 1189 1274; x_wconf 83' lang='lat' dir='ltr'><strong>genuflexionem,</strong></span> <span class='ocrx_word' id='word_1_31' title='bbox 1227 1196 1382 1276; x_wconf 80' lang='lat' dir='ltr'>assurget</span> <span class='ocrx_word' id='word_1_32' title='bbox 1412 1196 1447 1256; x_wconf 93' lang='lat' dir='ltr'><strong>et</strong></span> <span class='ocrx_word' id='word_1_33' title='bbox 1476 1190 1669 1256; x_wconf 87' lang='lat' dir='ltr'><strong>orationem</strong></span> 
     </span>
     <span class='ocr_line' id='line_1_6' title="bbox 442 1296 1668 1383; baseline -0.001 -18"><span class='ocrx_word' id='word_1_34' title='bbox 442 1299 589 1366; x_wconf 80' lang='lat' dir='ltr'><strong>cantabit</strong></span> <span class='ocrx_word' id='word_1_35' title='bbox 610 1307 691 1365; x_wconf 91' lang='lat' dir='ltr'><strong>tono</strong></span> <span class='ocrx_word' id='word_1_36' title='bbox 714 1298 825 1363; x_wconf 89' lang='lat' dir='ltr'><strong>feriali</strong></span> <span class='ocrx_word' id='word_1_37' title='bbox 852 1296 1010 1364; x_wconf 82' lang='lat' dir='ltr'><strong>Oramus.</strong></span> <span class='ocrx_word' id='word_1_38' title='bbox 1034 1297 1132 1364; x_wconf 85' lang='lat' dir='ltr'><strong>Deus</strong></span> <span class='ocrx_word' id='word_1_39' title='bbox 1148 1299 1213 1383; x_wconf 83' lang='lat' dir='ltr'><strong>qui</strong></span> <span class='ocrx_word' id='word_1_40' title='bbox 1225 1297 1324 1365; x_wconf 82' lang='lat' dir='ltr'><strong>nobit</strong></span> <span class='ocrx_word' id='word_1_41' title='bbox 1340 1304 1404 1363; x_wconf 89' lang='lat' dir='ltr'><strong>etc.</strong></span> <span class='ocrx_word' id='word_1_42' title='bbox 1421 1317 1497 1363; x_wconf 92' lang='lat' dir='ltr'><strong>cum</strong></span> <span class='ocrx_word' id='word_1_43' title='bbox 1518 1296 1668 1364; x_wconf 86' lang='lat' dir='ltr'><strong>conclu-</strong></span> 
     </span>
     <span class='ocr_line' id='line_1_7' title="bbox 441 1404 1664 1490; baseline 0.002 -18"><span class='ocrx_word' id='word_1_44' title='bbox 441 1409 533 1472; x_wconf 84' lang='lat' dir='ltr'>sione</span> <span class='ocrx_word' id='word_1_45' title='bbox 556 1406 660 1484; x_wconf 87' lang='lat' dir='ltr'><strong>brevi,</strong></span> <span class='ocrx_word' id='word_1_46' title='bbox 685 1404 770 1471; x_wconf 87' lang='lat' dir='ltr'><strong>idest</strong></span> <span class='ocrx_word' id='word_1_47' title='bbox 795 1404 862 1478; x_wconf 82' lang='lat' dir='ltr'><strong>Qut</strong></span> <span class='ocrx_word' id='word_1_48' title='bbox 883 1405 971 1472; x_wconf 76' lang='lat' dir='ltr'><strong>vieta</strong></span> <span class='ocrx_word' id='word_1_49' title='bbox 991 1412 1022 1472; x_wconf 87' lang='lat' dir='ltr'><strong>et</strong></span> <span class='ocrx_word' id='word_1_50' title='bbox 1046 1425 1178 1490; x_wconf 72' lang='lat' dir='ltr'><strong>repeat</strong></span> <span class='ocrx_word' id='word_1_51' title='bbox 1201 1407 1239 1472; x_wconf 83' lang='lat' dir='ltr'><strong>in</strong></span> <span class='ocrx_word' id='word_1_52' title='bbox 1262 1408 1405 1473; x_wconf 81' lang='lat' dir='ltr'><strong>saecula</strong></span> <span class='ocrx_word' id='word_1_53' title='bbox 1421 1407 1664 1474; x_wconf 74' lang='lat' dir='ltr'><strong>saeculorum</strong></span> 
     </span>
     <span class='ocr_line' id='line_1_8' title="bbox 440 1511 1666 1600; baseline 0 -20"><span class='ocrx_word' id='word_1_54' title='bbox 440 1515 578 1580; x_wconf 91' lang='lat' dir='ltr'><strong>Librum</strong></span> <span class='ocrx_word' id='word_1_55' title='bbox 608 1516 638 1580; x_wconf 91' lang='lat' dir='ltr'><strong>ei</strong></span> <span class='ocrx_word' id='word_1_56' title='bbox 668 1514 881 1580; x_wconf 85' lang='lat' dir='ltr'><strong>sustinebunt</strong></span> <span class='ocrx_word' id='word_1_57' title='bbox 910 1512 975 1578; x_wconf 93' lang='lat' dir='ltr'><strong>duo</strong></span> <span class='ocrx_word' id='word_1_58' title='bbox 1006 1514 1212 1590; x_wconf 87' lang='lat' dir='ltr'><strong>assistentes,</strong></span> <span class='ocrx_word' id='word_1_59' title='bbox 1237 1513 1292 1580; x_wconf 91' lang='lat' dir='ltr'><strong>vel</strong></span> <span class='ocrx_word' id='word_1_60' title='bbox 1323 1515 1351 1579; x_wconf 93' lang='lat' dir='ltr'><strong>si</strong></span> <span class='ocrx_word' id='word_1_61' title='bbox 1381 1515 1485 1600; x_wconf 79' lang='lat' dir='ltr'><strong>megia</strong></span> <span class='ocrx_word' id='word_1_62' title='bbox 1516 1511 1666 1600; x_wconf 81' lang='lat' dir='ltr'><strong>placcat,</strong></span> 
     </span>
     <span class='ocr_line' id='line_1_9' title="bbox 439 1619 1669 1709; baseline -0.002 -21"><span class='ocrx_word' id='word_1_63' title='bbox 439 1624 565 1709; x_wconf 88' lang='lat' dir='ltr'><strong>poterit</strong></span> <span class='ocrx_word' id='word_1_64' title='bbox 594 1621 655 1688; x_wconf 89' lang='lat' dir='ltr'><strong>sibi</strong></span> <span class='ocrx_word' id='word_1_65' title='bbox 686 1623 755 1707; x_wconf 91' lang='lat' dir='ltr'><strong>ipse</strong></span> <span class='ocrx_word' id='word_1_66' title='bbox 784 1622 960 1687; x_wconf 87' lang='lat' dir='ltr'><strong>sustinere.</strong></span> <span class='ocrx_word' id='word_1_67' title='bbox 996 1621 1079 1687; x_wconf 88' lang='lat' dir='ltr'>Post</span> <span class='ocrx_word' id='word_1_68' title='bbox 1110 1621 1294 1687; x_wconf 89' lang='lat' dir='ltr'><strong>orationem</strong></span> <span class='ocrx_word' id='word_1_69' title='bbox 1318 1641 1437 1687; x_wconf 88' lang='lat' dir='ltr'><strong>rursus</strong></span> <span class='ocrx_word' id='word_1_70' title='bbox 1463 1619 1669 1707; x_wconf 79' lang='lat' dir='ltr'><strong>procumbet</strong></span> 
     </span>
     <span class='ocr_line' id='line_1_10' title="bbox 441 1717 1015 1816; baseline 0.002 -23"><span class='ocrx_word' id='word_1_71' title='bbox 441 1730 474 1794; x_wconf 92' lang='lat' dir='ltr'><strong>in</strong></span> <span class='ocrx_word' id='word_1_72' title='bbox 499 1749 618 1816; x_wconf 88' lang='lat' dir='ltr'><strong>genua.</strong></span> <span class='ocrx_word' id='word_1_73' title='bbox 1011 1717 1015 1724; x_wconf 74' lang='grc'><strong>’</strong></span> 
     </span>
     <span class='ocr_line' id='line_1_11' title="bbox 453 1833 1669 1921; baseline -0.002 -17"><span class='ocrx_word' id='word_1_74' title='bbox 453 1895 461 1904; x_wconf 93' lang='grc'><em>.</em></span> <span class='ocrx_word' id='word_1_75' title='bbox 528 1837 581 1902; x_wconf 85' lang='grc'><strong>54.</strong></span> <span class='ocrx_word' id='word_1_76' title='bbox 607 1836 767 1903; x_wconf 83' lang='lat' dir='ltr'><strong>Oratione</strong></span> <span class='ocrx_word' id='word_1_77' title='bbox 783 1841 928 1913; x_wconf 87' lang='lat' dir='ltr'><strong>cantate,</strong></span> <span class='ocrx_word' id='word_1_78' title='bbox 941 1836 997 1919; x_wconf 92' lang='lat' dir='ltr'><strong>qui</strong></span> <span class='ocrx_word' id='word_1_79' title='bbox 1014 1834 1176 1903; x_wconf 82' lang='lat' dir='ltr'><strong>Sacerdos</strong></span> <span class='ocrx_word' id='word_1_80' title='bbox 1193 1833 1234 1900; x_wconf 90' lang='lat' dir='ltr'><strong>ab</strong></span> <span class='ocrx_word' id='word_1_81' title='bbox 1251 1836 1345 1900; x_wconf 88' lang='lat' dir='ltr'><strong>initio</strong></span> <span class='ocrx_word' id='word_1_82' title='bbox 1362 1835 1517 1921; x_wconf 79' lang='lat' dir='ltr'><strong>exposuit</strong></span> <span class='ocrx_word' id='word_1_83' title='bbox 1532 1833 1592 1902; x_wconf 90' lang='lat' dir='ltr'><strong>SS.</strong></span> <span class='ocrx_word' id='word_1_84' title='bbox 1606 1833 1669 1902; x_wconf 84' lang='lat' dir='ltr'><strong>Se·</strong></span> 
     </span>
     <span class='ocr_line' id='line_1_12' title="bbox 440 1941 1669 2029; baseline 0.001 -20"><span class='ocrx_word' id='word_1_85' title='bbox 440 1950 658 2019; x_wconf 81' lang='lat' dir='ltr'><strong>crementum,</strong></span> <span class='ocrx_word' id='word_1_86' title='bbox 683 1945 829 2029; x_wconf 90' lang='lat' dir='ltr'><strong>imponet</strong></span> <span class='ocrx_word' id='word_1_87' title='bbox 851 1941 913 2008; x_wconf 93' lang='lat' dir='ltr'><strong>sibi</strong></span> <span class='ocrx_word' id='word_1_88' title='bbox 932 1942 1055 2007; x_wconf 89' lang='lat' dir='ltr'><strong>stolam</strong></span> <span class='ocrx_word' id='word_1_89' title='bbox 1078 1942 1178 2018; x_wconf 88' lang='lat' dir='ltr'><strong>colle,</strong></span> <span class='ocrx_word' id='word_1_90' title='bbox 1203 1949 1238 2008; x_wconf 91' lang='lat' dir='ltr'><strong>et</strong></span> <span class='ocrx_word' id='word_1_91' title='bbox 1264 1942 1422 2008; x_wconf 86' lang='lat' dir='ltr'><strong>ascendet</strong></span> <span class='ocrx_word' id='word_1_92' title='bbox 1445 1943 1479 2007; x_wconf 90' lang='lat' dir='ltr'><strong>in</strong></span> <span class='ocrx_word' id='word_1_93' title='bbox 1502 1941 1669 2029; x_wconf 82' lang='lat' dir='ltr'><strong>suppeda-</strong></span> 
     </span>
     <span class='ocr_line' id='line_1_13' title="bbox 440 2041 1670 2135; baseline 0.001 -19"><span class='ocrx_word' id='word_1_94' title='bbox 440 2071 539 2116; x_wconf 87' lang='lat' dir='ltr'><strong>neum</strong></span> <span class='ocrx_word' id='word_1_95' title='bbox 558 2050 696 2116; x_wconf 79' lang='lat' dir='ltr'><strong>Altaria:</strong></span> <span class='ocrx_word' id='word_1_96' title='bbox 720 2049 835 2115; x_wconf 90' lang='lat' dir='ltr'><strong>eodem</strong></span> <span class='ocrx_word' id='word_1_97' title='bbox 858 2056 1007 2135; x_wconf 91' lang='lat' dir='ltr'><strong>tempore</strong></span> <span class='ocrx_word' id='word_1_98' title='bbox 1031 2049 1190 2115; x_wconf 88' lang='lat' dir='ltr'><strong>ascendet</strong></span> <span class='ocrx_word' id='word_1_99' title='bbox 1213 2051 1314 2115; x_wconf 88' lang='lat' dir='ltr'><strong>etiem</strong></span> <span class='ocrx_word' id='word_1_100' title='bbox 1337 2041 1482 2116; x_wconf 89' lang='lat' dir='ltr'><strong>clericus</strong></span> <span class='ocrx_word' id='word_1_101' title='bbox 1499 2070 1576 2116; x_wconf 93' lang='lat' dir='ltr'><strong>cum</strong></span> <span class='ocrx_word' id='word_1_102' title='bbox 1592 2069 1670 2117; x_wconf 89' lang='lat' dir='ltr'><strong>sca·</strong></span> 
     </span>
     <span class='ocr_line' id='line_1_14' title="bbox 438 2155 1667 2244; baseline 0 -20"><span class='ocrx_word' id='word_1_103' title='bbox 438 2157 540 2234; x_wconf 90' lang='lat' dir='ltr'><strong>bello,</strong></span> <span class='ocrx_word' id='word_1_104' title='bbox 557 2156 643 2242; x_wconf 92' lang='lat' dir='ltr'><strong>quod</strong></span> <span class='ocrx_word' id='word_1_105' title='bbox 664 2156 844 2243; x_wconf 84' lang='lat' dir='ltr'><strong>applicabit</strong></span> <span class='ocrx_word' id='word_1_106' title='bbox 859 2155 900 2221; x_wconf 89' lang='lat' dir='ltr'><strong>ad</strong></span> <span class='ocrx_word' id='word_1_107' title='bbox 916 2155 1060 2221; x_wconf 90' lang='lat' dir='ltr'><strong>medium</strong></span> <span class='ocrx_word' id='word_1_108' title='bbox 1077 2156 1204 2222; x_wconf 83' lang='lat' dir='ltr'><strong>Altaris</strong></span> <span class='ocrx_word' id='word_1_109' title='bbox 1220 2155 1382 2223; x_wconf 88' lang='lat' dir='ltr'><strong>Sacerdos</strong></span> <span class='ocrx_word' id='word_1_110' title='bbox 1398 2158 1431 2222; x_wconf 93' lang='lat' dir='ltr'><strong>in</strong></span> <span class='ocrx_word' id='word_1_111' title='bbox 1449 2156 1667 2244; x_wconf 87' lang='lat' dir='ltr'><strong>suppedaneo</strong></span> 
     </span>
     <span class='ocr_line' id='line_1_15' title="bbox 439 2262 1668 2352; baseline 0.002 -22"><span class='ocrx_word' id='word_1_112' title='bbox 439 2262 706 2352; x_wconf 86' lang='lat' dir='ltr'><strong>genuflexionem</strong></span> <span class='ocrx_word' id='word_1_113' title='bbox 729 2262 828 2328; x_wconf 90' lang='lat' dir='ltr'><strong>simul</strong></span> <span class='ocrx_word' id='word_1_114' title='bbox 852 2282 928 2328; x_wconf 89' lang='lat' dir='ltr'><strong>cum</strong></span> <span class='ocrx_word' id='word_1_115' title='bbox 952 2262 1077 2329; x_wconf 91' lang='lat' dir='ltr'><strong>clerico</strong></span> <span class='ocrx_word' id='word_1_116' title='bbox 1101 2262 1238 2329; x_wconf 90' lang='lat' dir='ltr'><strong>efficiet:</strong></span> <span class='ocrx_word' id='word_1_117' title='bbox 1267 2262 1429 2330; x_wconf 80' lang='lat' dir='ltr'><strong>Sacerdos</strong></span> <span class='ocrx_word' id='word_1_118' title='bbox 1457 2263 1668 2332; x_wconf 84' lang='lat' dir='ltr'><strong>conscendet</strong></span> 
     </span>
     <span class='ocr_line' id='line_1_16' title="bbox 438 2370 1667 2458; baseline 0.001 -19"><span class='ocrx_word' id='word_1_119' title='bbox 438 2371 623 2439; x_wconf 89' lang='lat' dir='ltr'><strong>scabellum</strong></span> <span class='ocrx_word' id='word_1_120' title='bbox 646 2391 686 2437; x_wconf 87' lang='lat' dir='ltr'><strong>ao</strong></span> <span class='ocrx_word' id='word_1_121' title='bbox 709 2371 849 2437; x_wconf 83' lang='lat' dir='ltr'><strong>dextere</strong></span> <span class='ocrx_word' id='word_1_122' title='bbox 871 2370 992 2437; x_wconf 90' lang='lat' dir='ltr'><strong>educet</strong></span> <span class='ocrx_word' id='word_1_123' title='bbox 1016 2370 1057 2436; x_wconf 89' lang='lat' dir='ltr'><strong>de</strong></span> <span class='ocrx_word' id='word_1_124' title='bbox 1080 2371 1204 2437; x_wconf 89' lang='lat' dir='ltr'><strong>throno</strong></span> <span class='ocrx_word' id='word_1_125' title='bbox 1232 2371 1464 2439; x_wconf 89' lang='lat' dir='ltr'><strong>Ostensorium</strong></span> <span class='ocrx_word' id='word_1_126' title='bbox 1495 2376 1530 2438; x_wconf 85' lang='lat' dir='ltr'><strong>et</strong></span> <span class='ocrx_word' id='word_1_127' title='bbox 1558 2379 1667 2458; x_wconf 87' lang='lat' dir='ltr'><strong>ponet</strong></span> 
     </span>
     <span class='ocr_line' id='line_1_17' title="bbox 436 2476 1666 2567; baseline 0 -21"><span class='ocrx_word' id='word_1_128' title='bbox 436 2482 544 2567; x_wconf 87' lang='lat' dir='ltr'><strong>ipsum</strong></span> <span class='ocrx_word' id='word_1_129' title='bbox 567 2482 600 2544; x_wconf 90' lang='lat' dir='ltr'><strong>in</strong></span> <span class='ocrx_word' id='word_1_130' title='bbox 625 2479 746 2545; x_wconf 87' lang='lat' dir='ltr'><strong>Alteri.</strong></span> <span class='ocrx_word' id='word_1_131' title='bbox 770 2477 958 2544; x_wconf 84' lang='lat' dir='ltr'><strong>Descendet</strong></span> <span class='ocrx_word' id='word_1_132' title='bbox 980 2478 1021 2544; x_wconf 91' lang='lat' dir='ltr'><strong>de</strong></span> <span class='ocrx_word' id='word_1_133' title='bbox 1044 2478 1193 2544; x_wconf 88' lang='lat' dir='ltr'><strong>scabello</strong></span> <span class='ocrx_word' id='word_1_134' title='bbox 1223 2485 1258 2545; x_wconf 89' lang='lat' dir='ltr'><strong>et</strong></span> <span class='ocrx_word' id='word_1_135' title='bbox 1287 2476 1557 2565; x_wconf 81' lang='lat' dir='ltr'><strong>genuflexionem</strong></span> <span class='ocrx_word' id='word_1_136' title='bbox 1583 2499 1666 2546; x_wconf 87' lang='lat' dir='ltr'><strong>eum</strong></span> 
     </span>
     <span class='ocr_line' id='line_1_18' title="bbox 437 2585 1666 2672; baseline -0.001 -19"><span class='ocrx_word' id='word_1_137' title='bbox 437 2588 562 2653; x_wconf 92' lang='lat' dir='ltr'><strong>clerico</strong></span> <span class='ocrx_word' id='word_1_138' title='bbox 578 2585 721 2662; x_wconf 72' lang='lat' dir='ltr'><strong>iterabit</strong></span> <span class='ocrx_word' id='word_1_139' title='bbox 747 2587 815 2671; x_wconf 89' lang='lat' dir='ltr'><strong>ipse</strong></span> <span class='ocrx_word' id='word_1_140' title='bbox 838 2585 1045 2670; x_wconf 81' lang='lat' dir='ltr'><strong>geniculebit</strong></span> <span class='ocrx_word' id='word_1_141' title='bbox 1067 2587 1101 2650; x_wconf 90' lang='lat' dir='ltr'><strong>in</strong></span> <span class='ocrx_word' id='word_1_142' title='bbox 1125 2585 1346 2672; x_wconf 80' lang='lat' dir='ltr'><strong>suppedaneO,</strong></span> <span class='ocrx_word' id='word_1_143' title='bbox 1370 2587 1514 2653; x_wconf 86' lang='lat' dir='ltr'><strong>clericus</strong></span> <span class='ocrx_word' id='word_1_144' title='bbox 1545 2591 1666 2654; x_wconf 87' lang='lat' dir='ltr'><strong>autem</strong></span> 
     </span>
     <span class='ocr_line' id='line_1_19' title="bbox 436 2692 1420 2781; baseline -0.002 -21"><span class='ocrx_word' id='word_1_145' title='bbox 436 2693 602 2760; x_wconf 88' lang='lat' dir='ltr'><strong>amovebit</strong></span> <span class='ocrx_word' id='word_1_146' title='bbox 625 2692 809 2758; x_wconf 90' lang='lat' dir='ltr'><strong>scabellum</strong></span> <span class='ocrx_word' id='word_1_147' title='bbox 832 2694 1003 2778; x_wconf 87' lang='lat' dir='ltr'><strong>ipsumque</strong></span> <span class='ocrx_word' id='word_1_148' title='bbox 1026 2692 1154 2759; x_wconf 80' lang='lat' dir='ltr'><strong>referet</strong></span> <span class='ocrx_word' id='word_1_149' title='bbox 1179 2694 1333 2760; x_wconf 89' lang='lat' dir='ltr'><strong>ubi.erat</strong></span> <span class='ocrx_word' id='word_1_150' title='bbox 1356 2692 1373 2779; x_wconf 86' lang='lat'><em>(</em></span> <span class='ocrx_word' id='word_1_151' title='bbox 1392 2695 1420 2781; x_wconf 85' lang='lat'><strong>).</strong></span> 
     </span>
    </p>
   </div>
   <div class='ocr_carea' id='block_1_3' title="bbox 430 3011 1666 4699">
    <p class='ocr_par' dir='ltr' id='par_1_5' title="bbox 430 3011 1666 4699">
     <span class='ocr_line' id='line_1_20' title="bbox 525 3011 1666 3085; baseline 0.002 -13"><span class='ocrx_word' id='word_1_152' title='bbox 525 3017 567 3085; x_wconf 84' lang='lat' dir='ltr'><strong>(e)</strong></span> <span class='ocrx_word' id='word_1_153' title='bbox 587 3014 654 3071; x_wconf 90' lang='lat' dir='ltr'><strong>Non</strong></span> <span class='ocrx_word' id='word_1_154' title='bbox 667 3012 862 3084; x_wconf 83' lang='lat' dir='ltr'><strong>incongruum</strong></span> <span class='ocrx_word' id='word_1_155' title='bbox 876 3011 992 3069; x_wconf 83' lang='lat' dir='ltr'><strong>videtur</strong></span> <span class='ocrx_word' id='word_1_156' title='bbox 1005 3011 1061 3068; x_wconf 90' lang='lat' dir='ltr'><strong>hoc</strong></span> <span class='ocrx_word' id='word_1_157' title='bbox 1071 3013 1137 3068; x_wconf 90' lang='lat' dir='ltr'><strong>loco</strong></span> <span class='ocrx_word' id='word_1_158' title='bbox 1147 3011 1294 3070; x_wconf 87' lang='lat' dir='ltr'><strong>subiicere</strong></span> <span class='ocrx_word' id='word_1_159' title='bbox 1308 3012 1531 3070; x_wconf 88' lang='lat' dir='ltr'><strong>adnotationem</strong></span> <span class='ocrx_word' id='word_1_160' title='bbox 1542 3015 1666 3074; x_wconf 88' lang='lat' dir='ltr'><strong>erudite</strong></span> 
     </span>
     <span class='ocr_line' id='line_1_21' title="bbox 436 3100 1664 3178; baseline 0 -16"><span class='ocrx_word' id='word_1_161' title='bbox 436 3103 619 3162; x_wconf 87' lang='lat' dir='ltr'><strong>elaboratam</strong></span> <span class='ocrx_word' id='word_1_162' title='bbox 639 3101 790 3160; x_wconf 89' lang='lat' dir='ltr'><strong>Praesulis</strong></span> <span class='ocrx_word' id='word_1_163' title='bbox 809 3100 981 3160; x_wconf 88' lang='lat' dir='ltr'><strong>Gardellinii</strong></span> <span class='ocrx_word' id='word_1_164' title='bbox 1001 3101 1095 3158; x_wconf 89' lang='lat' dir='ltr'><strong>relate</strong></span> <span class='ocrx_word' id='word_1_165' title='bbox 1110 3101 1148 3158; x_wconf 93' lang='lat' dir='ltr'><strong>ad</strong></span> <span class='ocrx_word' id='word_1_166' title='bbox 1163 3101 1420 3168; x_wconf 81' lang='lat' dir='ltr'><strong>thurificationem,</strong></span> <span class='ocrx_word' id='word_1_167' title='bbox 1433 3119 1520 3178; x_wconf 90' lang='lat' dir='ltr'><strong>quem</strong></span> <span class='ocrx_word' id='word_1_168' title='bbox 1540 3103 1664 3178; x_wconf 89' lang='lat' dir='ltr'><strong>quidam</strong></span> 
     </span>
     <span class='ocr_line' id='line_1_22' title="bbox 435 3191 1665 3264; baseline 0 -13"><span class='ocrx_word' id='word_1_169' title='bbox 435 3195 616 3251; x_wconf 85' lang='lat' dir='ltr'><strong>contendunt</strong></span> <span class='ocrx_word' id='word_1_170' title='bbox 645 3191 829 3248; x_wconf 87' lang='lat' dir='ltr'><strong>tribuendam</strong></span> <span class='ocrx_word' id='word_1_171' title='bbox 861 3209 927 3248; x_wconf 90' lang='lat' dir='ltr'><strong>esse</strong></span> <span class='ocrx_word' id='word_1_172' title='bbox 956 3191 1009 3250; x_wconf 88' lang='lat' dir='ltr'><strong>SS.</strong></span> <span class='ocrx_word' id='word_1_173' title='bbox 1040 3193 1237 3248; x_wconf 80' lang='lat' dir='ltr'><strong>sacramento</strong></span> <span class='ocrx_word' id='word_1_174' title='bbox 1270 3198 1403 3264; x_wconf 90' lang='lat' dir='ltr'><strong>tempore</strong></span> <span class='ocrx_word' id='word_1_175' title='bbox 1436 3191 1665 3252; x_wconf 80' lang='lat' dir='ltr'><strong>benedictionis</strong></span> 
     </span>
     <span class='ocr_line' id='line_1_23' title="bbox 434 3282 1663 3355; baseline 0.005 -17"><span class='ocrx_word' id='word_1_176' title='bbox 434 3303 449 3338; x_wconf 74' lang='lat' dir='ltr'><strong>a</strong></span> <span class='ocrx_word' id='word_1_177' title='bbox 469 3286 573 3341; x_wconf 80' lang='lat' dir='ltr'><strong>Altera</strong></span> <span class='ocrx_word' id='word_1_178' title='bbox 591 3303 623 3340; x_wconf 88' lang='lat' dir='ltr'><strong>se</strong></span> <span class='ocrx_word' id='word_1_179' title='bbox 643 3284 731 3340; x_wconf 85' lang='lat' dir='ltr'><strong>offert</strong></span> <span class='ocrx_word' id='word_1_180' title='bbox 748 3283 932 3340; x_wconf 89' lang='lat' dir='ltr'><strong>discutienda</strong></span> <span class='ocrx_word' id='word_1_181' title='bbox 950 3283 1094 3355; x_wconf 84' lang='lat' dir='ltr'><strong>quaestio:</strong></span> <span class='ocrx_word' id='word_1_182' title='bbox 1116 3300 1184 3338; x_wconf 93' lang='lat' dir='ltr'><strong>num</strong></span> <span class='ocrx_word' id='word_1_183' title='bbox 1211 3283 1323 3341; x_wconf 82' lang='lat' dir='ltr'><strong>seilicet</strong></span> <span class='ocrx_word' id='word_1_184' title='bbox 1351 3282 1569 3352; x_wconf 81' lang='lat' dir='ltr'><strong>thuriferarius,</strong></span> <span class='ocrx_word' id='word_1_185' title='bbox 1591 3286 1663 3344; x_wconf 85' lang='lat' dir='ltr'><strong>dum</strong></span> 
     </span>
     <span class='ocr_line' id='line_1_24' title="bbox 435 3372 1664 3446; baseline 0.003 -18"><span class='ocrx_word' id='word_1_186' title='bbox 435 3393 450 3428; x_wconf 73' lang='lat' dir='ltr'><strong>a</strong></span> <span class='ocrx_word' id='word_1_187' title='bbox 471 3374 618 3432; x_wconf 86' lang='lat' dir='ltr'><strong>Sacerdos</strong></span> <span class='ocrx_word' id='word_1_188' title='bbox 630 3373 776 3430; x_wconf 85' lang='lat' dir='ltr'><strong>benedicit</strong></span> <span class='ocrx_word' id='word_1_189' title='bbox 786 3373 933 3446; x_wconf 91' lang='lat' dir='ltr'><strong>populum,</strong></span> <span class='ocrx_word' id='word_1_190' title='bbox 945 3373 1053 3428; x_wconf 83' lang='lat' dir='ltr'><strong>debeat</strong></span> <span class='ocrx_word' id='word_1_191' title='bbox 1065 3372 1220 3430; x_wconf 89' lang='lat' dir='ltr'><strong>incensare</strong></span> <span class='ocrx_word' id='word_1_192' title='bbox 1234 3373 1479 3431; x_wconf 75' lang='lat' dir='ltr'><strong>Sacramentum?</strong></span> <span class='ocrx_word' id='word_1_193' title='bbox 1493 3373 1664 3444; x_wconf 83' lang='lat' dir='ltr'><strong>Silentium,</strong></span> 
     </span>
     <span class='ocr_line' id='line_1_25' title="bbox 436 3445 1664 3537; baseline 0.007 -21"><span class='ocrx_word' id='word_1_194' title='bbox 436 3481 451 3516; x_wconf 73' lang='lat' dir='ltr'><strong>a</strong></span> <span class='ocrx_word' id='word_1_195' title='bbox 470 3463 547 3537; x_wconf 93' lang='lat' dir='ltr'><strong>quod</strong></span> <span class='ocrx_word' id='word_1_196' title='bbox 567 3471 669 3520; x_wconf 88' lang='lat' dir='ltr'><strong>tenent</strong></span> <span class='ocrx_word' id='word_1_197' title='bbox 689 3445 922 3528; x_wconf 72' lang='lat' dir='ltr'><strong>Caeremortidte</strong></span> <span class='ocrx_word' id='word_1_198' title='bbox 941 3463 1074 3524; x_wconf 83' lang='lat' dir='ltr'><strong>Ritnete.</strong></span> <span class='ocrx_word' id='word_1_199' title='bbox 1095 3464 1257 3522; x_wconf 81' lang='lat' dir='ltr'><strong>Instructio</strong></span> <span class='ocrx_word' id='word_1_200' title='bbox 1274 3465 1456 3522; x_wconf 79' lang='lat' dir='ltr'><strong>Clementiae</strong></span> <span class='ocrx_word' id='word_1_201' title='bbox 1470 3473 1500 3520; x_wconf 90' lang='lat' dir='ltr'><strong>ot</strong></span> <span class='ocrx_word' id='word_1_202' title='bbox 1517 3475 1664 3524; x_wconf 84' lang='lat' dir='ltr'><strong>auctores</strong></span> 
     </span>
     <span class='ocr_line' id='line_1_26' title="bbox 434 3550 1663 3626; baseline 0.007 -21"><span class='ocrx_word' id='word_1_203' title='bbox 434 3569 450 3605; x_wconf 73' lang='lat' dir='ltr'><strong>a</strong></span> <span class='ocrx_word' id='word_1_204' title='bbox 472 3554 534 3610; x_wconf 83' lang='lat' dir='ltr'><strong>sere</strong></span> <span class='ocrx_word' id='word_1_205' title='bbox 544 3569 655 3619; x_wconf 73' lang='lat' dir='ltr'><strong>omnes</strong></span> <span class='ocrx_word' id='word_1_206' title='bbox 665 3553 712 3626; x_wconf 87' lang='lat' dir='ltr'><strong>qui</strong></span> <span class='ocrx_word' id='word_1_207' title='bbox 726 3551 878 3625; x_wconf 88' lang='lat' dir='ltr'><strong>ceteroqui</strong></span> <span class='ocrx_word' id='word_1_208' title='bbox 888 3550 957 3607; x_wconf 90' lang='lat' dir='ltr'><strong>nibil</strong></span> <span class='ocrx_word' id='word_1_209' title='bbox 966 3551 1130 3608; x_wconf 87' lang='lat' dir='ltr'><strong>omiserunt</strong></span> <span class='ocrx_word' id='word_1_210' title='bbox 1138 3553 1175 3610; x_wconf 89' lang='lat' dir='ltr'><strong>de</strong></span> <span class='ocrx_word' id='word_1_211' title='bbox 1189 3553 1232 3618; x_wconf 89' lang='lat' dir='ltr'><strong>iis,</strong></span> <span class='ocrx_word' id='word_1_212' title='bbox 1241 3569 1318 3626; x_wconf 88' lang='lat' dir='ltr'><strong>quae</strong></span> <span class='ocrx_word' id='word_1_213' title='bbox 1331 3552 1360 3608; x_wconf 92' lang='lat' dir='ltr'><strong>in</strong></span> <span class='ocrx_word' id='word_1_214' title='bbox 1370 3569 1458 3610; x_wconf 88' lang='lat' dir='ltr'><strong>sacra</strong></span> <span class='ocrx_word' id='word_1_215' title='bbox 1467 3553 1524 3610; x_wconf 85' lang='lat' dir='ltr'><strong>bac</strong></span> <span class='ocrx_word' id='word_1_216' title='bbox 1540 3555 1663 3614; x_wconf 86' lang='lat' dir='ltr'><strong>actione</strong></span> 
     </span>
     <span class='ocr_line' id='line_1_27' title="bbox 434 3640 1664 3716; baseline 0.006 -21"><span class='ocrx_word' id='word_1_217' title='bbox 434 3659 450 3695; x_wconf 71' lang='lat' dir='ltr'><strong>a</strong></span> <span class='ocrx_word' id='word_1_218' title='bbox 470 3643 618 3700; x_wconf 87' lang='lat' dir='ltr'><strong>servanda</strong></span> <span class='ocrx_word' id='word_1_219' title='bbox 629 3651 706 3708; x_wconf 78' lang='lat' dir='ltr'><strong>sunt,</strong></span> <span class='ocrx_word' id='word_1_220' title='bbox 719 3642 805 3716; x_wconf 89' lang='lat' dir='ltr'><strong>plane</strong></span> <span class='ocrx_word' id='word_1_221' title='bbox 816 3642 942 3700; x_wconf 87' lang='lat' dir='ltr'><strong>suadent</strong></span> <span class='ocrx_word' id='word_1_222' title='bbox 951 3640 1029 3698; x_wconf 89' lang='lat' dir='ltr'><strong>hanc</strong></span> <span class='ocrx_word' id='word_1_223' title='bbox 1044 3640 1277 3700; x_wconf 85' lang='lat' dir='ltr'><strong>incensationem</strong></span> <span class='ocrx_word' id='word_1_224' title='bbox 1288 3659 1355 3701; x_wconf 89' lang='lat' dir='ltr'><strong>esse</strong></span> <span class='ocrx_word' id='word_1_225' title='bbox 1372 3643 1573 3701; x_wconf 87' lang='lat' dir='ltr'><strong>omittendam:</strong></span> <span class='ocrx_word' id='word_1_226' title='bbox 1587 3643 1664 3702; x_wconf 87' lang='lat' dir='ltr'><strong>nihi-</strong></span> 
     </span>
     <span class='ocr_line' id='line_1_28' title="bbox 432 3731 1663 3808; baseline 0.006 -25"><span class='ocrx_word' id='word_1_227' title='bbox 432 3747 448 3783; x_wconf 77' lang='lat'><strong>»</strong></span> <span class='ocrx_word' id='word_1_228' title='bbox 468 3731 593 3788; x_wconf 90' lang='lat' dir='ltr'><strong>lominus</strong></span> <span class='ocrx_word' id='word_1_229' title='bbox 609 3731 783 3789; x_wconf 82' lang='lat' dir='ltr'><strong>Ceaeterius</strong></span> <span class='ocrx_word' id='word_1_230' title='bbox 798 3731 859 3788; x_wconf 86' lang='lat' dir='ltr'><strong>t&#39;bt&#39;d</strong></span> <span class='ocrx_word' id='word_1_231' title='bbox 871 3731 991 3790; x_wconf 78' lang='lat' dir='ltr'><strong>Deerat.</strong></span> <span class='ocrx_word' id='word_1_232' title='bbox 1005 3735 1030 3787; x_wconf 88' lang='lat'><strong>7.</strong></span> <span class='ocrx_word' id='word_1_233' title='bbox 1046 3749 1073 3788; x_wconf 86' lang='lat' dir='ltr'><strong>tt.</strong></span> <span class='ocrx_word' id='word_1_234' title='bbox 1089 3736 1113 3788; x_wconf 88' lang='lat'><strong>7.</strong></span> <span class='ocrx_word' id='word_1_235' title='bbox 1128 3740 1158 3789; x_wconf 91' lang='lat' dir='ltr'><strong>et</strong></span> <span class='ocrx_word' id='word_1_236' title='bbox 1174 3733 1315 3790; x_wconf 80' lang='lat' dir='ltr'><strong>Tetamur</strong></span> <span class='ocrx_word' id='word_1_237' title='bbox 1331 3731 1461 3807; x_wconf 85' lang='lat' dir='ltr'><strong>quietim</strong></span> <span class='ocrx_word' id='word_1_238' title='bbox 1481 3731 1619 3808; x_wconf 89' lang='lat' dir='ltr'><strong>sequitur</strong></span> <span class='ocrx_word' id='word_1_239' title='bbox 1631 3733 1663 3791; x_wconf 93' lang='lat' dir='ltr'><strong>in</strong></span> 
     </span>
     <span class='ocr_line' id='line_1_29' title="bbox 432 3820 1662 3898; baseline 0.007 -25"><span class='ocrx_word' id='word_1_240' title='bbox 432 3837 448 3873; x_wconf 71' lang='lat' dir='ltr'><strong>a</strong></span> <span class='ocrx_word' id='word_1_241' title='bbox 467 3820 593 3894; x_wconf 81' lang='lat' dir='ltr'><strong>Append</strong></span> <span class='ocrx_word' id='word_1_242' title='bbox 604 3837 668 3896; x_wconf 81' lang='lat' dir='ltr'><strong>cap.</strong></span> <span class='ocrx_word' id='word_1_243' title='bbox 682 3821 822 3876; x_wconf 78' lang='lat' dir='ltr'><strong>lberto.</strong></span> <span class='ocrx_word' id='word_1_244' title='bbox 835 3837 913 3876; x_wconf 87' lang='lat' dir='ltr'><strong>num.</strong></span> <span class='ocrx_word' id='word_1_245' title='bbox 924 3825 966 3876; x_wconf 83' lang='grc'><strong>47.</strong></span> <span class='ocrx_word' id='word_1_246' title='bbox 978 3827 1007 3878; x_wconf 90' lang='lat' dir='ltr'><strong>et</strong></span> <span class='ocrx_word' id='word_1_247' title='bbox 1018 3823 1060 3876; x_wconf 82' lang='lat'><strong>48.</strong></span> <span class='ocrx_word' id='word_1_248' title='bbox 1074 3821 1176 3896; x_wconf 77' lang='lat' dir='ltr'><strong>infime</strong></span> <span class='ocrx_word' id='word_1_249' title='bbox 1186 3820 1279 3878; x_wconf 83' lang='lat' dir='ltr'><strong>innixi</strong></span> <span class='ocrx_word' id='word_1_250' title='bbox 1288 3821 1413 3895; x_wconf 91' lang='lat' dir='ltr'><strong>quodam</strong></span> <span class='ocrx_word' id='word_1_251' title='bbox 1429 3823 1570 3890; x_wconf 79' lang='lat' dir='ltr'><strong>Decreto,</strong></span> <span class='ocrx_word' id='word_1_252' title='bbox 1580 3823 1662 3898; x_wconf 91' lang='lat' dir='ltr'><strong>quod</strong></span> 
     </span>
     <span class='ocr_line' id='line_1_30' title="bbox 433 3909 1664 3972; baseline 0.008 -10"><span class='ocrx_word' id='word_1_253' title='bbox 433 3927 448 3962; x_wconf 73' lang='lat' dir='ltr'><strong>a</strong></span> <span class='ocrx_word' id='word_1_254' title='bbox 468 3910 569 3967; x_wconf 89' lang='lat' dir='ltr'><strong>dicunt</strong></span> <span class='ocrx_word' id='word_1_255' title='bbox 587 3911 700 3968; x_wconf 82' lang='lat' dir='ltr'><strong>Romae</strong></span> <span class='ocrx_word' id='word_1_256' title='bbox 718 3909 821 3967; x_wconf 83' lang='lat' dir='ltr'><strong>datum</strong></span> <span class='ocrx_word' id='word_1_257' title='bbox 837 3912 870 3967; x_wconf 88' lang='lat'><strong>16</strong></span> <span class='ocrx_word' id='word_1_258' title='bbox 887 3909 1000 3968; x_wconf 83' lang='lat' dir='ltr'><strong>Martii</strong></span> <span class='ocrx_word' id='word_1_259' title='bbox 1014 3913 1091 3968; x_wconf 78' lang='lat'><strong>1746.</strong></span> <span class='ocrx_word' id='word_1_260' title='bbox 1105 3919 1135 3967; x_wconf 87' lang='lat' dir='ltr'><strong>et</strong></span> <span class='ocrx_word' id='word_1_261' title='bbox 1144 3911 1279 3969; x_wconf 82' lang='lat' dir='ltr'><strong>Rubriae</strong></span> <span class='ocrx_word' id='word_1_262' title='bbox 1292 3909 1436 3969; x_wconf 77' lang='lat' dir='ltr'><strong>Missatia</strong></span> <span class='ocrx_word' id='word_1_263' title='bbox 1450 3910 1491 3968; x_wconf 90' lang='lat' dir='ltr'><strong>tit.</strong></span> <span class='ocrx_word' id='word_1_264' title='bbox 1508 3913 1541 3970; x_wconf 84' lang='lat'><strong>1³</strong></span> <span class='ocrx_word' id='word_1_265' title='bbox 1558 3911 1664 3972; x_wconf 74' lang='lat' dir='ltr'><strong>extae-</strong></span> 
     </span>
     <span class='ocr_line' id='line_1_31' title="bbox 432 3997 1662 4075; baseline 0.007 -23"><span class='ocrx_word' id='word_1_266' title='bbox 432 4016 448 4052; x_wconf 75' lang='lat' dir='ltr'><strong>a</strong></span> <span class='ocrx_word' id='word_1_267' title='bbox 468 4009 549 4056; x_wconf 90' lang='lat' dir='ltr'><strong>mant</strong></span> <span class='ocrx_word' id='word_1_268' title='bbox 576 3998 740 4056; x_wconf 84' lang='lat' dir='ltr'><strong>faciendam</strong></span> <span class='ocrx_word' id='word_1_269' title='bbox 768 4016 844 4065; x_wconf 89' lang='lat' dir='ltr'><strong>esse,</strong></span> <span class='ocrx_word' id='word_1_270' title='bbox 864 3997 911 4055; x_wconf 86' lang='lat' dir='ltr'><strong>vel</strong></span> <span class='ocrx_word' id='word_1_271' title='bbox 931 3998 1035 4057; x_wconf 87' lang='lat' dir='ltr'><strong>saltem</strong></span> <span class='ocrx_word' id='word_1_272' title='bbox 1054 3999 1084 4056; x_wconf 92' lang='lat' dir='ltr'><strong>in</strong></span> <span class='ocrx_word' id='word_1_273' title='bbox 1103 4000 1225 4057; x_wconf 92' lang='lat' dir='ltr'><strong>arbitrio</strong></span> <span class='ocrx_word' id='word_1_274' title='bbox 1250 4000 1383 4075; x_wconf 82' lang='lat' dir='ltr'><strong>relinqui.</strong></span> <span class='ocrx_word' id='word_1_275' title='bbox 1403 4000 1529 4059; x_wconf 85' lang='lat' dir='ltr'><strong>Videtur</strong></span> <span class='ocrx_word' id='word_1_276' title='bbox 1556 4011 1662 4061; x_wconf 67' lang='lat' dir='ltr'><strong>umen</strong></span> 
     </span>
     <span class='ocr_line' id='line_1_32' title="bbox 432 4088 1662 4162; baseline 0.007 -19"><span class='ocrx_word' id='word_1_277' title='bbox 432 4107 448 4143; x_wconf 75' lang='lat' dir='ltr'><strong>a</strong></span> <span class='ocrx_word' id='word_1_278' title='bbox 468 4090 563 4162; x_wconf 78' lang='lat' dir='ltr'><strong>magis</strong></span> <span class='ocrx_word' id='word_1_279' title='bbox 573 4105 741 4160; x_wconf 77' lang='lat' dir='ltr'><strong>congruere</strong></span> <span class='ocrx_word' id='word_1_280' title='bbox 751 4088 930 4145; x_wconf 89' lang='lat' dir='ltr'><strong>contrariam</strong></span> <span class='ocrx_word' id='word_1_281' title='bbox 940 4088 1116 4146; x_wconf 87' lang='lat' dir='ltr'><strong>sententiam</strong></span> <span class='ocrx_word' id='word_1_282' title='bbox 1127 4098 1357 4148; x_wconf 84' lang='lat' dir='ltr'><strong>consentaneam</strong></span> <span class='ocrx_word' id='word_1_283' title='bbox 1370 4090 1486 4148; x_wconf 89' lang='lat' dir='ltr'><strong>silentio</strong></span> <span class='ocrx_word' id='word_1_284' title='bbox 1497 4091 1662 4150; x_wconf 66' lang='lat' dir='ltr'><strong>&amp;eremo-</strong></span> 
     </span>
     <span class='ocr_line' id='line_1_33' title="bbox 433 4178 1657 4246; baseline 0.007 -13"><span class='ocrx_word' id='word_1_285' title='bbox 433 4198 448 4233; x_wconf 73' lang='lat' dir='ltr'><strong>a</strong></span> <span class='ocrx_word' id='word_1_286' title='bbox 468 4180 561 4246; x_wconf 86' lang='lat' dir='ltr'><strong>niulis,</strong></span> <span class='ocrx_word' id='word_1_287' title='bbox 581 4178 704 4236; x_wconf 79' lang='lat' dir='ltr'><strong>Ritualis</strong></span> <span class='ocrx_word' id='word_1_288' title='bbox 723 4186 753 4235; x_wconf 88' lang='lat' dir='ltr'><strong>et</strong></span> <span class='ocrx_word' id='word_1_289' title='bbox 772 4178 982 4235; x_wconf 84' lang='lat' dir='ltr'><strong>Instructionis</strong></span> <span class='ocrx_word' id='word_1_290' title='bbox 996 4181 1058 4238; x_wconf 91' lang='lat' dir='ltr'><strong>Cur</strong></span> <span class='ocrx_word' id='word_1_291' title='bbox 1070 4181 1148 4237; x_wconf 90' lang='lat' dir='ltr'><strong>enim</strong></span> <span class='ocrx_word' id='word_1_292' title='bbox 1168 4181 1196 4237; x_wconf 90' lang='lat' dir='ltr'><strong>in</strong></span> <span class='ocrx_word' id='word_1_293' title='bbox 1209 4180 1253 4237; x_wconf 86' lang='lat' dir='ltr'><strong>bis</strong></span> <span class='ocrx_word' id='word_1_294' title='bbox 1267 4181 1335 4238; x_wconf 88' lang='lat' dir='ltr'><strong>licet</strong></span> <span class='ocrx_word' id='word_1_295' title='bbox 1348 4191 1562 4239; x_wconf 87' lang='lat' dir='ltr'><strong>enumerentur</strong></span> <span class='ocrx_word' id='word_1_296' title='bbox 1581 4181 1657 4240; x_wconf 84' lang='lat' dir='ltr'><strong>ritus</strong></span> 
     </span>
     <span class='ocr_line' id='line_1_34' title="bbox 433 4269 1660 4346; baseline 0.007 -25"><span class='ocrx_word' id='word_1_297' title='bbox 433 4286 448 4321; x_wconf 74' lang='lat' dir='ltr'><strong>a</strong></span> <span class='ocrx_word' id='word_1_298' title='bbox 469 4277 499 4326; x_wconf 89' lang='lat' dir='ltr'><strong>et</strong></span> <span class='ocrx_word' id='word_1_299' title='bbox 516 4269 725 4326; x_wconf 86' lang='lat' dir='ltr'><strong>caeremoniae</strong></span> <span class='ocrx_word' id='word_1_300' title='bbox 744 4285 846 4324; x_wconf 89' lang='lat' dir='ltr'><strong>omnes</strong></span> <span class='ocrx_word' id='word_1_301' title='bbox 865 4269 1040 4336; x_wconf 81' lang='lat' dir='ltr'><strong>servandae,</strong></span> <span class='ocrx_word' id='word_1_302' title='bbox 1060 4271 1096 4327; x_wconf 89' lang='lat' dir='ltr'><strong>de</strong></span> <span class='ocrx_word' id='word_1_303' title='bbox 1119 4270 1174 4327; x_wconf 86' lang='lat' dir='ltr'><strong>bae</strong></span> <span class='ocrx_word' id='word_1_304' title='bbox 1191 4288 1250 4327; x_wconf 88' lang='lat' dir='ltr'><strong>una</strong></span> <span class='ocrx_word' id='word_1_305' title='bbox 1269 4289 1305 4328; x_wconf 89' lang='lat' dir='ltr'><strong>ne</strong></span> <span class='ocrx_word' id='word_1_306' title='bbox 1327 4271 1450 4328; x_wconf 86' lang='lat' dir='ltr'><strong>verbum</strong></span> <span class='ocrx_word' id='word_1_307' title='bbox 1470 4271 1589 4346; x_wconf 90' lang='lat' dir='ltr'><strong>quidem</strong></span> <span class='ocrx_word' id='word_1_308' title='bbox 1602 4271 1660 4330; x_wconf 84' lang='lat' dir='ltr'><strong>titt</strong></span> 
     </span>
     <span class='ocr_line' id='line_1_35' title="bbox 431 4358 1658 4435; baseline 0.004 -24"><span class='ocrx_word' id='word_1_309' title='bbox 431 4376 446 4411; x_wconf 73' lang='lat' dir='ltr'><strong>a</strong></span> <span class='ocrx_word' id='word_1_310' title='bbox 465 4361 533 4415; x_wconf 92' lang='lat' dir='ltr'><strong>Non</strong></span> <span class='ocrx_word' id='word_1_311' title='bbox 542 4360 601 4415; x_wconf 90' lang='lat' dir='ltr'><strong>alie</strong></span> <span class='ocrx_word' id='word_1_312' title='bbox 611 4367 657 4416; x_wconf 89' lang='lat' dir='ltr'><strong>est</strong></span> <span class='ocrx_word' id='word_1_313' title='bbox 669 4358 753 4424; x_wconf 87' lang='lat' dir='ltr'><strong>ratio,</strong></span> <span class='ocrx_word' id='word_1_314' title='bbox 764 4358 819 4414; x_wconf 88' lang='lat' dir='ltr'><strong>nisi</strong></span> <span class='ocrx_word' id='word_1_315' title='bbox 829 4358 897 4431; x_wconf 90' lang='lat' dir='ltr'><strong>quie</strong></span> <span class='ocrx_word' id='word_1_316' title='bbox 910 4359 1006 4415; x_wconf 86' lang='lat' dir='ltr'><strong>locum</strong></span> <span class='ocrx_word' id='word_1_317' title='bbox 1021 4359 1132 4417; x_wconf 87' lang='lat' dir='ltr'><strong>babere</strong></span> <span class='ocrx_word' id='word_1_318' title='bbox 1145 4361 1253 4433; x_wconf 86' lang='lat' dir='ltr'><strong>nequit.</strong></span> <span class='ocrx_word' id='word_1_319' title='bbox 1265 4361 1295 4418; x_wconf 87' lang='lat' dir='ltr'><strong>Si</strong></span> <span class='ocrx_word' id='word_1_320' title='bbox 1314 4362 1439 4435; x_wconf 88' lang='lat' dir='ltr'><strong>quaeris</strong></span> <span class='ocrx_word' id='word_1_321' title='bbox 1455 4363 1522 4418; x_wconf 83' lang='lat' dir='ltr'><strong>curi</strong></span> <span class='ocrx_word' id='word_1_322' title='bbox 1540 4361 1658 4419; x_wconf 85' lang='lat' dir='ltr'><strong>Dicam:</strong></span> 
     </span>
     <span class='ocr_line' id='line_1_36' title="bbox 433 4447 1659 4521; baseline 0.006 -20"><span class='ocrx_word' id='word_1_323' title='bbox 433 4466 448 4501; x_wconf 73' lang='lat' dir='ltr'><strong>a</strong></span> <span class='ocrx_word' id='word_1_324' title='bbox 467 4449 534 4521; x_wconf 89' lang='lat' dir='ltr'><strong>quia</strong></span> <span class='ocrx_word' id='word_1_325' title='bbox 544 4449 668 4521; x_wconf 83' lang='lat' dir='ltr'><strong>dignior,</strong></span> <span class='ocrx_word' id='word_1_326' title='bbox 677 4449 754 4506; x_wconf 86' lang='lat' dir='ltr'><strong>idest</strong></span> <span class='ocrx_word' id='word_1_327' title='bbox 766 4447 923 4515; x_wconf 88' lang='lat' dir='ltr'><strong>Sacerdos,</strong></span> <span class='ocrx_word' id='word_1_328' title='bbox 937 4449 994 4504; x_wconf 91' lang='lat' dir='ltr'><strong>iam</strong></span> <span class='ocrx_word' id='word_1_329' title='bbox 1008 4452 1235 4507; x_wconf 87' lang='lat' dir='ltr'><strong>Sacramentum</strong></span> <span class='ocrx_word' id='word_1_330' title='bbox 1257 4451 1446 4518; x_wconf 86' lang='lat' dir='ltr'><strong>thurificavit,</strong></span> <span class='ocrx_word' id='word_1_331' title='bbox 1460 4469 1517 4510; x_wconf 88' lang='lat' dir='ltr'><strong>nee</strong></span> <span class='ocrx_word' id='word_1_332' title='bbox 1532 4451 1659 4510; x_wconf 84' lang='lat' dir='ltr'><strong>interior</strong></span> 
     </span>
     <span class='ocr_line' id='line_1_37' title="bbox 430 4536 1658 4618; baseline 0.009 -28"><span class='ocrx_word' id='word_1_333' title='bbox 430 4536 553 4595; x_wconf 78' lang='lat' dir='ltr'><strong>»debet</strong></span> <span class='ocrx_word' id='word_1_334' title='bbox 576 4547 680 4612; x_wconf 88' lang='lat' dir='ltr'><strong>postea</strong></span> <span class='ocrx_word' id='word_1_335' title='bbox 702 4538 949 4598; x_wconf 85' lang='lat' dir='ltr'><strong>thurificationem</strong></span> <span class='ocrx_word' id='word_1_336' title='bbox 977 4540 1095 4597; x_wconf 88' lang='lat' dir='ltr'><strong>iterare.</strong></span> <span class='ocrx_word' id='word_1_337' title='bbox 1124 4540 1201 4597; x_wconf 91' lang='lat' dir='ltr'><strong>Dum</strong></span> <span class='ocrx_word' id='word_1_338' title='bbox 1222 4541 1406 4600; x_wconf 85' lang='lat' dir='ltr'><strong>benedicitur</strong></span> <span class='ocrx_word' id='word_1_339' title='bbox 1431 4543 1567 4616; x_wconf 90' lang='lat' dir='ltr'><strong>populus,</strong></span> <span class='ocrx_word' id='word_1_340' title='bbox 1587 4559 1658 4618; x_wconf 87' lang='lat' dir='ltr'><strong>sup·</strong></span> 
     </span>
     <span class='ocr_line' id='line_1_38' title="bbox 430 4625 1658 4699; baseline 0.011 -21"><span class='ocrx_word' id='word_1_341' title='bbox 430 4625 526 4699; x_wconf 80' lang='lat' dir='ltr'><strong>›plet</strong></span> <span class='ocrx_word' id='word_1_342' title='bbox 543 4628 624 4686; x_wconf 88' lang='lat' dir='ltr'><strong>vices</strong></span> <span class='ocrx_word' id='word_1_343' title='bbox 643 4630 755 4688; x_wconf 87' lang='lat' dir='ltr'><strong>incensi</strong></span> <span class='ocrx_word' id='word_1_344' title='bbox 774 4632 867 4688; x_wconf 87' lang='lat' dir='ltr'><strong>bonus</strong></span> <span class='ocrx_word' id='word_1_345' title='bbox 895 4630 1075 4689; x_wconf 87' lang='lat' dir='ltr'><strong>adorationis</strong></span> <span class='ocrx_word' id='word_1_346' title='bbox 1104 4630 1186 4686; x_wconf 84' lang='lat' dir='ltr'><strong>odor.</strong></span> <span class='ocrx_word' id='word_1_347' title='bbox 1216 4633 1281 4688; x_wconf 89' lang='lat' dir='ltr'><strong>Nec</strong></span> <span class='ocrx_word' id='word_1_348' title='bbox 1311 4650 1358 4690; x_wconf 91' lang='lat' dir='ltr'><strong>me</strong></span> <span class='ocrx_word' id='word_1_349' title='bbox 1388 4641 1581 4691; x_wconf 84' lang='lat' dir='ltr'><strong>commovent</strong></span> <span class='ocrx_word' id='word_1_350' title='bbox 1607 4649 1658 4691; x_wconf 81' lang='lat' dir='ltr'><strong>aa·</strong></span> 
     </span>
    </p>
   </div>
   <div class='ocr_carea' id='block_1_4' title="bbox 0 0 2092 5717">
    <p class='ocr_par' dir='ltr' id='par_1_6' title="bbox 0 0 2092 5717">
     <span class='ocr_line' id='line_1_39' title="bbox 0 0 2092 5717; baseline 0 6"><span class='ocrx_word' id='word_1_351' title='bbox 0 0 2092 5717; x_wconf 95' lang='lat' dir='ltr'><strong> </strong></span> 
     </span>
    </p>
   </div>
  </div>
 </body>
</html>
