4175 5717
521 657 585 722 112
983 678 1049 726 ma.
1074 679 1094 723 1.

522 781 593 846 123.
618 781 726 856 Quum
745 784 899 848 venerint
913 782 955 848 ad
971 783 1142 859 sacellum,
1158 785 1244 868 quod
1261 785 1429 851 innuimus
1445 783 1542 849 nulla
1556 783 1647 848 facta

430 884 673 971 genuflexione,
698 909 863 956 unacum
886 889 1095 956 Subdiacono
1117 890 1299 957 subsistent
1321 911 1342 955 a
1363 890 1472 956 latere
1499 889 1585 975 quod
1609 890 1648 955 iis

430 994 680 1070 monstrabitur,
705 1014 835 1083 semper
859 1002 987 1061 stantes
1010 1016 1050 1061 ac
1073 1003 1169 1084 tergo
1191 997 1233 1063 ad
1257 1018 1331 1062 eum
1355 998 1516 1083 parietem
1538 1016 1647 1073 verso,

431 1119 532 1186 prope
555 1121 652 1185 quem
675 1111 785 1170 erunt.

522 1207 595 1273 124.
619 1210 799 1295 Postquam
822 1213 1025 1282 clansaerit
1047 1212 1207 1289 custodia,
1231 1214 1264 1277 in
1288 1232 1354 1297 qua
1375 1213 1562 1300 expositum
1584 1231 1651 1276 ma·

431 1315 521 1382 nebit
545 1316 601 1384 SS.
627 1318 888 1396 Sacramentum,
904 1321 1059 1387 redibunt
1076 1341 1150 1386 cum
1168 1320 1374 1387 subdiacono
1389 1321 1424 1386 in
1440 1320 1581 1386 medium
1601 1338 1651 1385 sa·

433 1423 557 1488 cellum
580 1445 683 1511 prope
706 1428 901 1514 ingressum,
927 1426 1191 1513 genuflexionem
1215 1428 1379 1514 duplicem
1403 1428 1445 1492 ad
1461 1427 1517 1496 SS.
1535 1426 1652 1493 Sacra·

433 1538 579 1610 mentum
610 1532 788 1611 iterabant,
812 1541 848 1600 et
870 1535 1051 1621 procedent
1081 1533 1121 1599 ad
1156 1536 1350 1611 sacrarium,
1373 1533 1429 1600 ubi
1459 1534 1651 1599 reverentia

434 1660 507 1704 cum
533 1639 732 1707 Celebrante
756 1646 790 1707 et
812 1642 972 1708 Ministris
997 1641 1038 1707 ad
1063 1642 1202 1708 Crucem
1225 1642 1281 1707 vel
1304 1642 1345 1707 ad
1370 1642 1544 1727 imaginem
1564 1642 1653 1727 prin·

434 1747 572 1833 cipalem
604 1744 730 1824 effecta,
762 1748 964 1814 candelabra
991 1749 1168 1834 deponent,
1200 1751 1399 1836 extinguent
1427 1748 1585 1814 candelas
1616 1741 1659 1813 et

433 1854 636 1921 adiuvabunt
648 1856 828 1922 Diaconum
845 1858 878 1921 in
895 1856 1099 1922 demittenda
1113 1857 1291 1923 dalmatica
1306 1864 1340 1923 et
1356 1856 1443 1922 stola
1458 1856 1535 1921 elba
1550 1861 1651 1939 atque

434 1965 468 2027 in
491 1962 652 2028 sumenda
673 1964 762 2029 stola
785 1964 949 2030 diaconali
973 1965 1132 2040 violacea,
1156 1965 1400 2032 subdiaconum
1423 1969 1533 2029 autern
1551 1965 1584 2028 in
1601 1968 1653 2028 tu·

434 2070 556 2135 nicella
579 2070 782 2155 deponenda.

526 2176 595 2241 125.
621 2177 703 2242 Dum
728 2178 898 2263 Vesperae
922 2180 956 2243 in
979 2180 1081 2245 choro
1108 2180 1348 2255 recitabuntur,
1373 2180 1400 2243 si
1424 2198 1506 2265 opus
1536 2178 1650 2254 tuerit,

434 2289 607 2350 revertent
628 2284 670 2350 ad
693 2305 784 2351 arem
816 2288 991 2353 maximam
1015 2294 1054 2352 ut
1075 2287 1116 2353 de
1138 2288 1240 2354 abaco
1270 2292 1448 2352 amoveant
1470 2306 1535 2362 res,
1566 2304 1651 2368 quae

434 2392 474 2458 ad
508 2391 646 2457 Sacrum
676 2394 900 2480 peragendum
930 2415 1066 2462 necesse
1097 2396 1245 2470 fuerunt,
1268 2400 1303 2460 et
1325 2394 1490 2460 tobaleam
1519 2398 1650 2458 tantum

433 2500 632 2583 relinquant.

525 2607 596 2673 126.
621 2608 730 2685 Quum
764 2610 934 2694 Vesperae
965 2610 1093 2676 fuerint
1119 2631 1161 2675 ex
1193 2614 1264 2674 toto
1299 2611 1469 2687 recitatae,
1499 2606 1650 2691 acolythi

435 2717 525 2781 facta
547 2718 739 2782 reverentia
761 2715 802 2781 ad
826 2717 966 2783 Crucem
990 2717 1047 2783 vel
1070 2718 1111 2783 ad
1133 2718 1309 2803 imaginem
1330 2718 1477 2794 sacrarii,
1501 2715 1650 2781 manibus

434 2824 555 2888 iunctis
580 2843 691 2888 sacros
715 2823 886 2888 Ministros
910 2822 951 2887 ad
975 2824 1093 2889 Altare
1109 2823 1318 2909 praecedent,
1343 2823 1440 2889 etad
1463 2825 1651 2908 ingressum

434 2924 634 3016 presbyterii
658 2929 855 2995 dirimentur
878 2936 912 2995 et
935 2929 975 2995 ad
998 2932 1108 2996 latera
1124 2930 1351 2997 Ministrorum
1368 2929 1556 2996 eorumdem
1575 2948 1653 2994 con·

435 3040 563 3103 sistent:
590 3039 814 3103 reverentiam
837 3038 877 3102 ad
901 3038 1035 3105 Clarum
1060 3040 1115 3122 qui
1139 3039 1172 3102 in
1197 3039 1298 3103 choro
1321 3040 1439 3116 aderit,
1457 3037 1598 3103 efficient
1616 3045 1653 3101 et

436 3144 616 3232 procedent
639 3151 717 3210 ante
741 3145 858 3211 Altare
882 3144 1147 3231 genuflexionem
1171 3148 1211 3212 ad
1236 3147 1376 3212 Crucem
1399 3167 1474 3211 cum
1491 3146 1651 3210 Ministris

434 3260 664 3340 exsequentes.

527 3363 597 3429 127.
624 3362 706 3426 Dum
731 3360 913 3427 celebrans
937 3380 1011 3425 curn
1035 3360 1197 3426 Ministris
1220 3362 1261 3426 ad
1285 3362 1404 3427 ditare
1419 3362 1586 3446 ascendet,
1602 3370 1652 3426 at·

435 3469 573 3535 tendant
596 3489 661 3553 quo
684 3474 832 3553 tempore
848 3467 1030 3535 celebrans
1047 3468 1116 3552 ipse
1133 3468 1278 3534 elevabit
1294 3469 1442 3535 tobaleas
1459 3475 1496 3534 ut
1512 3468 1651 3556 pallium

434 3578 562 3643 Altaris
586 3597 625 3642 ac
649 3573 770 3662 tapete
783 3581 976 3642 removeant
998 3576 1038 3641 ed
1063 3576 1198 3642 tradant
1216 3577 1349 3642 clericis
1376 3578 1524 3643 sacrario
1548 3579 1651 3643 inser·

437 3685 614 3760 vientibnS,
640 3686 752 3768 quiin
776 3686 958 3751 sacrarium
984 3685 1089 3768 ipsum
1117 3686 1275 3760 referent
1300 3686 1371 3772 pari
1399 3684 1494 3750 modo
1524 3692 1652 3754 exuent

436 3792 574 3857 abacum
598 3791 739 3857 tobalea.
1294 3833 1296 3838 -

527 3901 597 3965 128.
623 3899 746 3965 Eadem
770 3899 923 3965 methodo
947 3905 1086 3965 utentur
1108 3900 1150 3966 ad
1174 3900 1302 3984 reliqua
1331 3899 1453 3965 altaria
1476 3902 1509 3965 in
1532 3900 1649 3985 quibus

435 4011 496 4075 nisi
522 4011 585 4074 erit
608 4008 746 4093 pallium
768 4013 803 4073 et
825 4011 985 4092 tapetum,
1009 4006 1241 4074 celebrantem
1265 4013 1300 4072 et
1323 4006 1491 4074 Ministros
1517 4007 1651 4074 adiuva·

434 4118 573 4182 bumm
596 4115 763 4181 Altarium
786 4111 1016 4181 denudatione

527 4224 598 4288 129.
624 4223 849 4289 Transeuntes
868 4227 945 4287 ante
969 4222 1088 4287 Altera
1111 4223 1144 4287 in
1168 4240 1234 4304 quo
1256 4224 1299 4288 sit
1321 4222 1378 4289 SS.
1399 4222 1650 4290 Sacramentum

437 4333 622 4417 expositum
646 4330 911 4417 genuflexionem
935 4332 1097 4417 duplicem
1121 4353 1196 4396 cum
1213 4332 1413 4399 Celebrante
1435 4340 1469 4399 et
1489 4334 1650 4400 Ministria

438 4447 675 4523 exsequentur.

526 4547 597 4611 130.
624 4549 702 4612 Post
725 4547 881 4613 altarium
906 4548 1160 4615 denudationem
1185 4553 1339 4617 redibunt
1361 4553 1403 4617 ad
1426 4553 1528 4617 Aram
1547 4556 1650 4618 maxi-
