4175 5717
524 707 588 771 334
986 724 1052 773 nm.
1078 726 1099 771 1.
1191 701 1194 710 '

477 935 635 995 MONITA
655 938 733 995 PRO
753 937 873 995 MlssA
894 936 1070 996 PRIVATA
1089 935 1325 1004 QUIBUSDAM
1346 937 1443 994 ANNI
1462 935 1619 994 DIEBUS.

920 1244 1063 1312 CAPUT
1088 1245 1164 1312 XX.

437 1401 540 1554 lIn
574 1478 749 1544 ferialibus
783 1478 1064 1564 Quadragesimae
1099 1479 1219 1554 Missis
1244 1476 1439 1562 quibusdam
1468 1475 1584 1543 diebus
1622 1478 1658 1542 in

434 1583 498 1649 fine
523 1586 666 1651 Tractus
691 1588 909 1660 recitaturi.
934 1586 1075 1652 Adiuoo
1105 1605 1171 1652 nos
1200 1585 1297 1653 Deus
1327 1585 1497 1652 salutans
1521 1591 1657 1652 noster.

433 1693 524 1759 Haec
548 1693 660 1760 dicens
685 1694 867 1760 celebrans
890 1714 1007 1760 manus
1032 1699 1189 1760 extensas
1205 1692 1316 1759 Alteri
1340 1694 1497 1779 imponet,
1509 1697 1544 1757 et
1563 1711 1657 1778 genu

435 1807 565 1866 tantum
589 1801 767 1867 dexterum
789 1800 911 1868 flectet.

519 1908 550 1974 2.
576 1910 611 1973 ln
636 1910 745 1975 Missis
768 1909 873 1975 leriae
897 1915 1035 1994 quartae
1067 1915 1101 1975 et
1132 1908 1259 1975 sabbati
1292 1915 1436 1993 quatuor
1466 1913 1656 1995 temporum

434 2018 582 2101 exceptis
607 2016 675 2082 illis
698 2017 739 2082 de
762 2017 972 2094 Pentecoste,
988 2016 1112 2082 dicitur
1128 2017 1328 2084 Flectomus
1344 2035 1465 2102 penna
1480 2020 1555 2103 post
1574 2013 1659 2083 Ore·

434 2144 514 2190 ocus
537 2130 616 2189 ante
641 2125 809 2190 orationes
834 2144 918 2209 quae
942 2125 1105 2190 lectiones
1129 2123 1343 2211 praecedunt.
1369 2122 1551 2191 Celebrans
1566 2127 1659 2209 post·

435 2251 531 2315 quam
555 2230 679 2296 dixerit
706 2230 863 2308 oremus,
881 2237 919 2298 ut
941 2252 1042 2318 supra
1066 2231 1246 2297 indicatum
1270 2237 1330 2307 est,
1354 2251 1471 2296 manus
1495 2235 1657 2297 extensas

433 2339 543 2404 Altari
578 2340 733 2424 imponet,
767 2337 1035 2425 genuflexionem
1065 2337 1186 2405 efficiet
1220 2359 1308 2424 genu
1340 2338 1481 2404 dextero
1511 2342 1655 2415 tantum,

391 2427 398 2436 ’
433 2446 521 2511 dicet
545 2446 745 2514 Flectuntur
765 2453 901 2532 penca,
920 2452 954 2512 et
981 2466 1185 2533 responsoa
1207 2447 1360 2512 ministro
1383 2438 1519 2522 Leonte,
1543 2464 1659 2512 assur

432 2560 499 2640 get,
518 2553 735 2638 manibusque
758 2557 882 2641 apertis
906 2556 1074 2621 orationes
1098 2544 1321 2641 praescriptas
1334 2555 1427 2640 leget
1441 2559 1520 2620 ante
1539 2553 1658 2621 lectio·

433 2682 492 2728 nes
516 2664 669 2748 superius
693 2664 887 2730 nominatas.
912 2665 985 2732 Hoc
1008 2665 1114 2751 ipsum
1144 2663 1245 2729 faciet
1276 2669 1420 2748 quatuor
1450 2663 1656 2750 temporibus

432 2773 649 2837 Pentecostes
674 2771 780 2836 relate
804 2771 844 2836 ad
872 2770 1020 2840 Oremus
1042 2777 1077 2838 et
1100 2773 1277 2848 orationes,
1303 2776 1381 2837 ante
1413 2791 1494 2856 quas
1522 2772 1656 2838 omittet

435 2878 636 2947 Flectuntur
656 2898 787 2964 penno,
813 2884 850 2945 ut
873 2879 997 2945 dictum
1021 2886 1081 2956 est,
1095 2880 1252 2966 temporis
1275 2879 1441 2966 paschalis
1465 2899 1594 2958 caussa,
1619 2881 1656 2946 in

436 2985 522 3069 quod
545 2986 706 3052 incidunt.

524 3096 554 3160 3.
583 3096 619 3158 ln
644 3094 912 3181 Quadragesima
938 3116 1038 3180 quum
1063 3094 1255 3162 celebratur
1278 3095 1381 3161 Missa
1403 3094 1443 3160 de
1466 3094 1561 3174 feris,
1578 3100 1657 3182 post

433 3204 603 3269 orationes
621 3203 913 3280 Poslcommunio,
931 3203 1041 3268 altera
1057 3208 1108 3269 est
1124 3204 1330 3290 praescripta
1346 3222 1457 3286 super
1468 3207 1655 3288 populum.

436 3311 599 3386 Quocirca
622 3286 850 3396 posteaquam'
864 3311 1045 3376 Celebrans
1078 3312 1271 3377 recitaverit
1299 3312 1437 3397 primam
1468 3313 1655 3380 orationem

435 3439 510 3483 cum
534 3418 759 3490 conclusione.
785 3418 902 3484 deindo
927 3418 1074 3502 reliquas
1098 3418 1180 3484 duas
1205 3425 1238 3484 et
1262 3421 1397 3506 insuper
1420 3440 1495 3484 cum
1518 3421 1656 3488 conclu-

434 3526 528 3589 sione
553 3525 707 3610 ipsarum,
724 3527 852 3612 aperiet
875 3545 992 3591 manus
1020 3532 1054 3590 et
1082 3528 1196 3612 iunget
1219 3527 1332 3592 dicens
1363 3527 1510 3594 cremor
1538 3527 1654 3634 podem

436 3631 531 3697 modo
547 3652 586 3697 ac
603 3653 712 3718 supra,
730 3633 831 3700 stabit
854 3635 976 3699 iunctis
1000 3634 1160 3710 manibus,
1174 3639 1209 3698 et
1224 3636 1332 3720 capite
1355 3634 1516 3714 inclinato
1532 3655 1654 3702 versus

433 3739 555 3805 librum
580 3740 668 3806 dicet
692 3740 883 3808 Hersiliam
906 3743 1023 3825 capito
1046 3749 1163 3809 oestro
1186 3743 1269 3817 Deo,
1294 3748 1329 3808 et
1352 3762 1470 3808 rursus
1502 3744 1654 3812 manibus

432 3855 510 3913 ante
544 3853 659 3933 pectus
695 3851 819 3933 apertis
854 3848 941 3915 dicet
971 3852 1165 3927 orationem,
1194 3870 1291 3935 quam
1326 3871 1401 3916 cum
1436 3849 1654 3920 conclusione

434 3956 586 4022 absolvet
611 3955 669 4043 (o).

501 4191 543 4261 (u)
565 4189 690 4247 Referre
710 4176 790 4248 iuvat
809 4193 903 4249 verba
924 4193 1062 4250 rubricae
1081 4192 1137 4249 Rit.
1152 4193 1267 4258 Colcbr.
1282 4191 1404 4249 Missam
1419 4192 1459 4248 tit.
1472 4193 1524 4250 xl.
1534 4211 1614 4250 num.
1626 4201 1653 4252 2.

434 4303 448 4334 ι
468 4283 499 4337 ln
519 4282 755 4352 Quadragosimn
774 4291 871 4339 autom
891 4301 909 4338 n
929 4284 1004 4339 foria
1022 4284 1071 4339 lV.
1087 4284 1226 4342 Cinorum
1247 4299 1338 4357 usquc
1358 4283 1517 4339 ssd-seriam
1532 4285 1573 4341 IV
1586 4301 1652 4342 ma·

323 4423 325 4427 ,
431 4369 501 4426 ioris
519 4372 732 4438 hebdomadae,
753 4373 781 4428 in
801 4373 895 4429 feriali
916 4373 1012 4428 officio
1038 4381 1190 4446 postquam
1217 4372 1379 4430 celebrans
1404 4372 1476 4429 dixit
1500 4373 1652 4431 orationes

431 4461 758 4531 postcommunionem
778 4480 845 4520 cum
864 4462 926 4518 suis
944 4462 1036 4518 solitis
1056 4461 1302 4526 conclusionibus,
1316 4471 1473 4534 antequam
1493 4461 1572 4519 dicat
1590 4464 1653 4521 Do·

432 4550 528 4605 ocinus
549 4553 705 4614 nobiscum.
727 4560 808 4608 stans
827 4553 855 4608 in
875 4552 979 4608 eodem
999 4553 1065 4608 loco
1084 4559 1153 4609 ante
1173 4551 1278 4607 librum
1298 4551 1375 4616 dicit,
1392 4552 1528 4616 Oremns,
1543 4554 1653 4612 Humi-

435 4640 504 4696 liolc
524 4641 624 4714 cupita
642 4645 749 4700 Vestro
762 4645 836 4702 Dco.
857 4653 945 4716 caput
965 4643 1108 4699 inclinans
1136 4651 1165 4700 et
1190 4642 1320 4700 extensis
1344 4642 1478 4700 manibus
1502 4643 1652 4717 subiungit

434 4728 543 4785 eadem
565 4748 638 4788 uoco
661 4733 832 4790 Orationem
854 4750 943 4808 super
960 4735 1098 4808 populum
1121 4733 1227 4791 ibidem
1248 4733 1379 4806 positam:
1400 4751 1456 4809 qua
1475 4732 1557 4793 finita
1570 4740 1626 4793 etc.
1640 4754 1657 4788 n
