4175 5717
613 681 678 749 336
1074 704 1139 750 nra.
1165 705 1185 750 1.

532 815 566 874 et
588 827 707 892 aquam
731 809 765 872 in
789 825 864 873 eum
888 807 1051 884 infundet,
1076 815 1115 874 ut
1137 811 1387 896 praescribitur,
1412 830 1477 876 non
1501 829 1582 876 vero
1604 810 1750 900 deponet

534 935 608 981 eum
624 915 658 980 in
675 914 797 990 Altari,
810 914 868 980 sed
884 915 1051 981 elevatum
1067 917 1203 982 sinistra
1225 919 1409 984 sustinebit.
1435 919 1613 1004 Postquam
1629 919 1746 984 vinum

532 1029 566 1089 at
590 1043 708 1106 aquam
732 1021 900 1100 infuderit,
924 1043 999 1088 eum
1021 1021 1247 1110 purificatorio
1270 1045 1336 1090 non
1359 1031 1523 1112 exterget,
1547 1025 1605 1094 sed
1627 1027 1655 1092 si
1679 1045 1748 1112 qua

534 1134 630 1216 gutta
653 1130 867 1196 interioribus
883 1131 954 1196 eius
972 1130 1119 1217 partibus
1143 1130 1355 1208 adhaesisset,
1373 1132 1511 1198 calicem
1535 1133 1657 1200 leviter
1671 1133 1750 1220 agi-

531 1237 622 1313 tabit,
635 1243 674 1302 ut
696 1242 812 1322 guttae
834 1237 915 1302 illae
938 1257 1013 1302 cum
1037 1239 1115 1302 vino
1139 1239 1348 1315 misceantur,
1365 1245 1435 1304 tum
1452 1239 1590 1306 calicem
1605 1244 1750 1328 reponet

532 1365 632 1431 super
666 1344 790 1430 pallam
825 1344 881 1409 vel
915 1365 1017 1430 super
1051 1345 1235 1431 corporale,
1260 1352 1299 1411 ut
1331 1352 1440 1423 antea,
1467 1355 1501 1412 et
1534 1348 1568 1412 in
1602 1345 1750 1413 medium

532 1451 652 1518 redibit
681 1451 722 1516 ad
753 1451 974 1536 peragendam
1008 1451 1123 1517 calicis
1157 1451 1368 1518 oblationem.
1400 1453 1548 1538 Denique
1570 1453 1626 1520 vel
1649 1459 1752 1518 tran-

532 1561 621 1624 siens
645 1565 724 1623 ante
747 1558 876 1634 Altare,
901 1558 956 1623 vel
980 1559 1097 1623 Missas
1121 1560 1290 1646 incipiens,
1315 1559 1444 1626 nullam
1466 1559 1567 1626 faciet
1593 1555 1752 1646 genufle-

532 1669 675 1743 xionem,
700 1667 828 1730 etiamsi
851 1671 925 1751 post
948 1667 1086 1752 primam
1116 1672 1151 1731 et
1180 1666 1321 1732 alteram
1353 1668 1487 1734 Missam
1515 1685 1692 1752 superesse
1713 1667 1752 1732 in

532 1775 637 1841 calice
661 1775 766 1860 possit
788 1793 990 1860 perparvum
1012 1774 1146 1858 aliquod
1171 1774 1338 1840 residuum
1361 1776 1545 1860 specierum
1568 1775 1636 1840 vini
1664 1793 1752 1840 oon-

532 1883 666 1947 seerati.
685 1883 778 1946 Tunc
794 1887 924 1946 tantum
941 1879 1153 1968 genuflectet,
1166 1887 1342 1966 antequam
1359 1881 1554 1947 exordiatur
1568 1879 1753 1948 secundam
1786 1947 1788 1952 .

533 1997 567 2055 et
590 1989 729 2055 tertiam
754 1989 899 2067 Missam,
924 1991 951 2055 si
975 1991 1008 2055 in
1032 1989 1142 2055 Alteri
1165 1990 1392 2056 asservabitur
1416 1989 1472 2056 SS.
1496 1989 1753 2057 Sacramentum

532 2100 620 2163 intra
642 2097 905 2162 tabernaculum.

620 2207 650 2270 7.
676 2205 710 2272 Si
745 2205 859 2291 vigilia
889 2206 1078 2272 Natiuitatis
1109 2207 1239 2272 Domini
1274 2209 1308 2271 in
1343 2206 1545 2272 Dominicam
1578 2204 1755 2282 incideret,

534 2320 669 2400 praeter
686 2315 1029 2379 commemorationem
1046 2314 1236 2380 Dominicae
1252 2315 1427 2401 propriam,
1440 2313 1606 2379 omittitur
1621 2315 1756 2380 tractus

537 2427 572 2487 et
595 2423 757 2488 recitatur
787 2420 965 2498 Graduale;
998 2422 1076 2486 item
1107 2422 1140 2485 in
1173 2422 1274 2486 Missa
1303 2420 1343 2486 de
1372 2419 1428 2487 SS.
1454 2419 1690 2486 innocentibus
1718 2425 1755 2486 et

533 2531 567 2594 in
590 2529 674 2594 aliis.

620 2637 651 2700 8.
679 2635 787 2711 Quum
819 2634 1007 2701 Sacerdotis
1037 2635 1081 2698 sit
1111 2635 1245 2700 Missale
1275 2619 1474 2720 praeparare
1504 2653 1544 2700 ao
1574 2633 1754 2721 disponere

534 2746 723 2831 priusquam
740 2744 833 2810 lavet
848 2763 964 2809 manus
980 2749 1015 2808 et
1033 2749 1227 2829 paramenta
1243 2743 1303 2809 sibi
1316 2743 1441 2820 induat,
1455 2744 1636 2810 omittimus
1652 2743 1755 2810 huius

535 2853 583 2916 rei
607 2870 753 2927 monere,
779 2850 938 2934 siquidem
961 2869 1028 2915 non
1052 2855 1104 2915 est
1127 2849 1324 2916 dubitationi
1348 2850 1454 2927 locus,
1467 2851 1545 2934 quin
1569 2850 1657 2916 omni
1680 2853 1756 2914 uta·

538 2967 594 3026 tur
618 2961 802 3025 attentione
829 2979 868 3024 ac
894 2958 1077 3045 diligentia.
1107 2957 1226 3023 Cetera
1253 2959 1386 3024 silentio
1412 2957 1642 3043 praeterimus,
1666 2975 1752 3042 quae

539 3070 593 3134 vel
618 3070 729 3134 facilia
752 3070 838 3135 scitu
862 3074 950 3146 sunt,
975 3068 1030 3134 rel
1054 3068 1188 3134 aliunde
1212 3067 1293 3133 disci
1316 3072 1463 3152 possunt.

556 3431 607 3487 DE
634 3430 752 3486 Missa
774 3427 949 3485 PRIVATA
968 3426 1076 3484 ANTE
1096 3427 1148 3482 SS.
1163 3423 1470 3484 SACRAMENTUM
1490 3419 1733 3480 EXPOSITUM.

1106 3553 1183 3564 -n—

1015 3770 1160 3837 CAPUT
1185 3770 1275 3835 XXI.

541 4049 568 4112 l.
583 3967 788 4119 Profecto
813 4044 845 4106 in
870 4041 1035 4118 Altari‚in
1060 4060 1124 4126 quo
1147 4039 1255 4126 palam
1272 4039 1456 4124 expositum
1481 4043 1533 4103 est
1556 4036 1613 4104 SS.
1631 4037 1757 4104 Sacra-

539 4159 696 4230 mentum,
722 4152 832 4226 Missa,
859 4171 902 4215 ex
926 4150 1154 4234 antiquissima
1178 4148 1349 4213 Ecclesiae
1376 4146 1559 4234 disciplina,
1584 4164 1756 4231 nunquam

539 4268 627 4326 esset
651 4258 859 4335 celebranda,
885 4257 971 4341 quod
994 4263 1086 4321 vetat.
1110 4258 1207 4321 etiam
1237 4255 1485 4320 caeremoniale
1516 4255 1757 4340 Episcoporum

540 4368 595 4432 lib.
624 4371 650 4432 l.
680 4387 749 4453 cap.
783 4366 831 4430 12.
861 4386 949 4429 num.
974 4365 1004 4429 9.
1038 4364 1071 4428 Si
1104 4384 1168 4448 qua
1205 4369 1314 4427 tamen
1345 4363 1385 4427 de
1416 4382 1534 4426 caussa
1556 4360 1759 4426 celebranda

543 4481 639 4551 esset,
664 4477 758 4551 ritus,
784 4494 880 4558 quem
903 4472 1103 4557 descripturi
1127 4491 1248 4546 sumus,
1274 4470 1473 4537 servabitur.

627 4583 656 4645 2.
685 4583 865 4648 celebrans
890 4580 944 4645 ubi
969 4579 1099 4643 venerit
1122 4585 1199 4644 ante
1225 4577 1350 4652 altare,
1365 4578 1396 4640 in
1423 4575 1523 4666 plano
1546 4573 1679 4660 deteget
1704 4594 1758 4640 ca-
1799 4623 1802 4628 -
