4175 5717
566 777 586 811 ἱ
975 741 1040 788 ure.
1066 741 1086 787 r.

605 879 766 928 assensu
789 871 869 918 nee
893 847 1104 934 respondebit
1120 847 1311 915 celebranti
1328 849 1397 918 Sed
1414 849 1523 918 libera
1537 847 1645 920 nota

582 987 695 1048 ...agno
718 979 845 1026 usuum
867 953 1096 1020 obsculabitur
1118 947 1206 1022 dum
1219 963 1373 1044 patenam
1396 959 1464 1054 ipsi¹
1479 957 1592 1026 tradet
1607 957 1646 1026 et

519 1111 541 1146 .,
559 1093 689 1140 .:·,·.··urn
714 1073 746 1132 'tn
770 1063 877 1130 Alteri
900 1062 1060 1127 demittet.
1461 1073 1464 1082 '

525 1199 563 1250 r:
599 1187 705 1258 uiuum
729 1171 908 1240 Celebrans
935 1189 970 1234 se
984 1177 1116 1255 patena
1130 1171 1283 1256 signabit,
1298 1172 1465 1239 ·Diaconus
1481 1171 1573 1260 palla
1588 1171 1646 1240 de·

448 1323 517 1372 sps:
548 1291 698 1360 istarum:
722 1285 755 1344 ot
778 1273 1043 1362 genuflexionem
1059 1267 1142 1343 ¹c'um
1168 1279 1366 1346 Celebrante
1390 1278 1519 1346 efficiet
1553 1297 1555 1304 ·

520 1403 569 1460 os,
599 1395 676 1458 Post
701 1385 782 1452 Poe·
803 1383 947 1450 Domini
968 1391 1031 1450 eto.
1057 1385 1269 1471 respondebit
1300 1388 1462 1470 submissa
1492 1407 1575 1454 voce
1598 1385 1646 1456 ln

444 1533 510 1576 ,Μ
536 1501 661 1586 spriritu
685 1501 753 1566 troo,
778 1489 924 1558 Calicem
953 1511 1071 1558 rursus
1105 1493 1198 1579 palla
1228 1496 1406 1580 cooperiet,
1441 1491 1646 1562 cambele-

433 1627 468 1678 r„-
480 1631 548 1678 uns
571 1599 773 1692 porrulleotet
793 1597 835 1663 ad
860 1597 1121 1678 Sacramentum,
1135 1585 1276 1685 cumque
1292 1622 1331 1667 eo
1349 1601 1503 1668 recitabit
1517 1601 1646 1689 Annaea

436 1725 493 1790 :tri
515 1729 577 1782 ,sa
595 1707 743 1798 paullum
766 1706 946 1772 inclinatus
970 1713 1004 1773 et
1028 1715 1143 1792 pectus
1167 1711 1368 1795 percutiens.

514 1823 568 1886 m.
593 1815 745 1882 Recitato
767 1813 894 1898 Appos
916 1815 983 1881 Dei
1002 1817 1104 1880 tertia
1134 1818 1216 1894 vice,
1247 1817 1319 1882 sine
1350 1811 1584 1902 genuflexione
1611 1815 1646 1880 in

431 1925 639 2016 suppedaneo
663 1920 835 1986 submittet
858 1941 967 2007 genua
993 1943 1014 1986 a
1043 1921 1192 1990 dexteris
1224 1923 1444 1989 Oelebrantis:
1480 1925 1645 2008 assurget,

429 2032 636 2104 osculabitur
660 2027 788 2105 Altare,
813 2030 891 2112 quin
917 2031 1166 2117 superimponat
1197 2033 1323 2108 manus,
1349 2049 1384 2094 se
1407 2033 1582 2096 convertet
1605 2027 1648 2094 ad

431 2141 673 2210 celebrantem,
697 2135 792 2219 eique
815 2139 904 2222 pacis
921 2138 1073 2202 osculum
1090 2138 1262 2223 praebenti
1279 2137 1490 2225 respondebit
1504 2135 1551 2204 Ei
1564 2155 1647 2204 oum

429 2248 558 2336 spiritu
581 2263 656 2320 suo,
680 2262 863 2328 manusque
887 2246 1016 2310 interea
1042 2251 1205 2331 supponet
1226 2245 1355 2312 ¹cubitis
1390 2245 1502 2322 illius·
1527 2241 1647 2310 faciem

429 2375 522 2423 suam
545 2345 724 2418 admovens
758 2349 799 2415 ad
832 2350 1040 2418 Celebrantis
1071 2352 1189 2418 faeiem
1219 2353 1468 2430 sinistrorsum,¹
1492 2371 1533 2417 ac
1566 2367 1649 2438 pace

428 2459 821 2548 acceptanoverentiam
844 2458 895 2523 illi
919 2460 1030 2525 faciet.

518 2567 583 2634 9⁵:
596 2567 678 2632 Post
700 2565 783 2632 haec
798 2563 1010 2652 genuflectet,
1032 2586 1068 2634 se
1084 2572 1260 2633 convertet
1274 2553 1498 2642 dextrorsum,
1515 2551 1652 2632 descen·

431 2677 486 2744 det
509 2674 550 2740 de
573 2671 782 2759 suppedaneo
805 2671 944 2758 gradum
968 2694 1081 2750 unum,
1105 2694 1220 2760 pacem
1235 2675 1327 2741 dabit
1343 2675 1559 2752 Subdiacouo,
1576 2679 1651 2740 rna-

432 2803 495 2850 nus
518 2782 571 2847 illi
594 2782 765 2867 imponens
796 2781 943 2847 humeris
966 2787 1001 2847 et
1030 2781 1144 2848 dicens
1174 2763 1259 2850 Pac-¹
1289 2791 1412 2851 tecum.
1443 2783 1531 2848 Pace
1561 2779 1650 2860 data,

433 2890 642 2957 reverebitur
672 2889 788 2975 ipsum,
812 2888 1014 2954 conscendet
1037 2889 1282 2976 suppedaneum
1313 2889 1354 2955 ad
1389 2891 1558 2956 sinistram
1589 2887 1655 2956 -ce-

434 2999 606 3074 lebrantis,
631 2993 834 3082 genuflectet
857 3003 891 3060 et
913 2996 1073 3062 subsistet
1102 2997 1142 3060 ad
1166 2997 1315 3064 Missale·
1333 3003 1371 3063 ut
1399 2996 1480 3063 folia
1515 2995 1655 3062 evolvat

435 3113 468 3173 et
492 3109 656 3172 monstret
679 3103 871 3170 celebranti
895 3123 979 3188 quae
1002 3103 1175 3170 recitanda
1190 3110 1299 3172 erunt.
1318 3101 1655 3172 Genufleotente'ile-

433 3213 595 3288 lebr'anta
620 3217 654 3277 et
677 3213 745 3297 ipse
769 3209 1034 3296 genuflexionem
1060 3212 1189 3280 efficiet.

522 3320 576 3385 96.
601 3319 652 3385 Ad
676 3320 894 3405 sumptionem
916 3319 1053 3386 Hostiae
1080 3327 1115 3386 et
1140 3321 1267 3388 ¹Calicis
1298 3321 1523 3398 inclinabitur,
1553 3339 1595 3387 aa
1624 3319 1655 3384 si

437 3425 495 3492 liet
525 3425 727 3503 communio,
762 3433 921 3511 sequetur
956 3426 1156 3494 documenta
1186 3429 1339 3506 relativa,
1381 3447 1465 3514 quae
1494 3428 1656 3516 'deinceps

434 3533 614 3600 trademus.
1174 3539 1178 3558 ¹

449 3651 452 3656 '
516 3643 576 3708 ·97.
595 3643 709 3720 'Quum
733 3625 961 3710 Subdiaconus
991 3643 1184 3710 celebranti
1210 3643 1412 3711 ablutionem
1444 3641 1656 3722 ministrabit,

436 3751 601 3816 Diaconus
625 3751 707 3815 folia
730 3751 864 3817 evolvet
887 3750 1032 3816 Missalis
1056 3750 1097 3816 ad
1121 3753 1250 3836 signum
1274 3751 1404 3828 Missae,
1432 3771 1517 3836 quae
1540 3751 1659 3818 incidit

437 3861 470 3924 in
495 3879 566 3924 eam
591 3858 686 3923 diem.
1319 3877 1322 3888 ·
1369 3879 1371 3884 ·
1564 3875 1566 3882 ·
1632 3877 1635 3888 ·

526 3967 580 4033 98.
605 3967 786 4062 Ablutione
808 3987 828 4032 a
852 3965 1059 4032 Subdiaoono
1082 3967 1278 4045 ministrata,
1303 3967 1343 4032 ab
1370 3985 1476 4052 eoque
1498 3965 1658 4054 ampullis

438 4075 703 4144 Gaeremoniario
726 4074 782 4139 vel
805 4073 964 4160 acolytho
992 4065 1136 4151 ¹traditis,
1161 4081 1268 4141 sumet
1295 4073 1445 4140 Missale·
1461 4063 1543 4140 oum
1561 4073 1658 4160 legili

439 4201 498 4250 seu
522 4185 666 4258 cussino,
684 4187 902 4264 convertetur
919 4183 1157 4262 sinistrorsum,
1170 4182 1349 4249 descendet
1371 4181 1412 4248 de'
1435 4171 1670 4268 suppednrreo,¹

440 4279 642 4378 genuflectet
664 4295 699 4359 in
723 4292 828 4357 medio
852 4292 964 4357 Alteri
987 4311 1088 4377 super
1118 4291 1224 4377 gradu
1255 4292 1428 4378 superiori,
1453 4289 1661 4356 conscendet

441 4403 695 4486 suppedaneum,
720 4401 855 4468 Missale
878 4421 953 4466 cum
976 4402 1110 4465 cussino
1133 4401 1188 4466 rel
1212 4401 1305 4486 legili
1333 4419 1433 4486 super
1456 4398 1662 4464 Altare-im·

441 4517 540 4593 ponet
556 4530 575 4574 a
589 4531 694 4577 cornu
712 4509 891 4596 Epistolae‚
911 4497 1125 4574 dextrorsum
1142 4513 1368 4584 convertetur,
1385 4507 1425 4574 de
1443 4505 1661 4592 'suppedaneo

442 4617 619 4685 descendet
641 4626 675 4686 et
700 4620 732 4683 in
756 4617 861 4705 gradu
885 4617 1049 4702 superiori
1072 4616 1228 4683 subsistet
1250 4616 1292 4682 ad
1316 4616 1433 4681 Altera
1460 4629 1661 4682 conversus.
