4175 5717
529 729 568 793 16
981 745 1049 792 116.
1075 745 1110 793 11.

429 854 650 920 constitutum
672 852 735 918 sibi
757 852 870 918 locum
898 851 1066 930 recedent,
1091 852 1145 918 ubi
1168 853 1410 938 geniculabunt
1440 853 1660 938 quemadmo-

433 961 512 1026 dum
535 967 570 1026 et
591 961 727 1026 chorus.
1145 951 1149 962 ’
1408 1021 1417 1044 ,

521 1068 570 1134 13.
595 1069 677 1134 Post
699 1069 884 1133 orationem
908 1066 1110 1153 praedictam
1135 1066 1317 1134 celebrans
1346 1087 1421 1132 cum
1453 1067 1661 1155 pluvialistis

430 1176 471 1242 ad
494 1183 613 1242 nutum
637 1175 894 1243 Gaeremoniarii
909 1179 1126 1261 consurgent,
1147 1175 1357 1242 reiterabunt
1373 1178 1598 1242 reverentiam
1613 1175 1658 1242 ad

433 1284 583 1360 Crucem,
607 1282 726 1348 deinde
750 1282 948 1349 salutabunt
971 1288 1006 1348 et
1029 1283 1168 1348 chorum
1191 1285 1297 1370 primo
1321 1303 1364 1348 ex
1387 1289 1481 1369 parte
1506 1286 1660 1370 opposita
1746 1357 1748 1362 ,

431 1392 530 1469 161611
556 1410 620 1475 quo
644 1391 771 1456 sedebit
800 1389 990 1466 Celebrans,
1016 1389 1136 1457 deinde
1160 1410 1203 1455 cx
1226 1389 1346 1455 altera.

523 1499 573 1563 14.
598 1497 779 1564 celebrans
803 1504 920 1584 perget
947 1497 988 1563 ad
1019 1517 1191 1564 scamnum
1217 1497 1365 1562 inlatus
1394 1497 1575 1584 Epistolse,
1598 1503 1663 1564 aut

432 1604 472 1670 ad
496 1605 634 1689 primam
659 1604 769 1670 sedem
793 1624 853 1669 seu
877 1604 1016 1669 stallum
1040 1605 1145 1683 chori,
1162 1605 1218 1671 ubi
1237 1623 1419 1691 parumper
1434 1604 1570 1671 sedebit·
1587 1611 1662 1672 tum
1716 1589 1722 1596 ¹

433 1715 537 1780 ceteri
567 1731 697 1797 quoqne
728 1714 784 1796 qui
806 1714 840 1777 11
864 1713 968 1778 choro
998 1711 1154 1790 aderunt,
1186 1711 1414 1778 considebunt.
1438 1712 1661 1780 Pluvinlisiae

435 1820 655 1886 remanebunt
677 1821 711 1884 in
735 1820 835 1906 plano
858 1821 952 1886 chori
976 1827 1057 1886 ante
1080 1819 1323 1898 celebrantem,
1344 1827 1502 1886 caventes
1526 1839 1569 1888 ne
1591 1826 1663 1886 ten·

434 1948 512 2013 gum
535 1933 736 1994 convertant
758 1926 800 1992 ad
823 1926 952 2004 111616
977 1927 1064 2012 quod
1088 1929 1116 1993 si
1140 1927 1259 1994 Altare
1283 1947 1418 1993 versum
1442 1933 1531 1994 esset
1545 1926 1588 1994 ad
1604 1947 1663 2015 po·

435 2036 551 2122 pulum
566 2041 601 2099 st
616 2033 799 2100 celebrans
815 2034 949 2102 sederet
964 2035 1070 2101 ferme
1087 2035 1264 2102 adversum
1280 2035 1368 2102 istud
1386 2054 1488 2121 prope
1504 2035 1662 2122 Episcopi

436 2144 603 2218 thronum,
635 2141 849 2228 pluvialistae
879 2142 1081 2208 dirimentur
1112 2145 1145 2208 in
1176 2143 1270 2208 chori
1301 2144 1411 2229 plano,
1440 2163 1476 2209 se
1505 2143 1661 2210 locantes

435 2250 549 2316 eadem
573 2249 753 2344 directione
777 2269 852 2315 cum
875 2249 1037 2316 lateribus
1062 2249 1282 2327 Caletranus,
1302 2270 1343 2317 16
1359 2251 1517 2317 humeros
1539 2249 1582 2317 ad
1601 2249 1663 2318 hl-

437 2366 511 2424 tare
534 2362 744 2424 convertant.

527 2465 577 2530 15.
602 2465 766 2531 innuente
790 2463 1061 2532 (16616116116116
1087 2464 1269 2532 celebrans
1288 2471 1444 2550 assurget
1465 2485 1506 2532 ac
1528 2473 1663 2534 secreto

440 2573 593 2640 recitabit
617 2572 726 2640 Pater
747 2579 868 2642 1161161·
890 2579 925 2639 61
949 2573 1176 2640 Α66Μ6116.
1201 2573 1236 2640 ld
1260 2575 1366 2660 ipsum
1389 2573 1514 2640 facient
1539 2573 1664 2660 reliqui

439 2681 479 2747 de
503 2681 615 2756 choro,
641 2680 696 2763 qui
720 2680 819 2744 simul
842 2699 917 2745 cum
942 2679 1142 2747 Celebrante
1166 2686 1382 2766 consurgent.

529 2788 578 2854 16.
603 2788 684 2853 Post
706 2788 790 2854 haec
813 2788 1100 2854 (166161161161116
1132 2788 1278 2854 elevabit
1306 2787 1466 2854 fimbriam
1487 2788 1664 2856 dexteram

438 2896 595 2982 pluvialis
620 2893 837 2970 celebrantis,
861 2896 917 2978 qui
940 2915 977 2960 se
1001 2897 1137 2981 signans
1160 2895 1309 2961 cantabit
1331 2896 1428 2964 Deus
1451 2898 1489 2964 in
1518 2897 1664 2966 adiuto-

440 3005 537 3068 1111111
553 3021 669 3069 mecm
684 3003 835 3079 intende,
853 3007 888 3066 et
902 3002 1026 3068 chorus
1044 3002 1247 3090 respondens
1264 3009 1484 3090 prosequetur
1504 3004 1665 3084 Domine.

442 3113 489 3176 611
514 3111 758 3177 adiuvandum
781 3116 843 3175 etc.
871 3110 1034 3175 inclusive
1058 3110 1099 3175 ad
1123 3117 1230 3175 totum
1257 3110 1377 3178 Gtomo
1395 3113 1499 3180 Patri
1513 3133 1588 3180 cum
1605 3113 1668 3182 At

441 3219 556 3293 letoio,
581 3218 636 3282 161
660 3218 758 3284 Laus
783 3217 851 3294 tibi,
875 3218 1033 3293 Domine,
1057 3239 1117 3303 pro
1141 3227 1328 3304 temporum
1352 3219 1523 3302 qualitate.

533 3326 581 3389 17.
607 3325 674 3390 Sub
698 3324 795 3390 (11611
820 3325 979 3391 versiculi
1003 3325 1102 3393 Siout
1126 3333 1213 3402 erat,
1231 3325 1320 3391 alter
1337 3346 1379 3390 ex
1396 3326 1573 3411 praedictis
1592 3328 1669 3415 plu-

442 3433 592 3508 vialistis,
617 3433 709 3498 16616
732 3433 773 3498 ad
797 3432 916 3498 Altare
934 3435 1134 3510 reverentia,
1151 3434 1426 3521 appropinquabit
1440 3454 1514 3500 cum
1539 3434 1669 3502 (16616-Ι

446 3542 605 3606 moniario
628 3539 670 3605 ad
694 3539 935 3617 Celebrantem,
960 3547 995 3606 et
1017 3541 1182 3627 completo
1206 3548 1306 3607 cantu
1330 3541 1475 3608 eiusdem
1505 3543 1670 3610 versiculi

440 3650 654 3735 antiphonam
671 3647 723 3713 illi
746 3651 926 3736 praecinet.
952 3648 1133 3714 Celebrans
1157 3649 1320 3714 intonabit
1344 3651 1482 3735 primam
1504 3649 1667 3737 antipho-
1745 3667 1750 3674 ·

442 3776 517 3820 nam
533 3756 646 3821 eodem
662 3763 742 3821 tono
758 3776 822 3841 quo
839 3758 899 3842 ipsi
915 3756 1018 3821 fuerit
1034 3758 1275 3842 praeintonata.
1293 3756 1503 3845 Antiphonae
1526 3765 1667 3826 cantum

442 3870 663 3951 prosequetur
686 3864 819 3929 chorus.

532 3972 583 4036 18.
609 3972 764 4036 intonata
786 3991 807 4035 a
830 3970 1029 4036 Celebrante
1052 3972 1234 4058 antiphona
1256 3961 1469 4058 pluvialistae
1491 3972 1582 4040 facta
1610 3973 1667 4042 illi

443 4081 633 4146 1616161116
654 4078 836 4165 procedent
858 4085 936 4144 6116
959 4079 1079 4145 Altare
1103 4081 1158 4145 ubi
1181 4081 1329 4146 salutata
1345 4080 1453 4148 Gruce
1469 4101 1544 4148 cum
1559 4101 1668 4167 genn·

443 4186 595 4263 flexione,
621 4192 761 4272 pergent
784 4185 824 4251 ad
849 4205 1018 4251 scamnum
1043 4186 1280 4272 supradictum,
1297 4207 1358 4275 pro
1374 4188 1451 4274 ipsis
1467 4195 1669 4275 apparatum

443 4296 550 4381 ibique
575 4296 768 4360 consistent.

535 4404 582 4467 19.
608 4401 675 4468 Sub
699 4400 796 4466 finem
820 4406 973 4466 66116166
997 4403 1196 4488 antiphonae
1220 4411 1375 4469 cantores
1397 4403 1463 4469 dno
1483 4403 1666 4492 superpel-

443 4510 527 4576 liceo
551 4509 656 4575 induti
680 4507 861 4594 procedent
883 4509 917 4572 in
940 4508 1082 4574 medium
1098 4510 1247 4588 chorum,
1265 4511 1408 4577 6616616
1426 4507 1665 4597 genuflexione

447 4618 586 4700 primum
611 4616 772 4701 psalmum
798 4615 1005 4692 intonabunt,
1030 4623 1064 4683 61.
1087 4618 1198 4682 statim
1222 4638 1261 4683 ac
1285 4639 1418 4684 versum
1443 4620 1584 4704 primum
1604 4637 1665 4686 ce-
