4175 5717
517 735 583 804 296
972 750 1037 804 nra.
1064 747 1099 802 11.

429 867 605 954 peculiaris
628 865 721 930 illius
744 862 915 941 ecclesiae,
941 865 974 928 in
997 883 1062 948 qna
1085 861 1142 929 fiet
1166 865 1339 949 expositio;
1364 861 1398 930 in
1421 855 1507 931 feria
1530 867 1655 950 quarta

430 978 596 1052 Cinerum,
620 977 654 1040 in
677 975 769 1040 feriis
791 972 946 1048 secunda,
971 973 1071 1038 tertia
1095 977 1128 1038 et
1152 979 1272 1074 quarta
1301 971 1435 1044 maioris
1467 971 1655 1038 hebdoma-

429 1085 499 1162 dae;
524 1085 558 1149 in
582 1090 652 1149 tota
675 1090 793 1148 octava
815 1081 989 1146 Paschatis
1013 1087 1048 1146 et
1071 1073 1295 1156 P'entecostes
1319 1081 1353 1145 in
1378 1079 1498 1166 vigiliis
1523 1079 1656 1146 Natalis

429 1194 556 1258 Domini
581 1199 615 1256 et
638 1193 852 1256 Pentecostes
868 1197 902 1254 et
917 1191 950 1252 in
967 1194 1037 1253 tota
1054 1195 1173 1253 octava
1189 1188 1404 1273 Epiphaniae.
1422 1189 1522 1254 Hisce
1539 1189 1655 1274 itaque

429 1303 542 1367 diebus
566 1299 792 1365 celebrabitur
816 1297 918 1362 Missa
939 1295 980 1361 de
1004 1293 1121 1372 officie,
1147 1294 1232 1379 quod
1257 1293 1294 1361 fit
1316 1297 1350 1360 in
1374 1295 1436 1373 die,
1463 1316 1502 1362 ac
1518 1301 1655 1362 tantum

431 1411 555 1497 primae
578 1409 719 1473 orationi
743 1405 864 1470 Missae
886 1404 1088 1490 adiungetur
1121 1405 1228 1468 oratio
1259 1423 1318 1469 sen
1353 1403 1563 1472 Sacramenti
1593 1425 1657 1472 seu

431 1537 491 1604 pro
515 1518 602 1582 Pace
625 1515 685 1581 sub
716 1515 814 1578 unica
844 1512 1058 1578 conclusione
1090 1512 1250 1577 orationis
1281 1511 1481 1597 praedictae.
1513 1513 1658 1580 Dicetur

435 1625 556 1692 Glom'a
580 1630 613 1690 et
639 1621 760 1698 Crede,
785 1619 840 1686 vel
865 1621 964 1685 etiam
987 1620 1162 1684 omittetur
1186 1620 1281 1685 iuxta
1305 1620 1405 1685 ritum
1430 1621 1565 1688 Missae:
1601 1619 1658 1688 di-

431 1740 551 1799 centur
574 1751 640 1798 una
662 1730 820 1816 pluresve
843 1729 1012 1794 orationes
1036 1727 1132 1792 iuxta
1155 1725 1305 1792 eumdem
1329 1729 1441 1807 ritum;
1477 1729 1656 1796 Praefatio

432 1844 595 1923 congruet
617 1857 691 1902 cum
715 1837 783 1901 ritu
806 1835 927 1900 Missae
949 1841 1050 1918 atque
1066 1835 1113 1900 ita
1129 1835 1283 1900 ultimum
1301 1835 1534 1922 Evangelium,
1551 1856 1657 1921 quum

432 1949 495 2012 hoc
519 1965 598 2010 casu
622 1942 834 2010 statuendum
857 1943 902 2006 sit
925 1941 1132 2028 principium,
1157 1942 1243 2026 quod
1267 1942 1397 2009 nullam
1430 1945 1561 2030 patitur
1591 1963 1659 2010 ex-

431 2055 624 2139 ceptionem,
649 2070 765 2136 nempe
788 2069 888 2133 quum
912 2051 1075 2135 expositio
1099 2051 1142 2115 sit
1166 2049 1294 2115 functio
1319 2053 1440 2128 votiva,
1457 2070 1545 2135 quae
1569 2051 1658 2116 nihil

432 2179 603 2226 commune
627 2158 727 2224 babet
750 2177 825 2222 cum
849 2153 965 2233 officio,
990 2157 1159 2222 immutari
1181 2177 1243 2222 nec
1265 2163 1375 2242 potest
1399 2177 1460 2223 nec
1483 2157 1585 2226 debet
1614 2161 1659 2224 ri·

431 2275 486 2333 tus
509 2267 639 2340 Missae,
664 2267 698 2330 in
722 2283 787 2348 qua
808 2263 1010 2348 adiungetur
1025 2270 1154 2330 tantum
1171 2268 1437 2331 commemoratio
1453 2285 1531 2332 cnm
1547 2269 1658 2354 prima

432 2376 592 2451 oratione,
618 2379 655 2440 ut
677 2372 831 2457 superius
852 2371 1006 2436 innatum
1029 2377 1090 2436 est.

523 2483 594 2546 110.
619 2480 829 2566 Quapropter
850 2477 1032 2543 notandum
1056 2499 1185 2562 quoque
1209 2479 1294 2545 illud
1311 2481 1469 2560 occurrit,
1488 2481 1580 2566 quod
1599 2503 1659 2552 ao-

431 2589 576 2656 nandum
599 2589 732 2672 organis
756 2606 822 2651 non
845 2591 906 2662 est,
930 2587 957 2650 si
982 2587 1066 2651 ritus
1091 2585 1122 2650 id
1139 2592 1240 2662 vetat,
1259 2586 1345 2672 quod
1362 2587 1552 2656 adhibenda
1574 2599 1660 2658 sunt

431 2703 624 2783 paramenta
647 2694 741 2760 rubri
764 2693 896 2770 coloris,
920 2698 1114 2778 paramenta
1142 2695 1303 2772 violacea,
1327 2695 1483 2781 planetae
1507 2697 1659 2784 plicatae

431 2811 494 2869 etc.
518 2822 557 2867 ac
582 2799 711 2885 reliqua
734 2802 852 2876 omnia,
877 2819 961 2884 quae
984 2803 1069 2866 ritus
1095 2801 1215 2867 Missae
1240 2804 1391 2885 requirit
1409 2801 1536 2870 Eodem
1557 2803 1658 2880 modo

432 2910 613 2977 Celebrans
636 2907 855 2994 processionis
879 2925 997 2971 caussa
1019 2907 1179 2973 induetur
1202 2907 1345 2992 pluviali
1369 2908 1456 2994 quod
1486 2919 1661 2998 congruat

432 3039 507 3083 cum
530 3016 643 3082 colore
667 3013 773 3091 officii,
798 3019 939 3100 excepto
964 3015 1041 3080 velo
1064 3014 1232 3080 humerali
1256 3017 1289 3080 in
1313 3019 1528 3102 processione
1544 3025 1582 3086 et
1597 3019 1659 3088 be·

433 3124 619 3190 nedictione
641 3121 840 3196 adhibendo,
864 3120 950 3206 quod
973 3122 1097 3188 coloris
1120 3122 1189 3188 albi
1213 3143 1343 3210 semper
1366 3125 1441 3191 erit.
1466 3125 1505 3190 In
1522 3127 1659 3196 casibus

433 3231 608 3318 praedictis
632 3230 804 3295 sonabitur
827 3231 960 3313 organis
985 3235 1115 3295 tantum
1140 3229 1381 3308 iniunctione,
1406 3231 1491 3299 idest
1514 3234 1572 3302 ubi
1594 3235 1660 3303 Sa-

432 3360 525 3407 crum
549 3345 721 3424 peractum
745 3339 820 3402 erit.

523 3447 593 3510 lll.
618 3447 714 3511 Iuvat
737 3445 878 3530 denique
909 3465 1056 3522 monere,
1092 3445 1178 3529 quod
1211 3448 1242 3510 in
1275 3447 1371 3514 festis
1402 3447 1659 3518 Purificationis

326 3585 330 3593 ·
433 3554 599 3632 cinerum,
624 3553 817 3618 Palmarum
842 3555 933 3619 etin
956 3552 1186 3619 benedictione
1216 3553 1319 3621 fontis
1350 3557 1385 3620 in
1404 3557 1533 3642 ¹uigilia
1562 3559 1660 3626 Pen-

433 3667 576 3728 tecostes
599 3661 720 3746 poterit
743 3660 871 3726 iunctio
895 3659 969 3725 fieri
993 3661 1026 3724 in
1050 3661 1116 3726 alio
1141 3660 1252 3726 Altari
1275 3662 1316 3728 ab
1341 3665 1560 3750 expositionis
1592 3667 1660 3734 Al-

432 3771 497 3834 tari
520 3773 659 3843 remoto,
683 3769 710 3832 si
733 3768 843 3852 ampla
866 3769 932 3833 erit
955 3768 1108 3846 ecclesia,
1134 3769 1191 3835 sed
1214 3770 1398 3836 omittenda
1420 3791 1562 3857 prorsus
1592 3777 1660 3842 erit

433 3876 605 3940 Processio
629 3872 844 3939 candelarum
867 3876 937 3939 sive
961 3874 1155 3940 Palmarum
1184 3883 1323 3963 propter
1354 3877 1658 3963 perturbationem,

432 4002 530 4067 quam
553 3981 786 4056 haecfunctio
809 3977 945 4047 afferret
967 3981 1152 4048 adorationi
1178 3982 1235 4049 SS.
1253 3983 1482 4052 -Sacramenti,

523 4088 594 4155 112.
618 4089 652 4153 Si
676 4089 819 4153 ecclesia
841 4088 946 4154 suerit
969 4091 1101 4174 exigua,
1127 4093 1325 4157 omittentur
1341 4093 1441 4158 etiam
1461 4093 1656 4180 praedictae
1737 4170 1739 4182 ¹

432 4197 686 4262 benedictiones.
715 4195 751 4260 ld
783 4196 927 4282 intelligi
960 4199 1115 4265 volumus
1146 4203 1277 4264 tantuin
1307 4201 1335 4264 si
1366 4203 1554 4286 expositum
1589 4205 1656 4270 erit

433 4303 488 4369 SS.
514 4304 773 4380 Sacramentum
799 4306 934 4369 sienim
966 4314 1153 4392 exponetur
1185 4314 1259 4391 post
1290 4327 1405 4373 aarum
1440 4309 1651 4376 functionum

432 4409 574 4488 Missam,
599 4411 806 4498 peragendae
829 4421 930 4478 erunt
952 4420 1051 4480 antea
1075 4415 1273 4490 functiones,
1299 4435 1380 4500 quas
1404 4416 1587 4484 innuimus.

979 4643 1106 4661 m
