4175 5717
520 661 563 726 28
979 679 1044 730 tm.
1069 675 1091 730 1.

521 785 593 852 153.
618 786 803 872 consurget
832 792 942 853 autem
973 807 1073 872 quum
1103 787 1231 853 dicetur
1257 788 1367 857 Pater
1387 794 1507 855 noster
1527 793 1570 854 'at
1595 775 1637 851 ad

433 894 593 959 lectiones
617 894 742 959 sedebit
764 914 868 978 usque
890 892 931 959 ad
953 896 1191 961 intonationem
1213 895 1330 981 psalmi
1346 896 1555 972 Benedictus
1576 893 1637 959 sub

433 1002 560 1066 exitum
583 999 741 1066 handum.

522 1107 594 1172 154.
618 1108 748 1174 Rursus
764 1108 945 1174 censidebit
959 1109 1001 1174 ad
1018 1111 1246 1195 repetitionem
1269 1111 1468 1196 antiphonae
1488 1115 1562 1196 post
1576 1109 1639 1175 Be-

432 1216 600 1292 aedictum
631 1216 748 1282 deinde
778 1236 887 1302 genua
915 1215 1027 1283 1166161
1057 1238 1156 1302 quum
1187 1217 1336 1284 canenda
1364 1220 1430 1284 erit
1458 1217 1638 1303 antiphona

437 1322 597 1390 Christus
617 1327 735 1408 fartus
753 1331 809 1398 ,est
831 1332 893 1390 eto.
918 1345 1022 1410 usque
1045 1325 1086 1390 ad
1110 1323 1206 1391 finem
1232 1324 1338 1391 officii.

693 1540 724 1615 §.
753 1539 801 1601 14.
826 1537 931 1606 Faria
962 1539 997 1603 V.
1021 1541 1059 1605 in
1086 1539 1199 1606 Coena
1222 1539 1370 1607 Domini.

519 1752 591 1817 155.
616 1753 667 1818 Ad
683 1754 789 1820 Horas
805 1756 947 1819 minores
959 1754 1077 1819 horum
1090 1755 1191 1819 trium
1206 1753 1333 1819 dierum
1346 1753 1463 1830 Pater,
1476 1754 1548 1820 Ave
1559 1759 1637 1819 ante

431 1880 557 1925 omnem
581 1861 706 1939 horam,
724 1869 758 1928 et
776 1863 887 1930 Credo
902 1869 979 1929 ante
995 1862 1111 1927 horam
1128 1862 1271 1926 Primam
1287 1861 1492 1939 recitabitur,
1510 1860 1637 1927 stando.

521 1968 592 2033 156.
616 1959 667 2034 hd
691 1972 785 2055 primi
817 1971 934 2057 psalmi
956 1972 1195 2036 intonationem
1217 1969 1441 2036 considebitur
1472 1967 1637 2054 usquead

432 2076 576 2139 omnium
598 2075 800 2162 psalmorum
823 2076 930 2144 finem.

521 2182 593 2247 157.
617 2182 668 2248 Ad
691 2168 902 2269 antiphonam
931 2183 1092 2251 Obrutus
1113 2186 1231 2268 factus
1255 2190 1305 2250 est
1328 2189 1391 2249 etc.
1416 2202 1518 2267 usque
1540 2181 1581 2246 ad
1597 2180 1638 2247 11-

431 2309 504 2354 nem
529 2291 671 2356 stabitur
694 2291 861 2357 submissis
884 2291 1032 2376 genibus.

520 2399 591 2463 158.
615 2400 652 2463 In
676 2398 776 2464 Missa
791 2399 930 2464 solemni
946 2399 1177 2465 observabitur
1194 2400 1279 2464 ritus
1296 2399 1518 2485 praescriptus
1536 2416 1639 2481 usque

429 2504 470 2569 ad
495 2505 773 2572 communionem.
1095 2570 1097 2573 ,

522 2614 592 2679 159.
616 2614 696 2679 Post
719 2616 936 2700 sumptionem
953 2612 1074 2679 Galicis
1091 2633 1156 2679 non
1180 2613 1305 2680 sedebit
1321 2614 1448 2690 Glerus,
1465 2613 1522 2679 sed
1537 2612 1638 2678 stabit

431 2716 565 2804 pedibus
588 2741 690 2805 usque
721 2720 881 2786 adfinem
907 2727 1059 2807 respectu
1088 2719 1144 2787 88.
1174 2721 1377 2786 Sacramenti
1401 2741 1500 2806 super
1529 2720 1638 2786 altare

431 2830 582 2912 expositi.
1504 2885 1507 2889 .

520 2936 591 3000 160.
617 2936 794 3001 Submittet
816 2954 925 3019 genua
941 2956 1040 3019 quum
1068 2936 1258 3012 celebrans,
1276 2934 1410 2999 indutus
1434 2936 1570 3020 pluviali
1589 2957 1639 3000 re-

429 3041 511 3106 dibit
533 3051 610 3107 ante
634 3044 751 3108 Altare
775 3045 1006 3135 incensaturus
1031 3043 1086 3108 SS.
1113 3043 1372 3117 Sacramentum
1391 3053 1458 3107 tum
1488 3042 1542 3107 fiet
1566 3064 1640 3128 pro·

431 3151 545 3213 cessio,

519 3258 590 3321 161.
617 3258 652 3321 ln
676 3258 800 3323 sacello
828 3260 860 3322 in
884 3279 948 3342 quo
976 3264 1162 3342 exponetur
1195 3257 1250 3322 88.
1281 3257 1541 3332 Sacramentum,
1567 3256 1640 3321 cle-

430 3383 487 3427 rus
513 3364 655 3429 manebit.
677 3363 772 3430 flexis
798 3365 944 3450 genibus,
969 3364 1073 3429 donec
1089 3364 1265 3429 claudetur
1280 3362 1439 3436 custodia,
1464 3371 1494 3427 et
1521 3362 1639 3427 redibit

429 3470 468 3533 ad
493 3469 610 3536 Altare
635 3474 825 3536 inanimum.

520 3579 590 3643 162.
616 3580 652 3643 ln
676 3581 822 3664 vesperis
846 3579 946 3644 stabit
968 3577 1103 3664 pedibus
1127 3578 1204 3643 dum
1224 3577 1346 3642 dicitur
1369 3578 1479 3643 Pater
1500 3584 1533 3640 et
1556 3578 1638 3645 Are.

430 3685 562 3750 Sedebit
595 3687 634 3751 ab
670 3689 872 3752 intonatione
907 3688 1000 3771 primi
1035 3687 1151 3770 psalmi
1185 3706 1287 3768 nsque
1322 3685 1362 3748 ad
1399 3687 1637 3749 intonationem

432 3794 647 3880 Mopnifioot.

519 3901 591 3965 163.
617 3900 723 3965 Stabit
744 3898 880 3984 pedibus
903 3920 1003 3984 quum
1027 3900 1223 3965 recitabitur
1244 3899 1407 3963 canticum
1433 3897 1637 3982 praedictum

431 4014 463 4071 et
488 4013 658 4092 repetetur
681 4007 872 4091 antiphona.

520 4114 590 4177 164.
614 4112 665 4176 nd
680 4113 892 4196 antiphonam
919 4113 1080 4180 Christus
1094 4116 1211 4197 fuctus
1235 4118 1365 4178 estete.
1390 4112 1559 4176 submittet
1580 4131 1635 4194 ge·
1681 4162 1683 4167 .

432 4240 496 4283 nna
518 4239 622 4302 usque
645 4218 684 4283 ad
709 4220 834 4283 exitum
859 4220 1096 4304 Vesperarum.

521 4327 591 4391 165.
616 4327 726 4391 Donec
749 4326 915 4390 altarium
936 4325 1114 4391 denudatio
1138 4325 1203 4399 tiet,
1228 4325 1328 4390 stabit
1351 4325 1497 4411 pedihus.

519 4434 591 4497 166.
616 4434 667 4498 Ad
690 4430 909 4508 Mandatum,
927 4434 954 4498 si
970 4432 1126 4517 disposita
1149 4440 1248 4497 erunt
1264 4432 1423 4498 subsellia
1446 4432 1537 4499 Cleri
1554 4451 1640 4496 com·

430 4539 586 4616 meditati,
611 4539 792 4605 considebit
815 4542 848 4603 in
871 4539 1054 4604 actionibus
1073 4540 1205 4604 Diaccni
1230 4541 1263 4602 in
1290 4541 1572 4624 praeparationem
1596 4537 1663 4602 ad·

434 4648 649 4729 Euangeiium
673 4646 863 4710 canendum.
