4175 5717
517 743 582 806 230
977 761 1043 808 ma.
1068 763 1103 808 11.

432 866 631 935 Celebrante
662 887 737 934 oum
769 867 931 934 Ministris
953 868 995 934 ad
1018 866 1139 932 Altare
1169 867 1210 932 ad
1241 867 1375 932 Missam
1406 865 1655 944 celebranm

431 994 497 1038 non
522 980 573 1039 ost
595 975 758 1061 pulsanda
781 975 980 1060 campanula
1008 977 1156 1040 sacrarii.

519 1082 573 1147 31.
598 1082 649 1148 Ad
674 1084 913 1148 intonationem
930 1083 1046 1168 hymni
1067 1083 1239 1150 Gmriain
1255 1083 1406 1152 cacabis
1428 1083 1659 1168 pulsabuntur

430 1209 565 1275 organa,
589 1210 769 1277 campanae
792 1190 955 1256 ecclesiae
979 1199 1010 1255 et
1036 1191 1253 1276 campanulae
1276 1191 1431 1256 adfores
1456 1191 1608 1256 sacrarii.

517 1297 571 1362 32.
595 1295 647 1361 Ad
670 1297 893 1381 Evangelium
916 1298 1102 1363 canendum
1125 1297 1288 1384 Acolytbi
1310 1319 1377 1363 non
1400 1294 1544 1364 afferent
1571 1317 1659 1364 can·

430 1405 567 1471 ‹lelabra
590 1424 666 1468 cum
689 1404 838 1470 candelis
860 1407 1020 1480 accensis,
1045 1405 1102 1471 sed
1125 1407 1248 1471 iunctis
1272 1407 1423 1472 manibus
1446 1407 1619 1474 assistent.

518 1513 571 1578 33.
595 1512 642 1577 De
674 1511 804 1596 reliquo
833 1513 1067 1579 observabitur
1095 1515 1179 1580 ritus
1208 1533 1269 1599 pro
1304 1515 1415 1580 Missis
1446 1513 1659 1582 solemnibus

431 1622 666 1708 praescriptus.

518 1728 571 1793 34.
597 1728 634 1792 ln
657 1728 808 1792 ecclesiis
831 1729 925 1793 fonte
941 1728 1129 1814 baptismali
1145 1729 1346 1805 carentibus,
1367 1729 1481 1796 eadem
1499 1727 1559 1796 flet
1582 1729 1662 1796 fun·

431 1838 508 1912 ctio,
533 1839 675 1921 excepta
704 1841 835 1901 tantum
868 1836 1099 1903 benedictione
1129 1837 1231 1904 fontis
1266 1843 1300 1904 et
1331 1837 1482 1923 baptismi
1511 1837 1662 1904 admini-

432 1945 605 2010 stratione.

521 2052 654 2118 Montis
676 2051 818 2136 repaire.
843 2051 896 2116 An
919 2058 1120 2119 occurrente
1143 2054 1259 2138 vigilia
1275 2055 1504 2132 Pentecosles,
1526 2055 1668 2120 cantari

434 2161 538 2245 possit
562 2161 662 2224 Missa
685 2161 780 2224 iuxta
803 2161 904 2225 ritum
927 2179 988 2244 pro
1012 2160 1122 2226 Missis
1146 2163 1285 2246 privatis
1309 2162 1566 2248 praescriptum,
1585 2181 1663 2228 cum

432 2269 571 2332 introitu
599 2267 687 2334 Cum
703 2267 942 2354 sanctificatas
956 2268 1087 2351 suero?
1104 2268 1135 2334 S.
1154 2268 1193 2334 ll.
1212 2267 1245 2334 G.
1264 2289 1350 2355 resp.
1366 2270 1539 2354 aepattoe.
1551 2270 1664 2340 tuma

433 2375 608 2442 mbricaa.
633 2375 691 2442 Die
713 2375 758 2440 23
781 2375 956 2442 Februarii
982 2376 1077 2442 1839.

978 2519 1108 2535 ῃ

786 2699 839 2756 DE
857 2699 986 2758 FESTO
1006 2698 1292 2758 PENTECOSTES

889 3007 1032 3076 cnPUT
1056 3008 1200 3074 XXXII.

439 3247 465 3310 l.
573 3247 705 3310 uoniam
727 3245 811 3311 haec
834 3247 933 3310 etiam
958 3243 1152 3308 solemnitas
1186 3263 1203 3308 e
1238 3243 1424 3328 praecipuis
1454 3249 1521 3320 est,
1550 3245 1598 3312 ad
1623 3245 1672 3312 di-

435 3355 584 3438 gniorem
610 3354 701 3421 Glori
725 3359 854 3441 spectat
877 3352 1018 3417 officium
1044 3371 1214 3437 peragere.

520 3462 552 3525 2.
578 3463 710 3526 Primae
733 3461 903 3546 Vesperae
927 3462 995 3526 ritu
1018 3461 1173 3543 superius
1196 3458 1362 3543 descripto
1379 3457 1666 3526 celebrabuntur.

433 3568 615 3632 notandum
639 3575 779 3642 tantum,
804 3567 891 3653 quod
914 3566 955 3632 ad
980 3568 1220 3632 intonationem
1251 3565 1366 3652 hymni
1399 3563 1487 3632 Veni
1516 3575 1669 3636 creator

435 3676 600 3759 Spiritus
625 3695 738 3741 ornnes
760 3677 794 3741 in
817 3695 928 3759 genua
951 3673 1179 3760 procumbent,
1205 3673 1353 3758 exceptis
1385 3671 1580 3758 acolythis,
1607 3676 1665 3760 qui

435 3805 495 3850 suo
518 3784 594 3848 loco
618 3784 755 3850 stabunt
777 3789 855 3849 ante
880 3782 1125 3850 Celebrant-em.
1153 3780 1334 3847 Golobrans
1357 3785 1470 3846 autem
1495 3785 1595 3848 stans
1618 3783 1668 3848 in·

433 3892 562 3957 tonabit.
584 3893 745 3977 hymnum
769 3898 803 3958 et
826 3892 938 3958 statim
961 3889 1167 3976 geniculabit
1190 3909 1255 3972 quo
1271 3888 1346 3954 loco
1371 3889 1446 3964 erit,
1463 3907 1588 3976 nempe
1604 3899 1667 3958 aut

435 4001 468 4063 in
491 3999 597 4083 primo
620 3999 713 4064 chori
739 3997 841 4064 stallo
864 3999 979 4064 autin
1013 4015 1147 4062 scamno
1172 4016 1192 4062 a
1216 3996 1323 4062 latere
1351 3995 1524 4081 Epistolae
1539 4049 1541 4054 .
1559 4017 1666 4085 prope

435 4108 564 4172 Altare.
591 4107 624 4173 Si
649 4127 820 4172 scamnum
843 4107 907 4172 hoc
930 4105 1038 4171 aderit
1072 4125 1131 4192 pro
1166 4104 1376 4180 celebrante,
1401 4105 1666 4190 praeparabitur

434 4216 601 4301 pulvinus,
627 4216 659 4278 in
684 4235 749 4298 quo
765 4217 834 4300 ipse
850 4215 954 4300 possit
970 4233 1079 4298 genua
1096 4213 1303 4279 submittere.
1323 4211 1453 4290 Clerus,
1476 4211 1665 4280 celebrans

435 4329 467 4387 ol
485 4323 699 4407 pluvialistac
711 4321 907 4407 perstabunt
918 4320 1057 4406 genibus
1075 4321 1240 4396 insistere,
1258 4319 1363 4384 donec
1379 4325 1546 4385 canentur
1562 4321 1664 4405 primi

434 4437 577 4512 quatuor
600 4449 728 4504 versus,
754 4449 813 4494 seu
837 4435 909 4492 tota
932 4430 1038 4513 prima
1061 4427 1207 4511 strophe.

521 4539 552 4602 3.
577 4537 778 4604 Matutinum
810 4556 885 4602 cum
918 4535 1083 4601 Laudibus
1118 4539 1177 4598 aut
1205 4534 1398 4602 cantabitur
1428 4539 1486 4600 aut
1522 4533 1663 4620 legetur

441 4641 535 4708 iuxta
559 4665 682 4710 morem
706 4653 739 4710 et
764 4643 1037 4710 consuetudinem
1062 4644 1222 4727 cuiusque
1246 4643 1417 4708 ecclesiae.
1534 4677 1536 4682 ·
