4175 5717
530 750 593 818 156
984 767 1050 818 ura.
1075 767 1110 820 ιι.

437 881 614 967 Asperpes
636 901 692 948 me
714 887 777 948 etc.
801 887 836 947 et
858 883 1016 948 restituet
1037 882 1263 966 aspersorium
1287 881 1443 958 Diacono,
1467 879 1522 948 bic
1544 885 1663 947 autem

436 989 560 1055 clerico
583 1009 603 1054 a
626 1008 690 1073 quo
713 989 888 1075 acceperit.
913 987 1039 1054 Deinde
1063 989 1304 1056 thuriferarius
1321 988 1433 1055 tradet
1447 987 1665 1058 thuribulum

436 1096 591 1172 Diacono‚
615 1096 895 1173 hiccelebranti,
919 1097 974 1180 qui
999 1095 1131 1161 nullum
1155 1096 1330 1182 proferens
1354 1096 1504 1174 verbum,
1528 1096 1666 1164 cineres

381 1269 386 1284 ,
436 1203 581 1270 adolebit
603 1206 636 1270 in
661 1203 777 1281 medio,
801 1224 821 1269 a
844 1204 989 1270 sinistris
1013 1207 1048 1268 et
1070 1223 1091 1268 a
1114 1202 1262 1270 dexteris
1286 1205 1354 1280 suis
1377 1224 1417 1272 ac
1448 1203 1665 1272 thuribulum

435 1314 591 1378 restituet
614 1312 767 1388 Diacono‚
792 1313 847 1395 qui
876 1332 993 1377 rursus
1016 1311 1129 1379 tradet
1162 1311 1391 1378 thuriferario.
1427 1310 1665 1382 Subdiaconus

435 1419 587 1486 demittet
602 1418 760 1507 pluvialis
777 1419 987 1486 celebrantis
999 1418 1162 1485 fimbriam
1173 1420 1358 1497 dexteram,
1375 1440 1472 1505 quam
1483 1419 1666 1506 hucusque
1699 1497 1702 1502 ¹

435 1528 633 1594 sustinuerit
656 1533 690 1594 et
712 1526 754 1592 ad
778 1528 950 1592 sinistram
975 1529 1046 1593 eius
1070 1527 1200 1594 redibit.

521 1634 574 1700 21.
599 1635 671 1708 Duo
694 1635 810 1700 clerici
833 1654 908 1700 cum
930 1634 1108 1700 thuribulo
1137 1641 1171 1700 et
1194 1654 1270 1704 cum
1288 1634 1427 1704 vasculo
1443 1633 1607 1712 redibunt
1621 1633 1667 1704 ad

433 1744 581 1820 abacum,
606 1745 697 1809 etin
721 1743 781 1809 illo
806 1761 940 1809 reseas
965 1741 1143 1829 deponent.

520 1852 573 1919 22.
600 1851 782 1918 Celebrans
807 1871 882 1918 cunr
907 1850 1070 1916 Ministris
1095 1852 1208 1916 veniet
1233 1850 1275 1915 ad
1299 1849 1442 1916 medium
1469 1851 1606 1920 Altaris
1631 1860 1669 1919 et

433 1979 551 2027 versus
574 1961 676 2045 ipsius
699 1959 823 2044 gradus
847 1939 1076 2024 convertetur.
1101 1957 1266 2022 Diaconus
1288 1956 1430 2024 adstabit
1463 1957 1668 2028 Celebranti

432 2067 633 2143 adexteris,
658 2066 885 2133 Subdiaconus
920 2085 941 2130 a
974 2066 1119 2131 sinistris
1154 2070 1189 2130 et
1222 2062 1366 2131 fimbrias
1399 2064 1562 2152 pluvialis
1590 2067 1669 2134 eius

433 2174 626 2240 sustollent.
652 2174 939 2240 Caeremoniarius
963 2181 1127 2259 sumptam
1152 2171 1354 2258 pelviculam
1378 2192 1452 2239 cum
1488 2171 1667 2242 cineribus

434 2282 548 2348 tradet
571 2283 727 2348 Diacono.

520 2389 573 2454 23.
599 2389 885 2456 caeremoniarius
901 2387 1055 2454 invitabit
1070 2387 1253 2472 digniorem
1272 2387 1372 2464 Cleri,
1394 2388 1449 2472 qui
1473 2388 1548 2454 sine
1572 2389 1668 2456 stola

430 2498 569 2564 accedet
591 2497 632 2562 ad
656 2497 785 2574 Altare,
809 2502 889 2563 ante
912 2494 1036 2581 gradus
1059 2493 1328 2581 genuflexionem
1352 2494 1407 2561 vel
1431 2499 1666 2564 reverentiam

430 2607 541 2680 faciet,
564 2604 722 2672 ascendet
746 2605 779 2668 in
804 2603 944 2689 gradum
968 2604 1175 2689 superiorem
1192 2609 1225 2669 et
1240 2603 1487 2688 aliquantulum
1508 2605 1665 2672 cinerem

430 2715 590 2780 extremis
614 2712 724 2798 digitis
748 2710 882 2796 pollice,
906 2709 1013 2776 indice
1036 2730 1076 2776 ac
1101 2708 1207 2776 medio
1223 2709 1384 2777 dexterae
1401 2716 1571 2796 sumptum
1605 2715 1669 2778 im·

430 2827 530 2906 ponet
565 2822 598 2886 in
631 2818 761 2884 modum
794 2818 911 2884 (trucis
945 2819 1045 2903 capiti
1070 2817 1291 2892 Celebrantis,
1324 2817 1437 2884 dicens
1468 2819 1664 2898 Memento,

431 2928 541 3002 bomo,
570 2927 656 3012 quia
683 2926 803 3008 puluis
826 2944 863 2990 es
895 2931 928 2992 cl
961 2925 1000 2991 irc
1027 2928 1212 3009 puluerem
1248 2927 1446 2992 reverteris.
1472 2925 1664 2995 Celebrans

429 3036 570 3120 accipiet
593 3036 739 3099 cinerem
763 3034 870 3118 capite
895 3032 1067 3098 inclinato.
1085 3032 1209 3098 Deinde
1234 3034 1302 3119 ipse
1318 3032 1450 3118 dignior
1467 3031 1569 3110 Cleri,
1597 3035 1665 3100 nisi

429 3142 534 3206 suerit
557 3142 753 3217 canonicus,
778 3140 982 3225 geniculabit
1005 3159 1045 3206 ac
1069 3135 1165 3206 flexis
1188 3141 1328 3226 genibus
1343 3140 1484 3226 accipiet
1508 3141 1663 3208 cinerem

428 3268 448 3313 a
472 3249 682 3325 Celebrante,
707 3249 762 3331 qui
787 3247 838 3312 illi
863 3254 898 3314 et
920 3248 1061 3332 reliquis
1085 3248 1236 3314 omnibus
1260 3247 1356 3312 illum
1388 3249 1537 3333 imponet
1559 3249 1663 3316 modo

430 3356 629 3440 supradicto.
655 3354 750 3430 Quod
774 3356 801 3421 si
826 3356 931 3422 luerit
954 3357 1141 3422 eanonicus
1165 3355 1221 3422 vel
1245 3354 1386 3421 Praesul
1403 3356 1546 3442 accipiet
1563 3377 1587 3422 a
1605 3357 1666 3426 (le-

429 3462 582 3528 lebrante
606 3465 753 3527 cinerem
777 3462 943 3548 profunde
974 3463 1165 3529 inclinatus.
1191 3463 1311 3529 (linere
1342 3469 1488 3550 accepto,
1516 3463 1558 3529 de
1595 3465 1664 3532 Al·

429 3572 495 3635 tari
518 3569 698 3638 descendet
721 3590 761 3638 ac
785 3569 897 3638 debita
919 3591 996 3638 cum
1026 3568 1262 3656 genuflexione
1292 3575 1352 3638 aut
1385 3573 1585 3638 reverentia
1620 3571 1664 3654 ad

429 3677 541 3742 locum
564 3697 661 3743 suum
685 3677 818 3743 redibit.

515 3785 569 3848 24.
595 3784 775 3850 cantorum
805 3785 929 3851 chorus
964 3787 1077 3852 statim
1113 3786 1248 3872 incipiet
1282 3804 1403 3862 canere
1436 3787 1663 3874 antiphonam

431 3891 665 3960 immutemur
688 3890 809 3958 traditu
833 3897 896 3958 etc.
913 3898 948 3958 et
964 3893 1122 3980 reliquas,
1136 3913 1217 3978 quas
1241 3912 1362 3972 cauere
1387 3893 1604 3964 continuabit
1626 3903 1663 3964 et

430 4004 583 4085 repetere
607 4017 737 4082 quoque
760 3999 788 4064 si
812 4017 894 4085 opus
918 3998 1030 4076 fuerit,
1055 4000 1133 4066 dum
1157 4002 1286 4068 cineres
1310 3999 1567 4067 distribuentur.

518 4104 571 4170 25.
597 4103 753 4169 Oinerum
776 4110 886 4171 autem
923 4106 1114 4190 distributio
1149 4106 1207 4174 fiet
1230 4108 1293 4173 hoc
1318 4105 1444 4172 ordine.
1473 4107 1662 4195 Postquam

432 4212 613 4278 Golobrans
637 4212 784 4276 cinerem
807 4213 1002 4299 imposuerit
1017 4214 1159 4300 digniori
1184 4214 1284 4290 Cleri,
1308 4215 1454 4301 imponet
1485 4215 1664 4286 Praesuli-

430 4319 501 4394 bus,
526 4322 553 4386 si
576 4317 729 4395 aderunt,
754 4318 871 4385 deinde
895 4320 1067 4398 Ministris,
1093 4323 1149 4405 qui
1173 4321 1272 4402 simul
1296 4321 1501 4390 descendent
1524 4324 1560 4388 in
1585 4345 1664 4412 gra-

430 4424 507 4490 dum
532 4427 724 4494 inferiorem
744 4432 822 4492 ante
847 4426 1091 4512 celebrantem,
1109 4449 1249 4513 euinque
1266 4431 1429 4516 accipient
1451 4434 1511 4496 aut
1526 4436 1663 4500 stantes

430 4537 490 4595 aut
512 4532 747 4617 adgeniculati‚
771 4541 810 4600 ut
833 4535 985 4621 superius
1009 4535 1050 4601 de
1074 4534 1224 4620 digniore
1249 4538 1426 4614 innuimus,
1455 4543 1575 4625 postea
1600 4537 1663 4606 Oa·

432 4639 568 4702 nonicis.
594 4640 701 4716 Quum
725 4641 871 4708 Ministri
894 4643 928 4706 in
944 4641 1083 4727 gradum
1100 4643 1303 4712 descendent
1320 4646 1492 4731 accepturi
1510 4647 1660 4728 cineres,
