<?xml version="1.0" encoding="UTF-8"?>
<!DOCTYPE html PUBLIC "-//W3C//DTD XHTML 1.0 Transitional//EN"
    "http://www.w3.org/TR/xhtml1/DTD/xhtml1-transitional.dtd">
<html xmlns="http://www.w3.org/1999/xhtml" xml:lang="en" lang="en">
 <head>
  <title>
</title>
<meta http-equiv="Content-Type" content="text/html;charset=utf-8" />
  <meta name='ocr-system' content='tesseract 3.04.00' />
  <meta name='ocr-capabilities' content='ocr_page ocr_carea ocr_par ocr_line ocrx_word'/>
</head>
<body>
  <div class='ocr_page' id='page_1' title='image "./manualesacrarum00martgoog_0800.png"; bbox 0 0 4175 5717; ppageno 0'>
   <div class='ocr_carea' id='block_1_1' title="bbox 517 737 1103 802">
    <p class='ocr_par' dir='ltr' id='par_1_1' title="bbox 517 737 1103 802">
     <span class='ocr_line' id='line_1_1' title="bbox 517 737 1103 802; baseline -0.003 -2"><span class='ocrx_word' id='word_1_1' title='bbox 517 737 559 801; x_wconf 79' lang='lat'>78</span> <span class='ocrx_word' id='word_1_2' title='bbox 964 755 1029 802; x_wconf 80' lang='lat' dir='ltr'>nra.</span> <span class='ocrx_word' id='word_1_3' title='bbox 1055 753 1103 802; x_wconf 94' lang='grc' dir='ltr'>ιιι.</span> 
     </span>
    </p>
   </div>
   <div class='ocr_carea' id='block_1_2' title="bbox 429 861 1646 4724">
    <p class='ocr_par' dir='ltr' id='par_1_2' title="bbox 429 861 1641 1272">
     <span class='ocr_line' id='line_1_2' title="bbox 521 861 1639 950; baseline 0.004 -22"><span class='ocrx_word' id='word_1_4' title='bbox 521 864 570 929; x_wconf 86' lang='grc'>13.</span> <span class='ocrx_word' id='word_1_5' title='bbox 595 864 775 946; x_wconf 89' lang='lat' dir='ltr'>Postquam</span> <span class='ocrx_word' id='word_1_6' title='bbox 799 861 981 928; x_wconf 80' lang='lat' dir='ltr'>celebrans</span> <span class='ocrx_word' id='word_1_7' title='bbox 1004 863 1182 947; x_wconf 79' lang='lat' dir='ltr'><strong>sumpserit</strong></span> <span class='ocrx_word' id='word_1_8' title='bbox 1206 861 1361 940; x_wconf 80' lang='lat' dir='ltr'>Calicem,</span> <span class='ocrx_word' id='word_1_9' title='bbox 1384 865 1512 950; x_wconf 91' lang='lat' dir='ltr'>primus</span> <span class='ocrx_word' id='word_1_10' title='bbox 1542 865 1639 932; x_wconf 87' lang='lat' dir='ltr'>cleri-</span> 
     </span>
     <span class='ocr_line' id='line_1_3' title="bbox 429 966 1639 1055; baseline 0.002 -19"><span class='ocrx_word' id='word_1_11' title='bbox 429 994 488 1037; x_wconf 86' lang='lat' dir='ltr'>cus</span> <span class='ocrx_word' id='word_1_12' title='bbox 512 991 587 1036; x_wconf 91' lang='lat' dir='ltr'>eum</span> <span class='ocrx_word' id='word_1_13' title='bbox 610 969 728 1035; x_wconf 85' lang='lat' dir='ltr'>debitis</span> <span class='ocrx_word' id='word_1_14' title='bbox 752 966 1040 1055; x_wconf 79' lang='lat' dir='ltr'>geriuflexionibus</span> <span class='ocrx_word' id='word_1_15' title='bbox 1065 968 1192 1035; x_wconf 84' lang='lat' dir='ltr'>deferet</span> <span class='ocrx_word' id='word_1_16' title='bbox 1215 969 1256 1035; x_wconf 91' lang='lat' dir='ltr'>ad</span> <span class='ocrx_word' id='word_1_17' title='bbox 1280 969 1400 1036; x_wconf 84' lang='lat' dir='ltr'>Altare</span> <span class='ocrx_word' id='word_1_18' title='bbox 1424 973 1639 1038; x_wconf 89' lang='lat' dir='ltr'>ostensorium</span> 
     </span>
     <span class='ocr_line' id='line_1_4' title="bbox 429 1075 1641 1164; baseline 0.002 -22"><span class='ocrx_word' id='word_1_19' title='bbox 429 1081 493 1144; x_wconf 86' lang='lat' dir='ltr'>iam</span> <span class='ocrx_word' id='word_1_20' title='bbox 515 1085 750 1164; x_wconf 91' lang='lat' dir='ltr'>praeparatum</span> <span class='ocrx_word' id='word_1_21' title='bbox 774 1078 807 1142; x_wconf 95' lang='lat' dir='ltr'>in</span> <span class='ocrx_word' id='word_1_22' title='bbox 830 1076 943 1150; x_wconf 88' lang='lat' dir='ltr'>abaco,</span> <span class='ocrx_word' id='word_1_23' title='bbox 967 1075 1025 1141; x_wconf 86' lang='lat' dir='ltr'>sed</span> <span class='ocrx_word' id='word_1_24' title='bbox 1049 1075 1146 1142; x_wconf 88' lang='lat' dir='ltr'>tollet</span> <span class='ocrx_word' id='word_1_25' title='bbox 1172 1097 1214 1141; x_wconf 83' lang='lat' dir='ltr'>en</span> <span class='ocrx_word' id='word_1_26' title='bbox 1239 1095 1278 1142; x_wconf 92' lang='lat' dir='ltr'>eo</span> <span class='ocrx_word' id='word_1_27' title='bbox 1302 1077 1426 1155; x_wconf 83' lang='lat' dir='ltr'>velum,</span> <span class='ocrx_word' id='word_1_28' title='bbox 1450 1077 1537 1162; x_wconf 93' lang='lat' dir='ltr'>quod</span> <span class='ocrx_word' id='word_1_29' title='bbox 1559 1097 1641 1144; x_wconf 87' lang='lat' dir='ltr'>com·</span> 
     </span>
     <span class='ocr_line' id='line_1_5' title="bbox 430 1183 1160 1272; baseline -0.001 -23"><span class='ocrx_word' id='word_1_30' title='bbox 430 1186 588 1272; x_wconf 91' lang='lat' dir='ltr'>plicatum</span> <span class='ocrx_word' id='word_1_31' title='bbox 610 1185 652 1250; x_wconf 89' lang='lat' dir='ltr'>ad</span> <span class='ocrx_word' id='word_1_32' title='bbox 675 1185 814 1250; x_wconf 80' lang='lat' dir='ltr'><strong>abacum</strong></span> <span class='ocrx_word' id='word_1_33' title='bbox 837 1186 943 1269; x_wconf 89' lang='lat' dir='ltr'>ipsum</span> <span class='ocrx_word' id='word_1_34' title='bbox 967 1183 1160 1268; x_wconf 81' lang='lat' dir='ltr'><strong>reportabit.</strong></span> 
     </span>
    </p>

    <p class='ocr_par' dir='ltr' id='par_1_3' title="bbox 430 1292 1641 1898">
     <span class='ocr_line' id='line_1_6' title="bbox 521 1292 1640 1382; baseline 0.003 -25"><span class='ocrx_word' id='word_1_35' title='bbox 521 1294 571 1357; x_wconf 83' lang='grc'>14.</span> <span class='ocrx_word' id='word_1_36' title='bbox 597 1293 778 1359; x_wconf 87' lang='lat' dir='ltr'>Celebrans</span> <span class='ocrx_word' id='word_1_37' title='bbox 792 1293 933 1377; x_wconf 82' lang='lat' dir='ltr'>accipiet</span> <span class='ocrx_word' id='word_1_38' title='bbox 949 1293 1171 1357; x_wconf 88' lang='lat' dir='ltr'>ostensorium</span> <span class='ocrx_word' id='word_1_39' title='bbox 1188 1299 1222 1358; x_wconf 88' lang='lat' dir='ltr'>et</span> <span class='ocrx_word' id='word_1_40' title='bbox 1238 1299 1337 1379; x_wconf 87' lang='lat' dir='ltr'>ponet</span> <span class='ocrx_word' id='word_1_41' title='bbox 1354 1292 1440 1359; x_wconf 92' lang='lat' dir='ltr'>illud</span> <span class='ocrx_word' id='word_1_42' title='bbox 1456 1313 1558 1382; x_wconf 88' lang='lat' dir='ltr'>super</span> <span class='ocrx_word' id='word_1_43' title='bbox 1571 1313 1640 1360; x_wconf 89' lang='lat' dir='ltr'>cor·</span> 
     </span>
     <span class='ocr_line' id='line_1_7' title="bbox 430 1400 1639 1488; baseline 0.005 -26"><span class='ocrx_word' id='word_1_44' title='bbox 430 1401 538 1488; x_wconf 88' lang='lat' dir='ltr'>porali</span> <span class='ocrx_word' id='word_1_45' title='bbox 562 1409 595 1466; x_wconf 89' lang='lat' dir='ltr'>et</span> <span class='ocrx_word' id='word_1_46' title='bbox 619 1402 696 1484; x_wconf 91' lang='lat' dir='ltr'>quin</span> <span class='ocrx_word' id='word_1_47' title='bbox 722 1400 862 1465; x_wconf 76' lang='lat' dir='ltr'>inclinet</span> <span class='ocrx_word' id='word_1_48' title='bbox 885 1401 1001 1484; x_wconf 88' lang='lat' dir='ltr'>ipsum,</span> <span class='ocrx_word' id='word_1_49' title='bbox 1025 1405 1126 1484; x_wconf 91' lang='lat' dir='ltr'>ponet</span> <span class='ocrx_word' id='word_1_50' title='bbox 1151 1401 1183 1464; x_wconf 92' lang='lat' dir='ltr'>in</span> <span class='ocrx_word' id='word_1_51' title='bbox 1208 1419 1247 1465; x_wconf 94' lang='lat' dir='ltr'>eo</span> <span class='ocrx_word' id='word_1_52' title='bbox 1271 1400 1427 1484; x_wconf 86' lang='lat' dir='ltr'>lunulam</span> <span class='ocrx_word' id='word_1_53' title='bbox 1442 1421 1518 1468; x_wconf 88' lang='lat' dir='ltr'>cum</span> <span class='ocrx_word' id='word_1_54' title='bbox 1534 1423 1559 1468; x_wconf 92' lang='lat' dir='ltr'>s.</span> <span class='ocrx_word' id='word_1_55' title='bbox 1576 1401 1639 1468; x_wconf 87' lang='lat' dir='ltr'>Ho-</span> 
     </span>
     <span class='ocr_line' id='line_1_8' title="bbox 430 1507 1638 1594; baseline 0.002 -20"><span class='ocrx_word' id='word_1_56' title='bbox 430 1510 503 1586; x_wconf 87' lang='lat' dir='ltr'>stia,</span> <span class='ocrx_word' id='word_1_57' title='bbox 528 1507 661 1573; x_wconf 91' lang='lat' dir='ltr'>claudet</span> <span class='ocrx_word' id='word_1_58' title='bbox 685 1507 896 1594; x_wconf 67' lang='lat' dir='ltr'>crystallum,</span> <span class='ocrx_word' id='word_1_59' title='bbox 921 1507 1100 1572; x_wconf 88' lang='lat' dir='ltr'>collocabit</span> <span class='ocrx_word' id='word_1_60' title='bbox 1124 1509 1345 1573; x_wconf 90' lang='lat' dir='ltr'>ostensorium</span> <span class='ocrx_word' id='word_1_61' title='bbox 1369 1510 1403 1573; x_wconf 91' lang='lat' dir='ltr'>in</span> <span class='ocrx_word' id='word_1_62' title='bbox 1434 1508 1542 1576; x_wconf 92' lang='lat' dir='ltr'>medio</span> <span class='ocrx_word' id='word_1_63' title='bbox 1568 1531 1638 1576; x_wconf 90' lang='lat' dir='ltr'>eor-</span> 
     </span>
     <span class='ocr_line' id='line_1_9' title="bbox 431 1615 1641 1703; baseline 0.004 -23"><span class='ocrx_word' id='word_1_64' title='bbox 431 1617 538 1703; x_wconf 91' lang='lat' dir='ltr'>porali</span> <span class='ocrx_word' id='word_1_65' title='bbox 568 1637 687 1681; x_wconf 82' lang='lat' dir='ltr'>uorsus</span> <span class='ocrx_word' id='word_1_66' title='bbox 717 1621 845 1702; x_wconf 89' lang='lat' dir='ltr'>partem</span> <span class='ocrx_word' id='word_1_67' title='bbox 876 1617 1094 1701; x_wconf 80' lang='lat' dir='ltr'>posteriorem</span> <span class='ocrx_word' id='word_1_68' title='bbox 1126 1615 1264 1692; x_wconf 87' lang='lat' dir='ltr'>Altaris,</span> <span class='ocrx_word' id='word_1_69' title='bbox 1296 1621 1411 1702; x_wconf 88' lang='lat' dir='ltr'>postea</span> <span class='ocrx_word' id='word_1_70' title='bbox 1441 1617 1641 1684; x_wconf 73' lang='lat' dir='ltr'>continuabit</span> 
     </span>
     <span class='ocr_line' id='line_1_10' title="bbox 434 1722 1638 1814; baseline 0 -24"><span class='ocrx_word' id='word_1_71' title='bbox 434 1727 567 1792; x_wconf 76' lang='lat' dir='ltr'>blissam</span> <span class='ocrx_word' id='word_1_72' title='bbox 592 1727 657 1790; x_wconf 92' lang='lat' dir='ltr'>ritu</span> <span class='ocrx_word' id='word_1_73' title='bbox 683 1725 836 1810; x_wconf 88' lang='lat' dir='ltr'>superius</span> <span class='ocrx_word' id='word_1_74' title='bbox 860 1722 1032 1789; x_wconf 88' lang='lat' dir='ltr'>declarato</span> <span class='ocrx_word' id='word_1_75' title='bbox 1057 1725 1089 1788; x_wconf 94' lang='lat' dir='ltr'>in</span> <span class='ocrx_word' id='word_1_76' title='bbox 1115 1723 1225 1790; x_wconf 86' lang='lat' dir='ltr'>Coena</span> <span class='ocrx_word' id='word_1_77' title='bbox 1248 1723 1376 1791; x_wconf 90' lang='lat' dir='ltr'>Domini</span> <span class='ocrx_word' id='word_1_78' title='bbox 1400 1745 1491 1792; x_wconf 91' lang='lat' dir='ltr'>num.</span> <span class='ocrx_word' id='word_1_79' title='bbox 1507 1725 1561 1792; x_wconf 87' lang='lat'>39.</span> <span class='ocrx_word' id='word_1_80' title='bbox 1578 1745 1638 1814; x_wconf 83' lang='lat' dir='ltr'>cap.</span> 
     </span>
     <span class='ocr_line' id='line_1_11' title="bbox 431 1833 724 1898; baseline -0.007 0"><span class='ocrx_word' id='word_1_81' title='bbox 431 1835 488 1898; x_wconf 86' lang='lat' dir='ltr'>IV.</span> <span class='ocrx_word' id='word_1_82' title='bbox 513 1833 611 1898; x_wconf 89' lang='lat' dir='ltr'>huius</span> <span class='ocrx_word' id='word_1_83' title='bbox 635 1833 724 1897; x_wconf 89' lang='lat' dir='ltr'>libri.</span> 
     </span>
    </p>

    <p class='ocr_par' dir='ltr' id='par_1_4' title="bbox 433 1927 1637 2133">
     <span class='ocr_line' id='line_1_12' title="bbox 522 1927 1637 2026; baseline 0.002 -22"><span class='ocrx_word' id='word_1_84' title='bbox 522 1941 571 2004; x_wconf 86' lang='lat'>15.</span> <span class='ocrx_word' id='word_1_85' title='bbox 597 1939 746 2005; x_wconf 79' lang='lat' dir='ltr'>Clericus</span> <span class='ocrx_word' id='word_1_86' title='bbox 770 1941 895 2026; x_wconf 89' lang='lat' dir='ltr'>primus</span> <span class='ocrx_word' id='word_1_87' title='bbox 912 1940 1037 2005; x_wconf 83' lang='lat' dir='ltr'>referet</span> <span class='ocrx_word' id='word_1_88' title='bbox 1061 1927 1102 2005; x_wconf 81' lang='lat' dir='ltr'>ad</span> <span class='ocrx_word' id='word_1_89' title='bbox 1127 1940 1275 2019; x_wconf 91' lang='lat' dir='ltr'>abacum,</span> <span class='ocrx_word' id='word_1_90' title='bbox 1292 1940 1464 2006; x_wconf 82' lang='lat' dir='ltr'>ueletiam</span> <span class='ocrx_word' id='word_1_91' title='bbox 1481 1941 1516 2006; x_wconf 93' lang='lat' dir='ltr'>in</span> <span class='ocrx_word' id='word_1_92' title='bbox 1532 1959 1637 2008; x_wconf 81' lang='lat' dir='ltr'>sacra·</span> 
     </span>
     <span class='ocr_line' id='line_1_13' title="bbox 433 2045 1436 2133; baseline -0.001 -21"><span class='ocrx_word' id='word_1_93' title='bbox 433 2051 528 2123; x_wconf 93' lang='lat' dir='ltr'>rium,</span> <span class='ocrx_word' id='word_1_94' title='bbox 553 2047 691 2113; x_wconf 82' lang='lat' dir='ltr'>calicem</span> <span class='ocrx_word' id='word_1_95' title='bbox 714 2055 887 2133; x_wconf 81' lang='lat' dir='ltr'>postquam</span> <span class='ocrx_word' id='word_1_96' title='bbox 912 2047 1007 2112; x_wconf 92' lang='lat' dir='ltr'>illum</span> <span class='ocrx_word' id='word_1_97' title='bbox 1032 2045 1214 2112; x_wconf 84' lang='lat' dir='ltr'>Celebrans</span> <span class='ocrx_word' id='word_1_98' title='bbox 1238 2047 1436 2112; x_wconf 85' lang='lat' dir='ltr'>contexerit.</span> 
     </span>
    </p>

    <p class='ocr_par' dir='ltr' id='par_1_5' title="bbox 431 2153 1645 2678">
     <span class='ocr_line' id='line_1_14' title="bbox 522 2153 1640 2240; baseline 0 -20"><span class='ocrx_word' id='word_1_99' title='bbox 522 2157 572 2220; x_wconf 83' lang='grc'>16.</span> <span class='ocrx_word' id='word_1_100' title='bbox 599 2155 770 2240; x_wconf 85' lang='lat' dir='ltr'>Completa</span> <span class='ocrx_word' id='word_1_101' title='bbox 793 2154 905 2230; x_wconf 83' lang='lat' dir='ltr'>Missa,</span> <span class='ocrx_word' id='word_1_102' title='bbox 931 2154 1113 2222; x_wconf 77' lang='lat' dir='ltr'>celebrans</span> <span class='ocrx_word' id='word_1_103' title='bbox 1139 2153 1179 2220; x_wconf 91' lang='lat' dir='ltr'>de</span> <span class='ocrx_word' id='word_1_104' title='bbox 1202 2154 1314 2219; x_wconf 85' lang='lat' dir='ltr'>Alteri</span> <span class='ocrx_word' id='word_1_105' title='bbox 1337 2153 1527 2230; x_wconf 85' lang='lat' dir='ltr'>descendet,</span> <span class='ocrx_word' id='word_1_106' title='bbox 1551 2153 1640 2220; x_wconf 80' lang='lat' dir='ltr'>faciet</span> 
     </span>
     <span class='ocr_line' id='line_1_15' title="bbox 434 2259 1638 2348; baseline -0.001 -21"><span class='ocrx_word' id='word_1_107' title='bbox 434 2265 467 2328; x_wconf 96' lang='lat' dir='ltr'>in</span> <span class='ocrx_word' id='word_1_108' title='bbox 491 2264 679 2348; x_wconf 87' lang='lat' dir='ltr'>pavimento</span> <span class='ocrx_word' id='word_1_109' title='bbox 703 2259 969 2346; x_wconf 82' lang='lat' dir='ltr'>genuflexionem</span> <span class='ocrx_word' id='word_1_110' title='bbox 993 2261 1158 2348; x_wconf 91' lang='lat' dir='ltr'>duplicem</span> <span class='ocrx_word' id='word_1_111' title='bbox 1182 2261 1223 2327; x_wconf 92' lang='lat' dir='ltr'>ad</span> <span class='ocrx_word' id='word_1_112' title='bbox 1241 2261 1297 2328; x_wconf 90' lang='lat' dir='ltr'>SS.</span> <span class='ocrx_word' id='word_1_113' title='bbox 1316 2261 1577 2338; x_wconf 87' lang='lat' dir='ltr'>Sacramentum,</span> <span class='ocrx_word' id='word_1_114' title='bbox 1591 2279 1638 2326; x_wconf 86' lang='lat' dir='ltr'>ac-</span> 
     </span>
     <span class='ocr_line' id='line_1_16' title="bbox 434 2369 1638 2456; baseline -0.002 -20"><span class='ocrx_word' id='word_1_115' title='bbox 434 2373 531 2456; x_wconf 90' lang='lat' dir='ltr'>cipiet</span> <span class='ocrx_word' id='word_1_116' title='bbox 554 2369 696 2435; x_wconf 90' lang='lat' dir='ltr'>biretum</span> <span class='ocrx_word' id='word_1_117' title='bbox 720 2389 784 2453; x_wconf 93' lang='lat' dir='ltr'>quo</span> <span class='ocrx_word' id='word_1_118' title='bbox 807 2377 904 2455; x_wconf 91' lang='lat' dir='ltr'>eaput</span> <span class='ocrx_word' id='word_1_119' title='bbox 930 2371 1108 2455; x_wconf 89' lang='lat' dir='ltr'>cooperiet,</span> <span class='ocrx_word' id='word_1_120' title='bbox 1133 2390 1232 2454; x_wconf 92' lang='lat' dir='ltr'>quum</span> <span class='ocrx_word' id='word_1_121' title='bbox 1256 2369 1358 2435; x_wconf 83' lang='lat' dir='ltr'>fuerit</span> <span class='ocrx_word' id='word_1_122' title='bbox 1382 2375 1481 2435; x_wconf 85' lang='lat' dir='ltr'>extra</span> <span class='ocrx_word' id='word_1_123' title='bbox 1508 2387 1638 2456; x_wconf 89' lang='lat' dir='ltr'>conspe-</span> 
     </span>
     <span class='ocr_line' id='line_1_17' title="bbox 435 2475 1639 2564; baseline -0.001 -21"><span class='ocrx_word' id='word_1_124' title='bbox 435 2488 525 2544; x_wconf 88' lang='lat' dir='ltr'>ctum</span> <span class='ocrx_word' id='word_1_125' title='bbox 549 2477 606 2544; x_wconf 91' lang='lat' dir='ltr'>SS.</span> <span class='ocrx_word' id='word_1_126' title='bbox 631 2477 848 2554; x_wconf 88' lang='lat' dir='ltr'>Sacramenti,</span> <span class='ocrx_word' id='word_1_127' title='bbox 873 2483 908 2543; x_wconf 87' lang='lat' dir='ltr'>et</span> <span class='ocrx_word' id='word_1_128' title='bbox 930 2477 1204 2564; x_wconf 86' lang='lat' dir='ltr'>praecedentibus</span> <span class='ocrx_word' id='word_1_129' title='bbox 1239 2477 1346 2543; x_wconf 91' lang='lat' dir='ltr'>tribus</span> <span class='ocrx_word' id='word_1_130' title='bbox 1369 2475 1515 2552; x_wconf 87' lang='lat' dir='ltr'>clericis,</span> <span class='ocrx_word' id='word_1_131' title='bbox 1537 2477 1570 2542; x_wconf 90' lang='lat' dir='ltr'>iu</span> <span class='ocrx_word' id='word_1_132' title='bbox 1591 2493 1639 2542; x_wconf 79' lang='lat' dir='ltr'>sa·</span> 
     </span>
     <span class='ocr_line' id='line_1_18' title="bbox 431 2587 1645 2678; baseline -0.007 -27"><span class='ocrx_word' id='word_1_133' title='bbox 431 2587 576 2652; x_wconf 89' lang='lat' dir='ltr'>crarium</span> <span class='ocrx_word' id='word_1_134' title='bbox 600 2593 802 2650; x_wconf 83' lang='lat' dir='ltr'>revertetur.</span> <span class='ocrx_word' id='word_1_135' title='bbox 1642 2671 1645 2678; x_wconf 26' lang='grc' dir='ltr'>Ι</span> 
     </span>
    </p>

    <p class='ocr_par' dir='ltr' id='par_1_6' title="bbox 433 2691 1642 2994">
     <span class='ocr_line' id='line_1_19' title="bbox 524 2691 1641 2780; baseline 0.003 -22"><span class='ocrx_word' id='word_1_136' title='bbox 524 2695 575 2758; x_wconf 83' lang='grc'>17.</span> <span class='ocrx_word' id='word_1_137' title='bbox 599 2694 832 2760; x_wconf 86' lang='lat' dir='ltr'>Remanebunt</span> <span class='ocrx_word' id='word_1_138' title='bbox 855 2693 994 2780; x_wconf 85' lang='lat' dir='ltr'>genibus</span> <span class='ocrx_word' id='word_1_139' title='bbox 1018 2691 1114 2759; x_wconf 87' lang='lat' dir='ltr'>flexis</span> <span class='ocrx_word' id='word_1_140' title='bbox 1138 2693 1179 2758; x_wconf 87' lang='lat' dir='ltr'>ad</span> <span class='ocrx_word' id='word_1_141' title='bbox 1201 2693 1428 2759; x_wconf 88' lang='lat' dir='ltr'>adorationem</span> <span class='ocrx_word' id='word_1_142' title='bbox 1453 2691 1511 2760; x_wconf 90' lang='lat' dir='ltr'>SS.</span> <span class='ocrx_word' id='word_1_143' title='bbox 1536 2691 1641 2760; x_wconf 81' lang='lat' dir='ltr'>Sacra-</span> 
     </span>
     <span class='ocr_line' id='line_1_20' title="bbox 433 2800 1642 2890; baseline 0 -22"><span class='ocrx_word' id='word_1_144' title='bbox 433 2805 534 2868; x_wconf 89' lang='lat' dir='ltr'>menti</span> <span class='ocrx_word' id='word_1_145' title='bbox 557 2803 622 2868; x_wconf 73' lang='lat' dir='ltr'>cluo</span> <span class='ocrx_word' id='word_1_146' title='bbox 646 2808 832 2887; x_wconf 81' lang='lat' dir='ltr'>quatuorve</span> <span class='ocrx_word' id='word_1_147' title='bbox 856 2803 1044 2868; x_wconf 84' lang='lat' dir='ltr'>confratres</span> <span class='ocrx_word' id='word_1_148' title='bbox 1069 2807 1103 2868; x_wconf 88' lang='lat' dir='ltr'>et</span> <span class='ocrx_word' id='word_1_149' title='bbox 1127 2803 1247 2886; x_wconf 90' lang='lat' dir='ltr'>reliqui</span> <span class='ocrx_word' id='word_1_150' title='bbox 1270 2801 1445 2868; x_wconf 86' lang='lat' dir='ltr'>attendent</span> <span class='ocrx_word' id='word_1_151' title='bbox 1460 2800 1503 2867; x_wconf 93' lang='lat' dir='ltr'>ad</span> <span class='ocrx_word' id='word_1_152' title='bbox 1521 2821 1642 2890; x_wconf 85' lang='lat' dir='ltr'>proces-</span> 
     </span>
     <span class='ocr_line' id='line_1_21' title="bbox 433 2910 1041 2994; baseline -0.003 -18"><span class='ocrx_word' id='word_1_153' title='bbox 433 2915 558 2977; x_wconf 87' lang='lat' dir='ltr'>sionem</span> <span class='ocrx_word' id='word_1_154' title='bbox 582 2932 656 2976; x_wconf 90' lang='lat' dir='ltr'>cum</span> <span class='ocrx_word' id='word_1_155' title='bbox 680 2913 791 2994; x_wconf 85' lang='lat' dir='ltr'>quiete</span> <span class='ocrx_word' id='word_1_156' title='bbox 815 2910 1041 2976; x_wconf 91' lang='lat' dir='ltr'>ordinandam.</span> 
     </span>
    </p>

    <p class='ocr_par' dir='ltr' id='par_1_7' title="bbox 434 3017 1642 3430">
     <span class='ocr_line' id='line_1_22' title="bbox 525 3017 1642 3105; baseline -0.001 -22"><span class='ocrx_word' id='word_1_157' title='bbox 525 3021 574 3083; x_wconf 78' lang='lat' dir='ltr'>la.</span> <span class='ocrx_word' id='word_1_158' title='bbox 601 3017 781 3084; x_wconf 85' lang='lat' dir='ltr'>Celebrans</span> <span class='ocrx_word' id='word_1_159' title='bbox 806 3039 963 3084; x_wconf 79' lang='lat' dir='ltr'>reuersus</span> <span class='ocrx_word' id='word_1_160' title='bbox 988 3022 1019 3084; x_wconf 93' lang='lat' dir='ltr'>in</span> <span class='ocrx_word' id='word_1_161' title='bbox 1044 3021 1237 3095; x_wconf 90' lang='lat' dir='ltr'>sacrarium,</span> <span class='ocrx_word' id='word_1_162' title='bbox 1262 3020 1367 3105; x_wconf 84' lang='lat' dir='ltr'>primo</span> <span class='ocrx_word' id='word_1_163' title='bbox 1390 3037 1430 3083; x_wconf 91' lang='lat' dir='ltr'>ac</span> <span class='ocrx_word' id='word_1_164' title='bbox 1453 3019 1555 3084; x_wconf 81' lang='lat' dir='ltr'>tert-io</span> <span class='ocrx_word' id='word_1_165' title='bbox 1581 3017 1642 3084; x_wconf 76' lang='lat' dir='ltr'>cle</span> 
     </span>
     <span class='ocr_line' id='line_1_23' title="bbox 434 3125 1642 3214; baseline 0 -22"><span class='ocrx_word' id='word_1_166' title='bbox 434 3131 504 3193; x_wconf 87' lang='lat' dir='ltr'>rico</span> <span class='ocrx_word' id='word_1_167' title='bbox 529 3127 763 3192; x_wconf 81' lang='lat' dir='ltr'>adiuvantibus</span> <span class='ocrx_word' id='word_1_168' title='bbox 787 3148 872 3204; x_wconf 90' lang='lat' dir='ltr'>eum,</span> <span class='ocrx_word' id='word_1_169' title='bbox 897 3127 1042 3193; x_wconf 86' lang='lat' dir='ltr'>dimittet.</span> <span class='ocrx_word' id='word_1_170' title='bbox 1065 3128 1232 3214; x_wconf 87' lang='lat' dir='ltr'>planetam</span> <span class='ocrx_word' id='word_1_171' title='bbox 1257 3133 1291 3193; x_wconf 91' lang='lat' dir='ltr'>et</span> <span class='ocrx_word' id='word_1_172' title='bbox 1305 3126 1521 3214; x_wconf 90' lang='lat' dir='ltr'>manipulum,</span> <span class='ocrx_word' id='word_1_173' title='bbox 1539 3125 1642 3192; x_wconf 89' lang='lat' dir='ltr'>indue·</span> 
     </span>
     <span class='ocr_line' id='line_1_24' title="bbox 434 3233 1642 3323; baseline 0 -23"><span class='ocrx_word' id='word_1_174' title='bbox 434 3245 491 3300; x_wconf 88' lang='lat' dir='ltr'>tur</span> <span class='ocrx_word' id='word_1_175' title='bbox 513 3236 653 3322; x_wconf 82' lang='lat' dir='ltr'>pluviali</span> <span class='ocrx_word' id='word_1_176' title='bbox 677 3237 743 3301; x_wconf 94' lang='lat' dir='ltr'>albi</span> <span class='ocrx_word' id='word_1_177' title='bbox 771 3236 895 3301; x_wconf 86' lang='lat' dir='ltr'>coloris</span> <span class='ocrx_word' id='word_1_178' title='bbox 911 3244 944 3302; x_wconf 92' lang='lat' dir='ltr'>et</span> <span class='ocrx_word' id='word_1_179' title='bbox 961 3245 1061 3323; x_wconf 85' lang='lat' dir='ltr'>caput¹</span> <span class='ocrx_word' id='word_1_180' title='bbox 1076 3236 1182 3302; x_wconf 89' lang='lat' dir='ltr'>bireto</span> <span class='ocrx_word' id='word_1_181' title='bbox 1199 3238 1377 3322; x_wconf 84' lang='lat' dir='ltr'>cooperiet.</span> <span class='ocrx_word' id='word_1_182' title='bbox 1395 3233 1570 3302; x_wconf 78' lang='lat' dir='ltr'>Secundus</span> <span class='ocrx_word' id='word_1_183' title='bbox 1585 3233 1642 3300; x_wconf 88' lang='lat' dir='ltr'>cle·</span> 
     </span>
     <span class='ocr_line' id='line_1_25' title="bbox 435 3344 1398 3430; baseline -0.001 -21"><span class='ocrx_word' id='word_1_184' title='bbox 435 3347 524 3410; x_wconf 88' lang='lat' dir='ltr'>ricus</span> <span class='ocrx_word' id='word_1_185' title='bbox 547 3346 688 3430; x_wconf 87' lang='lat' dir='ltr'>accipiet</span> <span class='ocrx_word' id='word_1_186' title='bbox 710 3344 919 3410; x_wconf 86' lang='lat' dir='ltr'>thuribulum</span> <span class='ocrx_word' id='word_1_187' title='bbox 943 3366 1017 3410; x_wconf 91' lang='lat' dir='ltr'>cum</span> <span class='ocrx_word' id='word_1_188' title='bbox 1042 3347 1118 3430; x_wconf 82' lang='lat' dir='ltr'>igne</span> <span class='ocrx_word' id='word_1_189' title='bbox 1142 3351 1177 3410; x_wconf 89' lang='lat' dir='ltr'>et</span> <span class='ocrx_word' id='word_1_190' title='bbox 1199 3344 1398 3410; x_wconf 85' lang='lat' dir='ltr'>naviculam.</span> 
     </span>
    </p>

    <p class='ocr_par' dir='ltr' id='par_1_8' title="bbox 436 3451 1644 3970">
     <span class='ocr_line' id='line_1_26' title="bbox 525 3451 1644 3520; baseline 0 -4"><span class='ocrx_word' id='word_1_191' title='bbox 525 3452 574 3516; x_wconf 77' lang='lat'>19.</span> <span class='ocrx_word' id='word_1_192' title='bbox 600 3453 850 3518; x_wconf 85' lang='lat' dir='ltr'>Distribuentur</span> <span class='ocrx_word' id='word_1_193' title='bbox 873 3455 1001 3520; x_wconf 85' lang='lat' dir='ltr'>interea</span> <span class='ocrx_word' id='word_1_194' title='bbox 1024 3454 1251 3520; x_wconf 85' lang='lat' dir='ltr'>confratribus</span> <span class='ocrx_word' id='word_1_195' title='bbox 1275 3451 1435 3518; x_wconf 85' lang='lat' dir='ltr'>candelae</span> <span class='ocrx_word' id='word_1_196' title='bbox 1458 3452 1515 3519; x_wconf 88' lang='lat' dir='ltr'>vel</span> <span class='ocrx_word' id='word_1_197' title='bbox 1542 3451 1644 3518; x_wconf 80' lang='lat' dir='ltr'>intor-</span> 
     </span>
     <span class='ocr_line' id='line_1_27' title="bbox 436 3559 1643 3637; baseline 0 -13"><span class='ocrx_word' id='word_1_198' title='bbox 436 3563 513 3626; x_wconf 82' lang='lat' dir='ltr'>ticia</span> <span class='ocrx_word' id='word_1_199' title='bbox 536 3581 687 3637; x_wconf 84' lang='lat' dir='ltr'>accensa,</span> <span class='ocrx_word' id='word_1_200' title='bbox 711 3562 945 3627; x_wconf 86' lang='lat' dir='ltr'>baldachinum</span> <span class='ocrx_word' id='word_1_201' title='bbox 970 3561 1123 3627; x_wconf 89' lang='lat' dir='ltr'>tradetur</span> <span class='ocrx_word' id='word_1_202' title='bbox 1147 3560 1333 3628; x_wconf 90' lang='lat' dir='ltr'>senioribus</span> <span class='ocrx_word' id='word_1_203' title='bbox 1358 3559 1643 3626; x_wconf 81' lang='lat' dir='ltr'>Confraternitatis</span> 
     </span>
     <span class='ocr_line' id='line_1_28' title="bbox 436 3667 1642 3755; baseline -0.002 -21"><span class='ocrx_word' id='word_1_204' title='bbox 436 3669 488 3734; x_wconf 84' lang='lat' dir='ltr'>rel</span> <span class='ocrx_word' id='word_1_205' title='bbox 514 3670 588 3734; x_wconf 89' lang='lat' dir='ltr'>aliis</span> <span class='ocrx_word' id='word_1_206' title='bbox 611 3669 652 3734; x_wconf 89' lang='lat' dir='ltr'>ad</span> <span class='ocrx_word' id='word_1_207' title='bbox 677 3689 757 3752; x_wconf 87' lang='lat' dir='ltr'>quos</span> <span class='ocrx_word' id='word_1_208' title='bbox 781 3676 933 3755; x_wconf 83' lang='lat' dir='ltr'>spectare</span> <span class='ocrx_word' id='word_1_209' title='bbox 956 3671 1088 3755; x_wconf 90' lang='lat' dir='ltr'>poterit,</span> <span class='ocrx_word' id='word_1_210' title='bbox 1114 3676 1147 3734; x_wconf 86' lang='lat' dir='ltr'>et</span> <span class='ocrx_word' id='word_1_211' title='bbox 1163 3669 1315 3734; x_wconf 87' lang='lat' dir='ltr'>laternae</span> <span class='ocrx_word' id='word_1_212' title='bbox 1331 3669 1482 3747; x_wconf 89' lang='lat' dir='ltr'>hastiles,</span> <span class='ocrx_word' id='word_1_213' title='bbox 1503 3667 1642 3736; x_wconf 83' lang='lat' dir='ltr'>accensis</span> 
     </span>
     <span class='ocr_line' id='line_1_29' title="bbox 436 3774 1644 3862; baseline -0.002 -18"><span class='ocrx_word' id='word_1_214' title='bbox 436 3799 549 3844; x_wconf 82' lang='lat' dir='ltr'>earum</span> <span class='ocrx_word' id='word_1_215' title='bbox 574 3777 732 3852; x_wconf 87' lang='lat' dir='ltr'>candelis,</span> <span class='ocrx_word' id='word_1_216' title='bbox 757 3775 934 3843; x_wconf 87' lang='lat' dir='ltr'>tradentur</span> <span class='ocrx_word' id='word_1_217' title='bbox 968 3777 1296 3843; x_wconf 86' lang='lat' dir='ltr'>confr·atribus·huic</span> <span class='ocrx_word' id='word_1_218' title='bbox 1320 3777 1368 3840; x_wconf 94' lang='lat' dir='ltr'>rei</span> <span class='ocrx_word' id='word_1_219' title='bbox 1391 3774 1567 3862; x_wconf 82' lang='lat' dir='ltr'>delegatis,</span> <span class='ocrx_word' id='word_1_220' title='bbox 1596 3775 1644 3862; x_wconf 89' lang='lat' dir='ltr'>qui</span> 
     </span>
     <span class='ocr_line' id='line_1_30' title="bbox 437 3884 1011 3970; baseline -0.005 -19"><span class='ocrx_word' id='word_1_221' title='bbox 437 3886 620 3951; x_wconf 75' lang='lat' dir='ltr'>crinsistent</span> <span class='ocrx_word' id='word_1_222' title='bbox 643 3905 744 3970; x_wconf 90' lang='lat' dir='ltr'>prope</span> <span class='ocrx_word' id='word_1_223' title='bbox 768 3884 1011 3951; x_wconf 87' lang='lat' dir='ltr'>baldachinum.</span> 
     </span>
    </p>

    <p class='ocr_par' dir='ltr' id='par_1_9' title="bbox 436 3981 1646 4594">
     <span class='ocr_line' id='line_1_31' title="bbox 522 3981 1645 4079; baseline 0 -21"><span class='ocrx_word' id='word_1_224' title='bbox 522 3993 576 4058; x_wconf 76' lang='lat'>20.</span> <span class='ocrx_word' id='word_1_225' title='bbox 602 3992 783 4058; x_wconf 74' lang='lat' dir='ltr'>celebrans</span> <span class='ocrx_word' id='word_1_226' title='bbox 806 3993 1027 4079; x_wconf 85' lang='lat' dir='ltr'>praecedente</span> <span class='ocrx_word' id='word_1_227' title='bbox 1051 3993 1195 4058; x_wconf 84' lang='lat' dir='ltr'>secundo</span> <span class='ocrx_word' id='word_1_228' title='bbox 1220 3993 1344 4059; x_wconf 87' lang='lat' dir='ltr'>clerico</span> <span class='ocrx_word' id='word_1_229' title='bbox 1367 4011 1442 4059; x_wconf 90' lang='lat' dir='ltr'>cum</span> <span class='ocrx_word' id='word_1_230' title='bbox 1479 3981 1645 4060; x_wconf 72' lang='lat' dir='ltr'>thudibulo</span> 
     </span>
     <span class='ocr_line' id='line_1_32' title="bbox 437 4099 1646 4188; baseline 0 -22"><span class='ocrx_word' id='word_1_231' title='bbox 437 4109 471 4166; x_wconf 88' lang='lat' dir='ltr'>et.</span> <span class='ocrx_word' id='word_1_232' title='bbox 494 4100 620 4166; x_wconf 89' lang='lat' dir='ltr'>medius</span> <span class='ocrx_word' id='word_1_233' title='bbox 644 4102 731 4166; x_wconf 90' lang='lat' dir='ltr'>inter</span> <span class='ocrx_word' id='word_1_234' title='bbox 755 4103 895 4186; x_wconf 91' lang='lat' dir='ltr'>primum</span> <span class='ocrx_word' id='word_1_235' title='bbox 919 4122 958 4167; x_wconf 90' lang='lat' dir='ltr'>ae</span> <span class='ocrx_word' id='word_1_236' title='bbox 981 4103 1128 4172; x_wconf 87' lang='lat' dir='ltr'>tertium,</span> <span class='ocrx_word' id='word_1_237' title='bbox 1148 4103 1202 4186; x_wconf 92' lang='lat' dir='ltr'>qui</span> <span class='ocrx_word' id='word_1_238' title='bbox 1218 4102 1295 4168; x_wconf 87' lang='lat' dir='ltr'>hino</span> <span class='ocrx_word' id='word_1_239' title='bbox 1311 4101 1386 4166; x_wconf 89' lang='lat' dir='ltr'>inde</span> <span class='ocrx_word' id='word_1_240' title='bbox 1403 4099 1567 4168; x_wconf 79' lang='lat' dir='ltr'>fimbriam</span> <span class='ocrx_word' id='word_1_241' title='bbox 1583 4099 1646 4188; x_wconf 90' lang='lat' dir='ltr'>plu·</span> 
     </span>
     <span class='ocr_line' id='line_1_33' title="bbox 437 4207 1646 4297; baseline 0.002 -26"><span class='ocrx_word' id='word_1_242' title='bbox 437 4209 532 4272; x_wconf 82' lang='lat' dir='ltr'>vialis</span> <span class='ocrx_word' id='word_1_243' title='bbox 557 4210 626 4272; x_wconf 83' lang='lat' dir='ltr'>eitts</span> <span class='ocrx_word' id='word_1_244' title='bbox 649 4209 772 4273; x_wconf 87' lang='lat' dir='ltr'>elatam</span> <span class='ocrx_word' id='word_1_245' title='bbox 797 4209 1016 4286; x_wconf 84' lang='lat' dir='ltr'>sustinebunt,</span> <span class='ocrx_word' id='word_1_246' title='bbox 1045 4211 1149 4275; x_wconf 80' lang='lat' dir='ltr'>exibit.</span> <span class='ocrx_word' id='word_1_247' title='bbox 1179 4209 1220 4275; x_wconf 91' lang='lat' dir='ltr'>de</span> <span class='ocrx_word' id='word_1_248' title='bbox 1250 4211 1397 4274; x_wconf 89' lang='lat' dir='ltr'>sacrario</span> <span class='ocrx_word' id='word_1_249' title='bbox 1432 4217 1467 4274; x_wconf 86' lang='lat' dir='ltr'>et</span> <span class='ocrx_word' id='word_1_250' title='bbox 1497 4207 1646 4297; x_wconf 85' lang='lat' dir='ltr'>procedet</span> 
     </span>
     <span class='ocr_line' id='line_1_34' title="bbox 437 4315 1645 4402; baseline 0.002 -23"><span class='ocrx_word' id='word_1_251' title='bbox 437 4315 476 4379; x_wconf 88' lang='lat' dir='ltr'>ad</span> <span class='ocrx_word' id='word_1_252' title='bbox 503 4316 631 4380; x_wconf 82' lang='lat' dir='ltr'>Altera.</span> <span class='ocrx_word' id='word_1_253' title='bbox 657 4319 693 4380; x_wconf 92' lang='grc' dir='ltr'>1ιι</span> <span class='ocrx_word' id='word_1_254' title='bbox 718 4323 930 4401; x_wconf 80' lang='lat' dir='ltr'>conspectum</span> <span class='ocrx_word' id='word_1_255' title='bbox 956 4317 1012 4382; x_wconf 86' lang='lat' dir='ltr'>SS.</span> <span class='ocrx_word' id='word_1_256' title='bbox 1032 4319 1237 4383; x_wconf 89' lang='lat' dir='ltr'>Sacramenti</span> <span class='ocrx_word' id='word_1_257' title='bbox 1255 4337 1354 4402; x_wconf 91' lang='lat' dir='ltr'>quum</span> <span class='ocrx_word' id='word_1_258' title='bbox 1373 4319 1516 4395; x_wconf 81' lang='lat' dir='ltr'>venerit,</span> <span class='ocrx_word' id='word_1_259' title='bbox 1531 4317 1645 4386; x_wconf 81' lang='lat' dir='ltr'>nudato</span> 
     </span>
     <span class='ocr_line' id='line_1_35' title="bbox 436 4423 1643 4512; baseline 0.002 -27"><span class='ocrx_word' id='word_1_260' title='bbox 436 4424 543 4508; x_wconf 87' lang='lat' dir='ltr'>eapite</span> <span class='ocrx_word' id='word_1_261' title='bbox 568 4424 709 4489; x_wconf 87' lang='lat' dir='ltr'>biretum</span> <span class='ocrx_word' id='word_1_262' title='bbox 735 4423 844 4488; x_wconf 81' lang='lat' dir='ltr'>tradet</span> <span class='ocrx_word' id='word_1_263' title='bbox 867 4425 971 4508; x_wconf 93' lang='lat' dir='ltr'>primo</span> <span class='ocrx_word' id='word_1_264' title='bbox 996 4425 1130 4502; x_wconf 84' lang='lat' dir='ltr'>clerico,</span> <span class='ocrx_word' id='word_1_265' title='bbox 1155 4427 1210 4510; x_wconf 91' lang='lat' dir='ltr'>qui</span> <span class='ocrx_word' id='word_1_266' title='bbox 1234 4423 1351 4490; x_wconf 88' lang='lat' dir='ltr'>deinde</span> <span class='ocrx_word' id='word_1_267' title='bbox 1383 4424 1470 4490; x_wconf 93' lang='lat' dir='ltr'>illud</span> <span class='ocrx_word' id='word_1_268' title='bbox 1493 4430 1593 4512; x_wconf 86' lang='lat' dir='ltr'>ponet</span> <span class='ocrx_word' id='word_1_269' title='bbox 1617 4425 1643 4490; x_wconf 93' lang='lat' dir='ltr'>in</span> 
     </span>
     <span class='ocr_line' id='line_1_36' title="bbox 437 4531 548 4594; baseline -0.018 0"><span class='ocrx_word' id='word_1_270' title='bbox 437 4531 548 4594; x_wconf 80' lang='lat' dir='ltr'>abaco.</span> 
     </span>
    </p>

    <p class='ocr_par' dir='ltr' id='par_1_10' title="bbox 523 4637 1644 4724">
     <span class='ocr_line' id='line_1_37' title="bbox 523 4637 1644 4724; baseline 0.006 -22"><span class='ocrx_word' id='word_1_271' title='bbox 523 4637 576 4702; x_wconf 76' lang='lat'>21.</span> <span class='ocrx_word' id='word_1_272' title='bbox 603 4637 652 4702; x_wconf 78' lang='lat' dir='ltr'>rid</span> <span class='ocrx_word' id='word_1_273' title='bbox 678 4637 795 4703; x_wconf 77' lang='lat' dir='ltr'>ditare</span> <span class='ocrx_word' id='word_1_274' title='bbox 821 4642 997 4724; x_wconf 81' lang='lat' dir='ltr'>progressi,</span> <span class='ocrx_word' id='word_1_275' title='bbox 1022 4641 1187 4706; x_wconf 84' lang='lat' dir='ltr'>sccundus</span> <span class='ocrx_word' id='word_1_276' title='bbox 1211 4642 1355 4708; x_wconf 81' lang='lat' dir='ltr'>clericus</span> <span class='ocrx_word' id='word_1_277' title='bbox 1380 4639 1515 4708; x_wconf 84' lang='lat' dir='ltr'>recedet</span> <span class='ocrx_word' id='word_1_278' title='bbox 1539 4659 1644 4710; x_wconf 68' lang='lat' dir='ltr'>versus</span> 
     </span>
    </p>
   </div>
   <div class='ocr_carea' id='block_1_3' title="bbox 0 0 2107 5717">
    <p class='ocr_par' dir='ltr' id='par_1_11' title="bbox 0 0 2107 5717">
     <span class='ocr_line' id='line_1_38' title="bbox 0 0 2107 5717; baseline 0 0"><span class='ocrx_word' id='word_1_279' title='bbox 0 0 2107 5717; x_wconf 95' lang='lat' dir='ltr'> </span> 
     </span>
    </p>
   </div>
  </div>
 </body>
</html>
