4175 5717
516 704 559 768 30
971 721 1038 768 nra.
1063 721 1098 767 11.

520 829 572 896 43.
599 829 755 895 Matutini
779 835 898 896 cantus
922 829 1036 896 eadem
1067 849 1106 896 ac
1137 830 1288 916 superius
1317 827 1462 895 indicata
1491 827 1650 894 methodo

431 938 692 1005 continuabitur:
716 937 898 1004 notandum
922 945 1043 1015 tamen,
1068 936 1155 1023 quod
1170 939 1204 1003 in
1222 936 1398 1022 Evangelii
1414 935 1568 1012 lectione,
1590 934 1650 1020 qui

430 1068 543 1113 omnes
567 1049 601 1112 in
625 1047 727 1112 choro
751 1045 903 1120 aderunt,
928 1048 1036 1132 capite
1060 1045 1184 1112 nudato
1208 1045 1353 1111 stabunt.

518 1156 570 1219 44.
596 1154 678 1220 Dum
702 1159 844 1220 canetur
867 1160 1022 1220 octavum
1047 1152 1302 1238 responsorium,
1334 1150 1484 1236 acolythi
1507 1148 1572 1216 duo
1594 1149 1651 1216 di-

432 1261 569 1328 scedent
591 1261 631 1327 de
654 1263 730 1327 loco
753 1282 823 1337 suo,
848 1260 971 1328 vadent
995 1260 1035 1326 ad
1060 1261 1179 1326 Altare
1203 1266 1236 1325 et
1259 1258 1414 1325 candelas
1438 1259 1472 1324 in
1496 1257 1652 1325 candela-

431 1370 499 1435 bris
522 1370 566 1435 ibi
590 1371 724 1456 paratis,
750 1371 813 1436 nisi
835 1371 899 1434 iam
923 1388 1083 1434 accensae
1107 1368 1244 1445 fuerint,
1269 1366 1462 1433 accendent.

518 1477 570 1542 45.
596 1478 818 1561 Posteaquam
842 1483 1012 1543 cantatum
1036 1479 1101 1542 erit
1127 1476 1248 1544 Gloria
1272 1475 1376 1543 Patri
1389 1476 1498 1542 octavi
1515 1493 1652 1562 respon·

431 1586 519 1661 surii,
544 1585 705 1671 acolythi,
729 1586 868 1671 sumptis
899 1583 1118 1661 candelabris,
1153 1589 1232 1650 ante
1256 1583 1374 1650 Altare
1405 1583 1551 1658 coibunt,
1581 1581 1651 1648 duo

431 1692 589 1779 praedicti
614 1699 768 1759 cantores
791 1693 933 1781 pluviali
955 1692 1074 1768 induti,
1098 1690 1268 1758 discedent
1291 1690 1331 1757 de
1354 1710 1490 1758 scamno
1513 1709 1577 1777 quo
1601 1709 1652 1756 se-

431 1799 553 1866 debant
576 1805 611 1866 et
633 1799 815 1886 procedent
837 1807 871 1866 et
895 1801 956 1887 ipsi
978 1807 1058 1867 ante
1082 1800 1209 1866 Altero:
1235 1820 1321 1885 genu
1339 1799 1438 1865 simul
1455 1797 1592 1866 flectent
1607 1798 1651 1866 ad

432 1908 581 1984 Crucem,
606 1914 677 1973 tum
700 1910 836 1974 venient
858 1915 938 1974 ante
961 1908 1204 1985 Celebrantem
1229 1929 1325 1993 quem
1349 1908 1540 1975 reverentia
1560 1907 1651 1974 salu-

431 2015 560 2080 tabunt.
586 2015 806 2082 Pluvialistae
829 2036 888 2081 seu
913 2021 1069 2082 cantores
1093 2017 1276 2082 consistent
1291 2016 1325 2081 in
1341 2016 1440 2101 plano
1455 2016 1550 2082 chori
1570 2021 1650 2082 ante

433 2121 674 2201 celebrantem,
698 2125 778 2208 quin
800 2124 957 2208 humeros
980 2122 1022 2188 ad
1037 2123 1156 2190 Altera
1173 2129 1383 2200 convertant
1399 2121 1550 2209 acolythi
1565 2141 1650 2188 vero

432 2230 591 2297 accedent
613 2231 655 2298 ad
678 2252 753 2299 eum
777 2230 979 2297 candelabra
1001 2233 1217 2307 sustinentes,
1248 2232 1302 2316 qui
1335 2233 1382 2298 ita
1412 2251 1448 2298 se
1478 2231 1650 2308 lucebunt,

432 2342 470 2403 ut
492 2338 581 2404 ulter
603 2338 644 2404 ad
668 2338 814 2406 alterum
837 2343 975 2425 spectet.

522 2447 573 2512 46.
599 2445 764 2531 Assurget
787 2446 968 2512 celebrans
991 2466 1031 2512 ac
1055 2453 1146 2512 totus
1170 2448 1292 2512 chorus
1316 2466 1391 2513 cum
1414 2466 1463 2512 eo.
1489 2447 1653 2534 lpsecon-

433 2575 551 2621 versus
575 2553 617 2620 ad
633 2552 816 2639 digniorem
831 2552 873 2620 de
888 2554 992 2620 choro
1004 2554 1268 2621 benedictionem
1284 2554 1324 2619 ab
1341 2553 1402 2618 illo
1418 2559 1509 2638 petet
1524 2553 1650 2633 dicens,

434 2663 524 2732 June
547 2662 681 2732 Damae
703 2661 905 2728 benedicere
927 2667 962 2728 et
984 2662 1116 2748 dignior
1139 2661 1351 2749 respondebit
1374 2662 1430 2730 Ad
1452 2662 1654 2732 societatem

434 2777 499 2838 etc.
524 2770 578 2836 vel
604 2769 676 2836 Per
697 2770 899 2855 evangeliea
920 2769 1015 2838 dicta
1037 2776 1101 2836 etc.
1125 2790 1185 2857 pro
1209 2770 1363 2836 lectionis
1387 2769 1559 2854 qualitate.

522 2879 574 2944 47.
600 2876 707 2952 Quum
732 2877 854 2942 chorus
872 2876 1081 2962 responderit
1098 2878 1218 2952 Amen,
1237 2877 1418 2944 Celebrans
1434 2880 1556 2944 iunctis
1577 2899 1653 2944 ma-

433 2986 529 3051 nibus
553 2985 699 3050 cantabit
722 2984 899 3050 lectionem
931 3004 1063 3062 nonam,
1088 2995 1161 3070 post
1191 3005 1290 3070 quam
1320 2992 1437 3054 cantor
1467 2988 1591 3073 primus
1619 2989 1653 3052 ei
1771 2987 1776 3004 '

432 3094 604 3180 praecinet
634 3091 680 3158 Te
703 3091 825 3158 Deum.
850 3092 932 3156 Turn
958 3092 1138 3158 celebrans
1167 3092 1213 3159 Tc
1235 3093 1349 3159 Deum
1372 3094 1544 3170 intonabit,
1562 3093 1653 3179 quod

432 3201 555 3266 chorus
579 3199 728 3264 canendo
752 3205 982 3286 prosequetur.

520 3308 573 3373 48.
599 3308 744 3374 lntonito
767 3328 787 3373 a
810 3308 1009 3374 Celebrante
1045 3308 1091 3375 Tc
1113 3307 1236 3388 Deum,
1268 3309 1480 3394 pluvialistae
1503 3315 1538 3376 et
1568 3328 1655 3376 aco-

433 3417 530 3502 lythi,
556 3416 646 3481 facta
668 3414 709 3481 ad
732 3415 829 3480 illum
851 3416 1052 3491 reverentia,
1076 3416 1232 3482 redibunt
1254 3403 1293 3484 ut
1323 3436 1433 3501 supra,
1457 3415 1498 3483 ad
1529 3417 1654 3484 Altare

434 3528 467 3588 et
492 3520 757 3608 genuflexionem
783 3530 953 3609 peragent:
977 3524 1137 3610 acolythi,
1160 3523 1317 3610 depositis
1341 3524 1396 3590 ubi
1412 3532 1510 3590 erant
1526 3525 1655 3592 cande-

435 3631 549 3708 labris,
578 3630 618 3696 ad
643 3631 754 3696 locum
783 3652 881 3696 suum
911 3630 1076 3708 redibunt,
1108 3633 1251 3716 itemque
1282 3632 1503 3718 pluviahstae.
1534 3632 1586 3699 Ad
1617 3639 1654 3709 γ.

442 3737 488 3804 Te
510 3758 594 3823 cryc
618 3757 846 3824 quaesumus,
871 3741 1027 3816 universi,
1051 3759 1116 3824 quo
1140 3740 1215 3806 loco
1238 3747 1347 3818 erunt,
1372 3737 1607 3826 genuflectent.

522 3847 573 3912 49.
599 3847 681 3911 Post
703 3847 904 3913 Matutinum
927 3849 998 3912 sine
1024 3866 1117 3912 mora
1133 3853 1319 3931 sequuntur
1337 3847 1476 3924 Laudes,
1493 3869 1579 3934 quae
1599 3869 1657 3918 ca·

434 3958 557 4018 nentur
578 3951 694 4018 eodem
718 3954 834 4020 ordine
857 3974 896 4020 ac
920 3974 1022 4041 supra
1048 3956 1156 4040 capite
1179 3955 1390 4040 praecedenti
1420 3954 1460 4022 de
1490 3955 1657 4044 Vesperis

432 4059 636 4125 solemnibus
659 4060 782 4126 dictum
805 4067 867 4136 θεῖς
892 4061 978 4128 illud
1001 4068 1112 4128 tamen
1136 4082 1307 4130 monemus
1324 4062 1410 4147 quod
1426 4061 1467 4128 ad
1484 4066 1656 4132 canticum

434 4167 654 4246 Benedictus,
678 4169 771 4235 chori
795 4174 925 4236 tantum
949 4169 1069 4234 Altare
1092 4175 1144 4235 est
1166 4169 1375 4237 adolendum.
