4175 5717
516 657 561 730 40
981 681 1045 732 tm.
1070 685 1091 733 1.

537 901 568 981 §-
593 898 646 964 27.
674 898 788 971 Qum
810 899 1007 983 Episcopus
1030 900 1163 966 Missae
1192 901 1339 967 solemni
1359 902 1530 970 intererit.

516 1111 592 1178 296.
610 1111 682 1188 Quo
693 1119 842 1199 tempore
855 1112 1054 1200 genuflexus
1066 1122 1148 1181 ante·
1158 1114 1278 1181 Altare
1293 1116 1439 1182 manebit
1450 1116 1646 1203 Episcopus,

430 1221 655 1305 unusquisque
678 1241 738 1286 suo
762 1222 836 1287 loco
860 1223 894 1286 in
918 1222 1020 1288 choro
1043 1222 1341 1307 adgeniculabitur.

516 1327 591 1391 297.
617 1327 803 1413 Consurget
825 1335 1024 1414 assurgente
1048 1329 1225 1416 Episcopo,
1245 1349 1363 1395 versus
1386 1349 1482 1413 quem
1497 1328 1649 1415 genufle-

430 1435 561 1497 xionem
586 1435 686 1500 iaciet-
701 1434 778 1500 dum
794 1437 961 1502 transiens
976 1456 1036 1522 per
1052 1436 1190 1501 chorum
1206 1443 1265 1502 aut
1280 1438 1470 1522 priusquam
1485 1437 1648 1504 ascendat

431 1544 463 1604 in
484 1542 641 1607 thronum
664 1544 795 1627 signum
817 1543 901 1609 bene
925 1545 1092 1629 precantis
1116 1564 1233 1608 versus
1258 1542 1393 1608 Clerum
1417 1544 1527 1609 faciet.

393 1683 402 1704 ·
516 1651 591 1715 298.
617 1650 724 1717 Stabit
747 1672 811 1735 quo
837 1659 986 1736 tempore
1018 1652 1199 1737 Episcopus
1230 1653 1333 1717 sacris
1366 1650 1523 1716 induetur
1552 1671 1650 1736 para·

432 1759 560 1822 mentis.
682 1751 686 1764 ’

518 1864 593 1931 299.
618 1864 725 1941 Quum
751 1866 931 1951 Episcopus
954 1866 995 1931 de
1018 1866 1142 1931 throno
1165 1864 1345 1932 descendet
1366 1865 1408 1930 ad
1424 1864 1648 1932 inchoandum

431 1992 505 2035 curn
531 1972 729 2038 Celebrante
753 1970 960 2049 sacrificium,
988 1969 1255 2057 genuflexionem
1285 1973 1387 2038 iaciet-
1416 1993 1533 2039 versus
1564 1971 1651 2058 upr—

431 2098 564 2164 scopum
588 2080 643 2162 qui
666 2079 840 2145 benedicet
863 2080 962 2145 Clero
978 2082 1146 2145 transiens
1162 2099 1221 2166 per
1236 2080 1385 2155 chorum,
1403 2080 1457 2145 vel
1473 2086 1649 2165 postquam

431 2185 471 2248 de
494 2187 616 2251 throno
640 2186 857 2253 descenderit.

518 2293 592 2358 300.
617 2294 668 2358 hd
691 2295 930 2360 confessionem
955 2314 1065 2379 genua
1089 2295 1269 2364 submittet.
1294 2303 1327 2360 et
1344 2302 1525 2378 consurget
1545 2315 1650 2378 quum

431 2400 611 2466 Celebrans
634 2400 674 2466 ad
698 2402 807 2467 altare
830 2401 998 2469 ascendet.

518 2508 592 2573 301.
617 2506 890 2574 Genuflexionem
914 2511 1034 2575 iterum
1061 2530 1176 2575 versus
1209 2510 1406 2595 Episcopum
1437 2510 1538 2574 faciet
1568 2508 1650 2576 dum

431 2620 499 2702 ipse
523 2619 555 2682 in
580 2618 738 2681 thronum
762 2623 965 2683 revertetur.

517 2725 592 2791 302.
616 2723 722 2814 Stabit
755 2724 795 2789 ad
829 2726 1092 2790 incensationem
1121 2726 1247 2790 Altaris
1278 2735 1313 2790 et
1342 2724 1419 2790 dum
1448 2725 1651 2791 recitabitur

430 2835 585 2899 introitus
609 2840 642 2898 et
664 2832 784 2919 Kyrie.

517 2941 592 3006 303.
617 2939 650 3005 Si
675 2940 855 3027 Episcopus
880 2942 1009 3006 interea
1031 2940 1107 3005 dum
1132 2942 1265 3006 canitur
1289 2941 1399 3026 Kyme
1415 2939 1552 3016 sedebit,
1570 2961 1651 3006 con·

430 3050 548 3115 ¹s'ulehit
572 3051 690 3116 Gierus
715 3069 852 3133 quoque.

517 3159 591 3224 304.
624 3158 811 3252 consurget
844 3158 885 3221 ad
921 3160 1158 3223 intonationem
1193 3165 1228 3224 et
1262 3160 1492 3224 recitationem
1525 3158 1647 3243 hymni

432 3265 552 3333 Gloria
575 3267 612 3331 in
636 3265 795 3338 emeedris,
820 3272 855 3329 et·
878 3265 1062 3331 considebit
1087 3287 1185 3349 quum
1210 3266 1334 3330 sederit
1363 3266 1556 3350 Episcopus.

516 3373 590 3437 305.
616 3372 659 3437 Ut
682 3371 755 3436 finis
778 3371 917 3436 canendi
945 3372 1066 3439 Gloria
1091 3373 1199 3437 iactus
1224 3375 1276 3441 sit.
1300 3382 1481 3457 consurget
1497 3372 1574 3439 dum
1594 3394 1649 3438 ca·

428 3485 552 3545 nentur
576 3480 755 3545 orationes.

516 3587 591 3652 306.
617 3586 804 3652 Considebit
826 3587 902 3652 dum
934 3587 1125 3653 cantabitur
1156 3588 1316 3673 Epistola.
1349 3588 1526 3658 Graduale.
1559 3587 1647 3653 Tra-

430 3702 514 3768 ctus
539 3693 719 3777 Sequentia
742 3700 804 3759 etc.

517 3801 592 3866 307.
618 3799 806 3885 consurget
827 3801 868 3866 ad
893 3802 1112 3887 Evangelium
1138 3803 1224 3887 quod
1248 3804 1451 3869 cantabitur.

518 3909 592 3973 308.
618 3907 651 3973 Si
675 3906 731 3973 fiet
754 3929 849 3973 sacra
872 3910 986 3974 concio
1010 3916 1085 3995 post
1110 3910 1339 3994 Evangelium,
1364 3910 1598 3975 observabitur
1615 3911 1646 3976 id

431 4021 535 4103 ipsum
559 4015 644 4102 quod
668 4016 708 4082 de
732 4018 832 4082 Missa
855 4014 1036 4101 pontificali
1059 4018 1299 4103 praescriptum
1323 4018 1396 4083 fuit.

518 4126 592 4191 309.
617 4125 667 4190 Ad
691 4126 930 4190 intonationem
954 4123 1105 4209 Symboli
1128 4132 1163 4190 et
1185 4125 1290 4191 donec
1309 4127 1515 4204 recitabitur,
1532 4128 1646 4204 stabit,

430 4235 696 4300 animadvertens
720 4231 805 4316 quod
821 4231 898 4296 dum
914 4234 1079 4298 recitatur
1094 4238 1126 4305 5.
1143 4233 1188 4300 Et
1201 4236 1411 4301 incarnatus
1427 4241 1490 4299 etc.
1512 4254 1551 4298 ec
1567 4233 1645 4300 dum

431 4345 528 4406 etiarn
553 4341 751 4415 cantabitur,
776 4338 1065 4424 genuflectendum
1090 4347 1150 4405 est.

518 4452 591 4516 310.
617 4449 804 4532 consurget
827 4469 926 4531 quum
951 4450 1123 4516 Dominus
1147 4450 1323 4518 trobiscum
1347 4456 1380 4514 et
1414 4450 1562 4516 Orcmus
1594 4472 1648 4517 ca-

431 4573 529 4623 netur
552 4568 628 4621 ante
655 4577 786 4622 versum
811 4552 990 4623 Offertorii.
1016 4556 1133 4621 deinde
1159 4578 1289 4621 rursum
1315 4558 1451 4622 sedebit.
