4175 5717
521 737 565 804 90
753 789 758 802 .
986 749 1054 802 urs.
1076 751 1111 802 11.

519 867 572 932 31.
597 867 680 930 Post
695 865 879 930 orationem
895 863 1060 930 Diaconos
1076 863 1234 928 restituet
1253 857 1378 928 librum
1396 857 1660 940 ceremoniario.

431 974 486 1057 qui
511 978 650 1059 reponet
672 993 748 1040 eum
770 973 806 1037 in
827 971 942 1048 abaco,
965 977 1000 1038 et
1023 970 1205 1040 celebrans
1222 991 1297 1038 cum
1313 971 1474 1038 Ministris
1488 971 1580 1038 lacta
1595 991 1660 1038 seu

433 1081 625 1146 reverentia
647 1101 706 1146 seu
729 1076 963 1164 genuflexione
986 1083 1065 1144 ante
1088 1076 1218 1154 Altera,
1235 1077 1277 1144 nd
1291 1097 1464 1146 scamnum
1486 1077 1659 1146 recedent.

519 1187 573 1256 33.
598 1187 718 1254 Glerus
740 1186 976 1272 hoc-tempore
999 1184 1193 1263 considebit;
1218 1185 1457 1266 thuriferarius
1473 1191 1587 1254 autem
1603 1205 1662 1252 cu·

432 1295 528 1373 rabit,
552 1302 591 1361 ut
612 1295 774 1382 principio
798 1295 921 1360 Missae
942 1295 977 1359 in
999 1300 1155 1381 promptu
1178 1294 1222 1360 sit
1245 1293 1455 1373 thuribulum
1474 1314 1550 1360 cum
1566 1295 1660 1381 igne.

519 1403 572 1480 33.
597 1402 779 1469 Celebrans
802 1402 889 1488 apud
912 1421 1084 1468 scamnum
1106 1401 1250 1488 deponet
1265 1401 1414 1488 pluviale
1437 1407 1472 1468 et
1491 1421 1516 1474 a,
1538 1401 1663 1470 esere-

430 1513 591 1577 moniario
614 1512 772 1578 induetur
795 1510 963 1597 manipulo
986 1517 1021 1577 et
1043 1510 1188 1597 planeta·
1213 1508 1279 1576 duo
1314 1510 1413 1576 etiam
1443 1509 1591 1578 Ministri
1615 1507 1662 1578 ad

429 1639 599 1686 scamnum
623 1639 724 1704 quum
746 1621 911 1704 venerint,
935 1619 997 1684 sibi
1019 1619 1190 1705 imponent
1213 1617 1350 1685 brachio
1372 1619 1510 1686 sinistro
1543 1619 1662 1686 mm?

433 1728 558 1812 pulum,
583 1747 679 1812 quem
704 1729 781 1815 ipsis
805 1728 1066 1813 praesentabunt
1089 1725 1259 1813 Aoolythi.

519 1836 572 1901 34.
596 1836 679 1902 Post
700 1837 784 1902 haec
806 1840 994 1922 consurget·
1004 1835 1134 1913 Glerus,
1151 1841 1187 1900 et
1203 1834 1385 1918 celebrans
1400 1853 1477 1900 cum
1493 1825 1663 1902 Ministris

431 1945 522 2010 facta
544 1943 587 2009 ad
612 1943 746 2010 Glerum
770 1945 972 2022 reverentia,
996 1945 1133 2010 venient
1155 1949 1234 2010 ante
1257 1941 1377 2010 Altera
1392 1947 1428 2008 et
1444 1942 1566 2008 Missae
1583 1961 1667 2010 can·

431 2058 522 2118 tatae
546 2053 674 2118 initium
698 2051 764 2118 flet.

518 2160 571 2226 35.
597 2159 848 2226 Advertendum
864 2165 925 2234 est,
944 2160 1030 2244 quod
1046 2161 1194 2246 aspersio
1216 2179 1322 2244 aquae
1346 2158 1539 2226 benedictae
1564 2177 1665 2245 pera·

429 2267 537 2352 ganda
559 2287 579 2332 a
604 2267 803 2334 Celebrante
826 2275 888 2346 est,
912 2287 1020 2352 neque
1035 2267 1094 2333 alii
1111 2266 1284 2334 Sacerdoti
1299 2267 1362 2332 hac
1377 2267 1413 2332 in
1429 2285 1466 2332 re
1485 2265 1568 2332 licet
1583 2267 1663 2334 vice

431 2375 525 2460 fungi
551 2374 772 2441 Celebrantis.
1534 2437 1537 2442 .
1610 2433 1613 2440 .

518 2483 571 2548 36.
597 2483 732 2548 Minime
754 2482 850 2548 decet
874 2482 1108 2549 celebrantem
1129 2482 1296 2569 deponere
1319 2481 1468 2569 pluviale
1498 2486 1535 2549 et
1563 2479 1662 2548 indui

430 2590 567 2676 planeta
588 2597 668 2656 ante
691 2589 820 2668 Altero,
845 2609 912 2656 non
936 2590 1023 2677 apud
1047 2609 1227 2668 scamnum,
1252 2610 1353 2674 quum
1375 2590 1547 2675 proprium
1574 2589 1663 2676 Epi-

430 2698 520 2784 scopi
543 2699 587 2763 sit
609 2703 687 2763 ante
711 2699 831 2764 Altera
853 2699 957 2795 sacris
980 2698 1130 2764 vestibus
1146 2696 1247 2763 indui:
1264 2697 1407 2784 amplius
1424 2703 1536 2764 autem
1552 2695 1663 2764 dede-

430 2810 523 2870 ceret
545 2806 739 2892 praeparari
762 2805 931 2892 planetam
947 2826 1048 2892 super
1065 2805 1194 2882 Altera,
1212 2811 1250 2870 ut
1260 2800 1343 2872 'inde
1358 2805 1452 2870 illam
1472 2803 1661 2872 Gelebrans

432 2913 493 2979 sibi
516 2915 709 3006 imponeret.

519 3025 573 3090 37.
597 3025 670 3091 Nou
693 3026 759 3090 erit
781 3024 839 3090 abs
863 3043 900 3090 re
923 3023 1009 3089 illud
1026 3025 1126 3089 etiam
1142 3021 1183 3088 de
1199 3041 1304 3107 aquae
1326 3020 1559 3090 benedictione
1583 3043 1663 3090 mo-

371 3167 372 3172 =
431 3149 522 3208 nere,
548 3129 635 3216 quod
657 3151 723 3196 non
747 3135 881 3218 oportet
913 3129 965 3196 sal
999 3129 1196 3196 benedicere
1219 3128 1362 3216 singulis
1391 3130 1530 3208 vicibus,
1555 3151 1663 3217 quum

432 3240 535 3324 possit
569 3237 620 3304 sal
656 3238 847 3325 iampridem
881 3237 1092 3305 benedictum
1116 3245 1150 3305 et
1173 3237 1214 3304 ed
1237 3238 1325 3304 hanc
1356 3258 1425 3304 rem
1453 3239 1664 3308 custoditum

432 3346 594 3412 adhiberi.

520 3453 572 3517 38.
597 3453 632 3520 Si
655 3455 820 3520 cantanda
843 3461 933 3520 esset
955 3455 1057 3520 Missa
1076 3454 1163 3541 apud
1186 3454 1306 3520 Altare
1329 3456 1363 3520 in
1386 3473 1451 3539 quo
1466 3457 1663 3542 expositum

430 3567 519 3628 esset
541 3561 599 3628 SS.
624 3562 885 3641 Sacramentum,
908 3564 1057 3650 aspersio
1080 3582 1194 3648 aquae
1209 3561 1402 3631 benedictae
1425 3565 1460 3630 in
1476 3563 1663 3636 Dominicis

432 3670 615 3735 omittetur.
875 3665 879 3674 '

518 3778 571 3844 39.
596 3778 722 3854 Quibus
746 3779 779 3843 in
803 3779 956 3845 ecclesiis
977 3778 1221 3866 paroecialibus
1243 3778 1449 3846 aderit-lons
1471 3780 1663 3868 baptisma-

429 3885 482 3962 lis,
506 3887 541 3950 in
564 3887 742 3952 Dominicis
766 3886 915 3953 Paschae
928 3883 966 3952 'et
981 3887 1208 3964 Pentecoste,
1233 3887 1403 3973 praedicta
1424 3891 1576 3976 aspersio
1597 3913 1662 3980 pe-

376 4011 381 4020 ·
430 3999 569 4079 regetur
591 4013 653 4081 ope
675 4013 780 4078 aquae
802 3995 906 4080 pridie
929 3997 964 4060 in
982 3994 1080 4061 -fonte
1102 3994 1306 4074 benedictae,
1330 4001 1365 4062 et
1385 3996 1463 4064 inde
1478 4005 1663 4070 extractas

430 4105 622 4188 priusquam
645 4099 731 4169 Olea
753 4103 877 4169 Sancta
899 4101 1129 4169 infundantur.

518 4211 570 4275 40.
596 4211 757 4296 Tempore
788 4209 936 4295 paschali
969 4210 1171 4296 adiungetur
1205 4214 1357 4281 Alleluia
1379 4215 1420 4280 ad
1444 4221 1476 4290 l.
1504 4215 1663 4292 Ostende

428 4316 537 4395 nobis,
562 4318 710 4386 Domine
732 4324 795 4383 etc.
819 4317 1093 4402 quemadmodum
1117 4320 1251 4386 rubrica
1275 4322 1420 4388 Missalis
1444 4327 1661 4410 praescribit.

978 4567 1105 4584 ..Μ
