4175 5717
531 657 593 722 154
989 677 1056 728 nra.
1081 677 1103 728 r.

439 807 595 855 unacum
610 785 836 874 purificatorio
859 787 1005 854 Diacono
1020 788 1142 854 tradet.
1160 789 1244 853 Tum
1259 787 1442 873 ampullam
1458 787 1527 855 vini
1543 781 1661 856 undet

439 897 595 963 Diacono.

525 1004 578 1069 55.
603 1004 782 1089 Postquam
806 1005 971 1070 Diaconus
995 1006 1108 1069 vinum
1132 1005 1165 1069 in
1194 1003 1338 1070 Calicem
1375 1003 1545 1082 infuderit,
1576 1004 1661 1070 vini·

438 1131 500 1195 que
523 1112 704 1197 ampullam
727 1112 926 1197 deposuerit,
940 1110 1081 1178 dextera
1098 1118 1207 1178 sumet
1223 1132 1329 1195 aquae
1352 1111 1544 1198 ampullam,
1557 1131 1658 1196 quam
1729 1121 1733 1128 '

435 1219 585 1304 paullum
609 1219 732 1284 elatam
755 1221 924 1286 sustinens
947 1219 1101 1286 ostendet
1118 1219 1310 1285 celebranti
1326 1217 1440 1286 dicens
1456 1219 1659 1286 Benedicite
1708 1261 1715 1286 ι

437 1327 546 1395 Pater
569 1325 772 1396 Reverende
794 1334 829 1394 et
852 1330 885 1393 in
908 1328 1052 1394 medium
1077 1328 1196 1394 Calicis
1221 1335 1301 1404 tres,
1326 1327 1366 1392 ad
1390 1347 1550 1394 summam
1578 1345 1660 1412 qua-

436 1442 514 1502 tuor
537 1455 642 1520 aquae
665 1442 778 1522 guttas
800 1437 960 1512 miscebit,
981 1443 1015 1502 et
1037 1435 1219 1522 ampullam
1241 1455 1347 1520 aquae
1371 1437 1528 1502 restituet
1542 1434 1659 1520 acoly-

436 1545 504 1620 tho,
529 1545 584 1628 qui
607 1563 679 1610 eam
703 1547 763 1630 ipsi
787 1546 1036 1611 ministraverit.
1152 1583 1161 1614 ι

524 1651 577 1716 56.
602 1653 687 1718 Hinc
709 1673 729 1717 a
752 1653 896 1718 Diacono
919 1658 1057 1738 patenat
1078 1673 1178 1718 manu
1201 1651 1342 1719 dextera
1363 1652 1512 1737 accipiet,
1528 1670 1569 1716 ac
1584 1655 1658 1716 tum

437 1779 570 1825 manum
592 1767 664 1826 tum
688 1767 842 1845 patenam
866 1760 934 1826 veli
958 1761 1140 1826 humeralis
1164 1763 1378 1826 extremitate
1402 1760 1542 1825 dextera
1565 1763 1660 1824 ante-

437 1869 519 1932 riori
535 1869 711 1955 cooper·iet;
725 1875 878 1952 patenam
894 1867 1169 1953 appropinquabit
1186 1869 1327 1954 pectori,
1336 1887 1371 1932 sc
1387 1872 1563 1933 convertet
1578 1863 1659 1931 dex·

435 1981 592 2051 trorsum,
617 1973 795 2040 descendet
817 1979 895 2040 ante
918 1974 1048 2052 Altare,
1073 1975 1233 2042 subsistet
1248 1978 1282 2040 in
1298 1973 1405 2040 medio
1421 1979 1499 2040 ante
1515 1971 1657 2058 gradum

435 2081 590 2158 intimum,
614 2079 818 2167 genuflectet
839 2082 947 2164 ibique
972 2084 1133 2148 consistet
1156 2085 1324 2148 sustinens
1347 2086 1501 2169 patenam
1531 2073 1657 2146 elatam

435 2189 476 2254 ad
500 2188 710 2254 altitudinem
734 2188 848 2254 vultus
864 2189 927 2264 sui,
944 2195 979 2255 et
994 2210 1128 2255 manum
1146 2191 1314 2256 sinistram
1333 2194 1506 2254 extensam
1529 2187 1658 2274 pectori

434 2299 622 2382 applicitam
646 2296 782 2362 tenebit.

522 2405 575 2469 57.
601 2403 650 2470 nd
678 2404 781 2472 Orata
803 2407 940 2489 fratrea
964 2405 1117 2470 demittet
1139 2411 1293 2491 patenam
1317 2410 1395 2470 ante
1411 2411 1537 2492 pectus,
1561 2402 1658 2469 incli-

433 2520 530 2579 natus
556 2511 766 2598 respondebit
790 2511 981 2578 Gelebranti
1006 2511 1185 2595 Suaczpiat
1208 2512 1382 2582 Dominus
1406 2518 1469 2578 etc.
1500 2517 1659 2596 assurget

433 2628 467 2686 et
490 2627 644 2706 patenam
669 2640 786 2684 rursus
810 2619 956 2685 elevabit
979 2627 1058 2686 ante
1082 2621 1200 2686 faciem
1225 2640 1329 2685 suam
1680 2701 1684 2710 Ι

518 2730 571 2793 58.
596 2727 746 2813 Recipiet
762 2725 1043 2793 thurificationem
1060 2749 1095 2792 se
1113 2735 1315 2794 convertens
1332 2728 1561 2793 sinistrorsum
1580 2746 1656 2793 ver·

432 2858 488 2900 sus
512 2836 703 2910 Diaconum,
727 2836 783 2918 qui
806 2855 882 2900 eum
905 2834 1119 2911 thurificabit,
1145 2842 1178 2900 et
1202 2840 1366 2921 patenam,
1391 2842 1429 2901 ut
1460 2841 1569 2912 antea,
1594 2833 1657 2900 de-

430 2945 549 3018 mittet,
575 2961 711 3025 eamque
736 2942 869 3028 elatam,
894 2948 1066 3028 utsupra,
1092 2942 1270 3008 sustinebit
1294 2962 1394 3026 quum
1411 2962 1595 3008 conversus
1611 2941 1656 3008 ad

431 3050 549 3114 Altare
573 3052 647 3115 erit.
673 3048 946 3115 Genuflenionem
963 3057 997 3114 ct
1020 3057 1098 3115 ante
1114 3061 1146 3114 et
1173 3057 1247 3135 post
1263 3049 1543 3115 thurificationem
1560 3051 1657 3116 omit·

433 3165 506 3222 tere
531 3160 727 3224 meminerit.

520 3269 572 3332 59.
598 3268 665 3333 Sub
690 3266 788 3332 tinem
811 3272 929 3331 cantus
953 3267 1170 3353 praefationis
1195 3271 1348 3353 patenam
1371 3264 1413 3329 ad
1447 3270 1563 3350 pectus
1593 3263 1656 3330 de-

432 3377 551 3446 mittet.
576 3378 647 3440 sine
670 3374 744 3438 nlla
766 3372 999 3459 genuflexione
1023 3374 1064 3438 ad
1088 3375 1207 3438 Altare
1231 3372 1390 3438 ascendet
1412 3372 1452 3438 ad
1484 3373 1655 3438 sinistram

434 3483 653 3559 Celebrantis,
678 3502 752 3547 cum
777 3483 846 3567 ipso
870 3482 1024 3546 recitabit
1048 3480 1208 3558 Sanctae,
1234 3480 1290 3546 sed
1316 3499 1520 3565 nequaquam
1545 3482 1656 3546 sesi·
1686 3531 1689 3536 .

433 3590 547 3675 gnabit
569 3590 609 3653 ad
633 3595 664 3663 t.
690 3589 901 3656 Benedictus
925 3591 990 3674 qui
1009 3590 1111 3660 venit.
1134 3590 1252 3673 quippe
1277 3608 1375 3652 manu
1400 3587 1540 3651 dextera
1563 3593 1657 3673 pate·

433 3718 509 3762 uam
533 3698 677 3762 sustinet
701 3697 758 3782 (c).
783 3696 834 3761 Ad
859 3696 970 3763 locum
986 3695 1104 3761 deinde
1121 3718 1217 3761 suurn
1235 3703 1308 3782 post
1326 3695 1557 3760 Celebrantcm
1574 3701 1655 3760 ante
1701 3715 1704 3720 ·

434 3804 580 3870 intimum
604 3804 742 3889 gradum
767 3806 838 3870 sine
860 3802 1094 3888 genuflexione
1120 3812 1321 3869 revertetur.

520 3913 573 3977 60.
606 3912 728 3978 Paullo
759 3918 837 3977 ante
868 3912 1099 3989 elevationem,
1131 3913 1260 3976 scilicet
1291 3932 1390 3996 quum
1422 3912 1587 3976 Diaconos
1618 3911 1655 3975 in

434 4029 585 4087 extremo
608 4019 818 4106 suppedaneo
841 4019 1057 4104 geniculabit,
1082 4019 1310 4084 Subdiaconus
1334 4018 1538 4104 geniculabit
1556 4019 1589 4082 in
1606 4019 1656 4082 in·

434 4128 507 4193 linio
532 4126 637 4214 gradu
662 4129 695 4192 in
718 4125 834 4202 medio,
859 4135 893 4191 et
916 4132 1071 4213 patenam
1099 4126 1290 4212 applicitam
1314 4128 1440 4212 pectori
1464 4125 1653 4190 sustinebit.
1758 4199 1763 4210 ,

434 4239 467 4301 Si
491 4236 600 4302 altare
624 4237 695 4301 solo
719 4234 927 4321 suppedaneo
954 4236 1005 4299 vel
1032 4254 1098 4299 uno
1122 4236 1219 4298 etiarn
1246 4234 1352 4318 gradu
1370 4236 1570 4299 instructum
1587 4234 1653 4298 erit

505 4399 547 4467 (a)
567 4399 598 4452 ln
617 4396 788 4470 quibusdam
808 4394 880 4450 locis
899 4394 1043 4450 obsolevit
1063 4394 1144 4458 ritus,
1166 4393 1215 4466 qui
1235 4394 1377 4466 praeci-pit
1409 4392 1596 4450 Subdiacono
1621 4401 1656 4450 ut

435 4487 573 4542 ascendat
587 4487 623 4542 ad
637 4487 739 4543 Altnre
753 4486 789 4542 ad
803 4485 985 4541 recitandum
997 4485 1123 4540 vavrrtns
1139 4502 1196 4539 una
1209 4501 1275 4539 cunr
1290 4484 1477 4541 Celebranto.
1491 4482 1652 4540 Rubi-icam

435 4577 517 4632 nobis
536 4577 618 4650 sequi
640 4578 732 4634 visum
753 4585 805 4632 nst.
