4175 5717
523 685 564 747 74
989 707 1055 753 ura.
1080 705 1101 753 1.

434 795 533 859 tionis
556 800 719 871 cantatae,
746 793 819 860 finis
852 793 1108 862 thurificationis
1142 803 1193 863 est
1226 796 1408 874 faciendus,
1444 809 1652 884 quocumque

432 902 507 967 loco
531 908 598 968 stet
620 900 729 967 adhuc
752 903 927 976 Diaconus,
952 905 1021 968 sive
1045 905 1133 969 alius
1167 906 1337 991 quispiam,
1369 902 1651 972 thurificationem

435 1029 607 1096 peragens.

980 1155 1105 1168 hm-

559 1352 608 1407 Du
629 1352 778 1409 ORDINE
797 1350 988 1408 TENENDO
1007 1350 1047 1406 IN
1068 1349 1206 1406 DANDO
1226 1349 1382 1407 OSCULO
1403 1350 1525 1409 racis.

918 1676 1072 1742 CAPUT.
1107 1676 1163 1739 Vi.

437 1983 463 2047 l.
569 1981 632 2046 uod
663 1981 703 2046 ad
734 1979 864 2044 modum
895 1980 1023 2045 (tantiae
1055 1987 1089 2044 et
1122 1979 1329 2067 recipiendae
1361 1981 1394 2043 in
1425 1982 1528 2045 choro
1560 1981 1650 2065 pac'ns

432 2095 569 2174 spectat,
583 2091 615 2153 in
633 2089 731 2154 huius
747 2088 824 2172 libri
840 2107 909 2173 cap.
928 2087 951 2150 1.
969 2088 1020 2153 De
1042 2088 1278 2154 Caeremoniis
1299 2089 1509 2173 cuicumque
1525 2106 1650 2153 sacrae

428 2197 606 2281 functioni
627 2194 871 2262 communibus
887 2215 975 2259 num.
995 2194 1047 2259 12.
1064 2194 1215 2259 nonnihil
1234 2197 1410 2260 innuimus.
1428 2197 1458 2260 A
1474 2215 1539 2279 quo
1559 2196 1649 2280 pacis

432 2304 583 2368 osculum
606 2305 650 2369 sit
671 2302 814 2367 dandum
839 2301 948 2377 Glero,
973 2302 1028 2384 qui
1051 2301 1159 2366 aderit
1183 2303 1215 2366 in
1232 2303 1336 2367 choro
1352 2303 1473 2367 Missae
1489 2302 1649 2366 solemnis

430 2418 587 2497 tempore,
612 2411 675 2476 hcc
698 2411 806 2495 capite
829 2408 1083 2474 declarabimus.

519 2519 549 2583 2.
574 2518 612 2583 In
635 2519 738 2583 Missa
760 2517 900 2581 solemni
925 2515 1152 2581 subdiaconus
1176 2523 1350 2602 postquam
1374 2518 1463 2603 pacis
1498 2515 1649 2582 osculum

429 2648 450 2691 a
473 2627 617 2691 Diacono
640 2625 818 2711 acceperit,
842 2624 1019 2689 comitante
1044 2624 1322 2701 Gaeremoniarm,
1337 2644 1395 2690 seu
1419 2624 1648 2701 thuriferario,

429 2730 696 2819 genuflexionem
719 2730 840 2797 efficiet
872 2730 913 2795 ad
949 2730 1199 2797 Sacramentum
1231 2740 1265 2796 et
1295 2737 1413 2818 perget
1445 2730 1488 2796 'ad
1519 2737 1647 2817 partem

430 2841 524 2905 chori
547 2840 793 2905 honoratiorem
817 2844 852 2903 et
874 2838 1026 2904 osculum
1061 2841 1150 2924 pacis
1181 2838 1351 2924 praebebit
1380 2840 1486 2924 primo
1521 2839 1655 2916 eorum,'

430 2950 484 3032 qui
509 2947 618 3012 stallis
642 2946 866 3032 superioribus
890 2952 978 3021 sunt,
1003 2965 1125 3011 carens
1151 2953 1261 3010 tamen
1286 2966 1328 3010 ne
1352 2948 1543 3011 reuerentia
1573 2966 1648 3011 eum

431 3062 650 3141 prosequatur
674 3055 864 3140 priusquam
888 3052 940 3117 det
968 3052 1017 3117 illi
1050 3054 1252 3137 arrrplexum,
1285 3073 1467 3137 manusque
1502 3056 1649 3140 imponat

429 3183 529 3248 super
552 3163 718 3254 humeros,
743 3160 856 3226 dicens
880 3162 1009 3225 interea
1033 3161 1115 3226 Pom
1139 3168 1260 3227 tecum.
1294 3161 1377 3225 Dato
1413 3161 1528 3225 osculo
1559 3163 1648 3247 pacis

429 3270 490 3344 illi,
516 3272 570 3353 qui
594 3269 800 3334 honoratiori
825 3267 900 3332 loco
923 3275 983 3343 est,
1016 3275 1051 3332 et
1081 3270 1274 3334 reverentia
1304 3288 1379 3333 eum
1413 3277 1645 3353 prosequutus,

430 3377 584 3443 transibit
606 3376 646 3440 ad
670 3375 843 3441 adversam
867 3375 961 3439 chori
984 3381 1112 3460 partem
1137 3383 1171 3439 et.
1194 3395 1307 3461 pacem
1340 3374 1511 3460 praebebit
1540 3377 1646 3463 primo

429 3505 525 3568 quem
551 3485 695 3570 reperiet
719 3485 750 3547 in
776 3479 885 3547 stallis
909 3482 1144 3568 superioribus,
1173 3490 1209 3547 ut
1225 3485 1378 3568 superius
1395 3482 1576 3558 docuimus,
1593 3483 1648 3549 ad-

430 3600 564 3658 uertens
588 3598 699 3656 tamen
726 3597 760 3655 ut
785 3587 1050 3675 genuflexionem
1075 3588 1195 3655 efficiat
1218 3612 1317 3674 quum
1341 3595 1419 3654 ante
1451 3589 1569 3656 Altare
1604 3591 1648 3655 sit

430 3701 644 3765 transiturus.

518 3809 548 3871 :t
573 3807 655 3871 Dato
679 3807 767 3891 pacis
791 3804 906 3870 osculo
930 3805 959 3869 ei
985 3806 1039 3888 qui
1064 3806 1189 3890 primus
1213 3808 1278 3869 erit.
1302 3808 1334 3870 in
1359 3807 1470 3872 stallis
1494 3807 1647 3892 superio·

431 3914 531 3990 ribus,
556 3913 646 3978 dabit
669 3919 703 3977 et
726 3914 831 3998 primo
856 3914 889 3975 in
912 3911 1022 3978 stallis
1057 3911 1279 3982 inferioribus:
1311 3919 1381 3977 turn
1412 3934 1570 3979 reuersus
1605 3912 1646 3978 ad

430 4022 523 4087 chori
547 4028 673 4107 partem
697 4019 871 4084 adversam
894 4018 985 4082 dabit
1008 4018 1066 4082 alii
1091 4021 1195 4104 primo
1221 4020 1253 4082 in
1286 4018 1396 4084 stallis
1421 4020 1644 4096 infer·ioribus;

429 4151 468 4193 ac
491 4131 517 4192 si
543 4129 664 4192 chorus
689 4127 839 4212 pluribus
863 4125 1041 4189 stallorum
1066 4146 1123 4189 seu
1148 4125 1301 4190 sedilium
1326 4127 1491 4192 constabit
1525 4127 1646 4192 ordini·

431 4235 499 4311 hus
525 4241 639 4321 perget
666 4233 778 4299 eadem
802 4231 956 4296 methodo
979 4253 1039 4317 pro
1065 4233 1201 4315 reliquis
1227 4236 1284 4296 uti.

517 4348 547 4407 4.
572 4346 750 4426 Postquam
774 4341 904 4406 dederit
926 4342 1015 4427 pacis
1040 4340 1190 4405 osculum
1214 4341 1326 4418 choro,
1353 4341 1469 4408 redibit
1494 4351 1572 4408 ante
1588 4343 1646 4408 hl·

429 4461 512 4524 tare,
537 4448 802 4534 genuflexionem
824 4448 959 4512 iterabit
982 4453 1016 4511 et
1039 4467 1075 4510 se
1099 4454 1298 4513 convertens
1321 4470 1422 4534 super
1445 4471 1537 4516 suam
1569 4452 1646 4515 sini·

430 4565 541 4632 stram,
567 4578 678 4642 pacem
703 4557 793 4622 ‹lairit
824 4555 1089 4621 Caeremoniario
1126 4553 1177 4622 rol
1215 4556 1443 4630 thuriferario,
1478 4559 1533 4641 qui
1568 4578 1643 4622 eum
