4175 5717
606 686 669 754 132
986 722 990 729 ·
1068 707 1134 755 me.
1158 707 1180 754 r.

514 813 628 878 narius
651 813 817 879 honorare
840 814 934 891 velit,
958 813 1064 880 donec
1086 814 1127 879 ab
1151 813 1229 899 ipsis
1254 811 1405 879 orabitur
1420 817 1455 879 et
1470 814 1602 881 initium
1617 836 1735 885 sacrae

515 921 696 987 functionis
720 918 786 985 fiet.

603 1030 633 1091 7.
659 1028 695 1091 ln
720 1028 903 1103 MatutiniS,
928 1046 1012 1111 quae
1036 1032 1219 1093 cantantur
1241 1027 1438 1114 solemniter
1452 1028 1488 1094 in
1502 1029 1735 1117 festisprima-

516 1138 583 1213 riis,
608 1140 766 1222 poterunt
788 1134 916 1220 pulsari
940 1153 1066 1219 organa
1089 1154 1193 1217 usque
1216 1133 1257 1199 ab
1281 1133 1418 1199 illorum
1442 1137 1613 1221 principio.

603 1243 634 1307 8.
660 1242 791 1327 Regula
813 1242 981 1327 generalis
1005 1243 1176 1317 statuitur,
1202 1240 1288 1326 quod
1311 1243 1346 1305 in
1370 1242 1540 1330 Vesperis,
1562 1244 1735 1312 Matutinis

515 1357 550 1416 et
585 1350 692 1414 Missis
722 1350 847 1434 primus
881 1349 1089 1414 canticorum
1119 1349 1386 1434 hymnorumque
1417 1369 1536 1416 versus
1567 1352 1736 1419 canendus

516 1459 559 1523 sit
584 1477 605 1521 a
635 1457 748 1532 choro;
775 1456 886 1521 itidem
916 1455 1101 1521 cantandus
1131 1458 1165 1520 in
1196 1456 1330 1542 hymnis
1361 1461 1415 1522 est
1443 1476 1562 1523 versus
1592 1458 1662 1537 ille,
1692 1460 1736 1526 ad

516 1586 612 1650 quem
636 1566 701 1630 erit
731 1562 1030 1649 genuflectendum,
1063 1584 1116 1628 ex.
1148 1584 1179 1650 g.
1216 1564 1262 1630 Te
1292 1584 1388 1649 erpo,
1421 1584 1639 1651 quaesumus
1669 1572 1733 1633 ete.

516 1677 615 1741 Alter
643 1674 795 1740 Tantum
818 1693 902 1759 erpo
925 1673 1032 1738 etalii
1048 1672 1245 1739 huiusmodi:
1262 1674 1389 1758 pariter
1404 1674 1589 1741 cantandus
1604 1693 1734 1761 semper

516 1789 568 1849 est
589 1787 622 1856 i.
650 1782 771 1848 emta
795 1781 908 1854 Patri,
931 1781 995 1845 etsi
1018 1800 1138 1845 versus
1155 1780 1341 1846 immediate
1360 1780 1564 1866 praecedens
1579 1787 1745 1848 cantatus·

516 1895 604 1955 esset
627 1909 646 1952 a
670 1888 782 1953 choro:
807 1888 871 1953 hoc
894 1888 993 1953 etiam
1027 1887 1260 1953 observabitur
1283 1888 1317 1952 in
1348 1887 1501 1954 versibus
1533 1889 1733 1975 hymnorum

516 1996 681 2063 finalibus.

602 2103 633 2168 9.
658 2102 709 2168 Ad
731 2102 839 2167 Horas
863 2103 1007 2169 minores
1023 2122 1108 2187 quae
1124 2103 1310 2168 recitantur
1326 2102 1382 2168 vel
1398 2107 1580 2168 cantantur
1595 2123 1615 2168 a
1630 2104 1734 2170 choro

514 2231 581 2275 non
605 2218 656 2275 est
679 2210 939 2295 interponendas
963 2212 1080 2295 organi
1105 2230 1214 2275 sonus:
1239 2211 1290 2275 sin
1314 2231 1383 2276 mos
1407 2217 1505 2288 esset,
1527 2213 1651 2297 poterit
1666 2231 1735 2277 ser·

515 2322 597 2395 vari,
622 2321 816 2406 praesertim
839 2320 872 2382 in
896 2320 981 2384 hora
1004 2319 1127 2394 Tertia,
1144 2337 1246 2403 quum
1261 2319 1396 2383 canitur
1410 2325 1490 2385 ante
1505 2319 1639 2386 Missam
1655 2339 1736 2406 pon·

513 2427 680 2504 tificalem,
704 2426 781 2491 dum
806 2427 987 2512 Episcopus
1011 2427 1115 2491 sacris
1139 2426 1343 2511 paramentis
1365 2426 1526 2492 induitur.

604 2536 654 2599 10.
680 2533 867 2600 Notandum
883 2532 969 2618 quod
985 2534 1256 2617 quotiescumque
1272 2533 1427 2598 volumus
1443 2539 1483 2599 ut
1501 2534 1656 2600 videatur
1671 2556 1733 2622 ope

514 2662 716 2729 organorum
739 2642 869 2707 cantari
891 2646 952 2706 aut
974 2640 1168 2726 responderi
1184 2640 1378 2706 alternatim
1397 2660 1516 2708 versus
1530 2642 1731 2728 hymnorum

511 2775 570 2819 seu
594 2752 810 2824 canticorum,
834 2748 922 2814 adsit
943 2749 978 2813 in
1001 2749 1105 2813 choro
1122 2749 1178 2831 qui
1195 2767 1277 2813 voce
1294 2746 1498 2833 intelligibili
1514 2750 1634 2815 recitet
1649 2770 1731 2814 ver-

512 2885 584 2929 sum
607 2863 660 2927 oui
686 2858 907 2946 respondetur
929 2859 1074 2944 organis.
1099 2859 1200 2923 lmmo
1223 2857 1404 2944 optandum
1428 2864 1526 2935 esset,
1551 2863 1589 2924 ut
1612 2863 1733 2925 cantor

512 2971 632 3055 aliquis
656 2988 820 3033 unacum
845 2985 1046 3051 organorum
1070 2986 1152 3032 sono
1176 2986 1258 3036 voce
1281 2966 1456 3052 perspicua
1478 2967 1640 3033 recitaret
1655 2985 1746 3032 ver--

513 3099 584 3144 sum
609 3080 724 3163 ipsum.

604 3186 652 3250 ll.
677 3186 714 3249 ln
738 3184 896 3268 Vesperis
920 3181 1122 3248 solemnibus
1146 3182 1258 3247 solent
1288 3182 1415 3267 pulsari
1445 3201 1572 3267 organa
1601 3183 1636 3246 in
1665 3180 1733 3248 fine

510 3297 670 3377 cuiusque
693 3293 820 3378 psalmi,
845 3289 1161 3383 atquealternatim
1185 3289 1226 3355 ad
1250 3310 1369 3356 versus
1385 3290 1586 3376 hymnorum
1602 3294 1637 3356 et
1656 3310 1735 3356 can·

512 3393 664 3476 ticorum,
689 3399 808 3485 regula
831 3399 984 3485 superius
1008 3397 1143 3462 tradita.

602 3509 651 3573 12.
677 3509 714 3571 ln
737 3508 847 3572 Missis
871 3505 1074 3571 solemnibus
1105 3506 1278 3571 sonabitur
1308 3506 1442 3591 organis
1475 3506 1568 3571 initio
1599 3506 1732 3582 Missae,

510 3624 585 3703 post
609 3614 802 3702 Epistolam,
827 3612 868 3678 ad
892 3610 1119 3690 offertorium,
1144 3619 1293 3698 tempore
1310 3612 1464 3688 canonis,
1488 3613 1734 3679 communionis

511 3730 546 3790 et
569 3726 602 3788 in
626 3724 719 3788 exitu
750 3722 882 3786 Missae:
914 3722 1087 3787 sonabitur
1117 3728 1229 3786 autem
1258 3721 1451 3786 alternatim
1482 3720 1560 3785 dum
1591 3725 1733 3785 canetur
1803 3743 1830 3820 Ι·

512 3832 622 3917 Kym'e
644 3836 679 3894 et
704 3828 886 3897 Gloriam
909 3831 1069 3906 eccelsia,
1094 3828 1247 3897 Sanetus
1270 3829 1453 3913 attiguus
1480 3827 1554 3895 Dei.
1586 3828 1638 3894 Ad
1664 3827 1734 3894 ele·

510 3942 677 4005 vationem
702 3937 758 4003 SS.
785 3936 990 4003 Sacramenti
1014 3940 1150 4023 gravius
1174 3940 1374 4020 suaviusque
1397 3935 1579 4003 sonabitur.

558 4106 561 4111 .
602 4046 651 4111 13.
677 4045 785 4119 Quum
809 4045 980 4131 symbolus
1003 4046 1069 4111 erit
1092 4046 1293 4122 recitandus,
1317 4064 1338 4108 a
1360 4045 1463 4110 choro
1487 4064 1530 4109 ex
1553 4050 1625 4110 toto
1648 4063 1732 4109 can-

510 4154 646 4228 tabitur,
672 4152 767 4217 nullo
790 4152 919 4218 adiecto
943 4171 1146 4237 organorum
1169 4173 1260 4218 sono.
1665 4168 1669 4179 ’

602 4261 650 4325 14.
676 4260 712 4324 ln
737 4261 846 4326 Missis
874 4265 909 4326 et
939 4259 1054 4325 officiis
1085 4280 1145 4345 pro
1176 4260 1342 4325 defunctis
1374 4260 1509 4345 organis
1539 4259 1634 4327 locus
1664 4279 1732 4326 non

510 4373 571 4444 est,
597 4388 703 4452 neque
726 4368 800 4433 aliis
824 4368 1064 4442 instrumentis,
1089 4387 1197 4451 neque
1227 4369 1372 4433 musicae
1404 4366 1579 4454 figuratae.
1603 4368 1729 4435 Eadem

510 4476 630 4559 regula
652 4475 779 4540 valebit
800 4477 834 4539 in
858 4473 1119 4558 Quadragesima
1142 4481 1176 4540 et
1199 4477 1233 4540 in
1256 4475 1411 4542 Adventu
1440 4498 1500 4563 pre
1530 4478 1645 4545 diebus
1675 4479 1730 4544 fe-

511 4583 661 4660 rialibus,
684 4604 785 4667 quum
809 4581 952 4647 officium
976 4580 1016 4646 de
1040 4588 1190 4667 tempore
1213 4584 1449 4650 celebrabitur.
