4175 5717
526 753 569 818 88
974 767 1038 814 run.
1065 767 1113 814 ur.

439 883 471 945 in
496 881 565 948 basi
590 881 632 945 ibi
657 887 854 968 praeparata
869 881 910 946 ad
926 886 1026 966 caput
1041 878 1201 955 defuncti,
1220 885 1254 944 et
1270 879 1442 946 Parochus
1463 875 1655 964 ingrediens

439 995 471 1054 in
495 991 678 1065 ecclesiam,
695 990 824 1056 desinet
840 991 984 1054 recitare
1000 989 1144 1074 psalmos
1161 995 1195 1055 et
1211 987 1298 1054 dicet
1314 994 1418 1054 totam
1439 987 1655 1074 antiphonam

441 1097 662 1164 aculeatum
686 1099 832 1164 Domino
856 1117 935 1165 orso
959 1098 1156 1164 humiliato.

526 1209 555 1270 8.
581 1207 736 1291 Deposito
759 1207 791 1270 in
816 1204 959 1270 ecclesia
982 1204 1119 1282 feretro,
1145 1204 1316 1270 Parochus
1340 1203 1495 1271 recitabit
1511 1213 1548 1284 m.
1569 1201 1658 1270 Sub·

438 1316 551 1380 uenite
580 1315 696 1380 suncti
725 1314 790 1378 Dei
815 1319 879 1377 etc.
905 1313 999 1377 utin
1023 1312 1160 1388 Rituali‚
1185 1333 1250 1396 quo
1281 1313 1446 1389 absoluto,
1478 1311 1656 1396 extinguet

439 1421 611 1486 candelam
635 1427 670 1486 et
693 1420 912 1506 praecedente
936 1420 1062 1486 clerico
1087 1440 1161 1486 cum
1186 1421 1293 1486 Cruce
1309 1419 1558 1508 processionali,
1577 1439 1656 1505 pro-

438 1528 534 1594 cedet
556 1527 597 1592 ad
621 1527 740 1592 Altare
763 1547 823 1615 pro
846 1527 1018 1593 recitando
1041 1525 1158 1593 officio.

526 1637 557 1702 9.
582 1637 618 1700 ln
644 1634 852 1722 presbyterio
875 1636 1095 1722 disponentur
1117 1635 1183 1701 duo
1206 1635 1364 1712 scabella,
1389 1635 1536 1702 alterum
1557 1635 1592 1700 in
1609 1635 1655 1700 la·

438 1749 510 1810 tere
540 1743 716 1828 Evangelii
746 1764 806 1830 pro
837 1745 1001 1822 Parocho,
1032 1743 1178 1811 alterum
1203 1745 1235 1809 in
1259 1744 1369 1810 latere
1394 1743 1571 1830 Epistolae
1594 1761 1654 1829 pro

438 1853 572 1928 clerico,
597 1871 698 1916 unum
722 1871 741 1917 e
765 1853 901 1935 regione
923 1850 1076 1917 alterius.

528 1961 578 2026 10.
603 1957 755 2026 Officium
779 1959 976 2026 recitabitur
999 1947 1165 2046 integrum
1183 1981 1257 2026 cunr
1275 1961 1476 2036 invitatorio,
1494 1961 1563 2025 tria
1579 1979 1655 2026 noc·

435 2076 537 2135 turna
560 2075 594 2134 et
617 2068 747 2134 Laudes
770 2068 963 2135 alternatim
986 2090 1007 2135 a
1030 2069 1183 2135 Parocho
1207 2089 1282 2134 cum
1306 2067 1439 2144 clerico,
1464 2073 1500 2132 et
1521 2067 1579 2132 hic
1595 2085 1653 2132 suo

435 2177 512 2242 loco
535 2195 682 2252 manens,
707 2195 769 2242 nec
792 2175 975 2262 procedens
999 2179 1033 2241 in
1058 2176 1209 2252 medium,
1234 2175 1389 2242 recitabit
1412 2175 1652 2252 invitatorium,

434 2283 621 2349 versiculos
644 2289 679 2348 et
700 2283 873 2350 lectiones.
899 2285 936 2348 ln
959 2284 1078 2350 stando
1102 2291 1136 2351 et
1153 2283 1297 2350 sedendo
1317 2281 1552 2348 observabitur
1568 2281 1653 2368 quod

433 2390 511 2454 alibi
528 2390 687 2456 traditum
703 2397 763 2466 est,
782 2391 939 2456 videlicet
956 2393 1185 2456 invitatorium
1202 2389 1392 2456 recitabunt
1411 2394 1551 2466 stantes,
1569 2389 1655 2476 psal·

435 2517 504 2562 mos
521 2517 596 2562 cum
611 2499 801 2583 antiphonis
817 2497 980 2572 sedentes,
998 2499 1108 2565 Pater
1120 2505 1240 2565 noster
1253 2505 1331 2563 ante
1345 2497 1508 2563 lectiones
1525 2503 1653 2562 stantes

435 2611 469 2669 et
492 2605 526 2669 in
548 2606 745 2670 recitatione
768 2605 949 2670 lectionum
971 2606 1143 2670 Parochus
1161 2605 1288 2670 sedebit
1303 2606 1446 2688 itemque
1464 2605 1498 2668 in
1516 2623 1654 2690 respon·

433 2711 540 2776 dendo
563 2711 604 2777 ad
628 2714 849 2797 responsoria.
875 2713 1086 2782 Benedictus
1111 2711 1306 2778 recitabitur
1329 2710 1447 2778 stando
1471 2717 1506 2776 et
1537 2729 1653 2799 preces

435 2825 468 2887 in
498 2822 562 2889 fine
593 2823 747 2890 dicentur
778 2824 917 2909 genibus
948 2822 1055 2909 flexis,
1080 2825 1252 2890 Parochus
1276 2829 1388 2889 autem
1411 2831 1570 2908 assurget
1592 2841 1653 2910 pro

436 2930 606 2996 recitanda
629 2933 791 2996 oratione.

524 3039 574 3102 ll.
599 3040 679 3104 Post
703 3037 845 3104 officium
862 3039 1088 3107 celebrabitur
1104 3041 1206 3105 Missa
1223 3041 1254 3103 in
1273 3035 1467 3123 suffragium
1490 3037 1652 3112 defuncti,

435 3147 468 3208 in
491 3165 556 3229 qua
580 3146 663 3210 nihil
688 3146 869 3212 notandum
893 3149 1050 3224 occurrit,
1076 3153 1192 3233 utpote
1216 3148 1357 3233 privata.

526 3253 575 3318 1⁶2.
600 3255 750 3320 Clericus
774 3254 984 3342 praeparabit
1005 3255 1155 3342 pluviale
1179 3256 1265 3339 nigri
1283 3255 1404 3320 coloris
1422 3273 1524 3340 super
1539 3253 1653 3338 aliquo

434 3361 582 3426 scabello
606 3364 640 3426 in
662 3363 770 3427 latere
794 3363 965 3449 Epistolne
987 3369 1023 3427 et
1036 3363 1252 3449 praeparabit
1267 3363 1366 3427 etiarn
1382 3381 1484 3448 prope
1504 3361 1652 3428 cadaver

433 3469 577 3534 alterum
600 3466 785 3534 scabellum
808 3470 864 3534 vel
887 3489 1027 3554 parvum
1050 3469 1189 3535 abacum
1214 3489 1288 3535 cum
1315 3467 1453 3534 vasculo
1469 3487 1577 3554 aquae
1601 3469 1653 3536 be·

433 3575 583 3641 nedictae
607 3583 739 3641 etcum
762 3579 959 3662 aspersorio,
983 3597 1058 3642 cum
1082 3577 1219 3656 Rituali,
1233 3597 1308 3643 cum
1333 3577 1517 3654 thuribulo,
1543 3583 1580 3643 et
1599 3597 1653 3642 na-

434 3683 553 3760 vicula,
578 3690 613 3751 et
635 3689 761 3751 statuet
782 3683 886 3750 basim
909 3705 969 3772 pro
994 3684 1101 3752 Gruce
1124 3685 1362 3771 processionali
1393 3683 1434 3750 ad
1465 3689 1568 3772 caput
1591 3705 1649 3752 ca-

436 3792 579 3857 daveris.
1048 3793 1050 3798 '

521 3900 571 3966 13.
597 3899 700 3966 Sacro
723 3906 868 3985 peracto,
894 3900 1076 3968 Gelebrans
1099 3921 1119 3966 a
1142 3903 1251 3966 latere
1272 3900 1451 3968 descendet
1475 3900 1519 3966 de
1540 3897 1649 3967 'cornu

432 4007 611 4095 Epistolae,
635 4007 744 4092 ibique
767 4007 916 4094 deposita
938 4009 1074 4095 planeta
1097 4015 1131 4075 et
1154 4009 1332 4096 manipulo,
1356 4008 1472 4075 induet
1496 4009 1559 4074 sibi
1582 4007 1654 4095 plu·

431 4116 519 4180 viale
542 4121 576 4180 et
598 4121 735 4201 accepto
758 4117 865 4182 bireto
888 4118 1057 4202 cooperiet
1080 4124 1180 4203 caput
1203 4137 1242 4183 ac
1265 4117 1393 4184 sedebit
1418 4119 1452 4182 in
1485 4117 1646 4194 scabello,

431 4229 611 4308 expectans
635 4222 712 4289 dum
737 4225 880 4291 clericus
911 4232 1038 4290 statuat
1061 4226 1162 4291 basim
1191 4246 1250 4310 pro
1275 4225 1381 4291 Oruce
1405 4223 1646 4310 processionali

431 4330 470 4394 ad
495 4338 595 4416 caput
618 4331 790 4400 cadaveris
813 4341 848 4400 et
870 4341 1046 4421 praeparet
1070 4337 1179 4421 ignem
1203 4337 1236 4399 in
1261 4334 1444 4410 thuribulo,
1469 4334 1646 4402 vasculum

431 4442 465 4502 et
489 4439 623 4504 Rituale
647 4441 679 4504 in
704 4441 806 4509 abaco
829 4464 888 4510 seu
912 4441 1059 4509 scabello
1084 4445 1190 4529 posito
1214 4460 1314 4529 prope
1345 4442 1500 4520 cadaver,
1526 4451 1566 4510 ut
1589 4465 1647 4510 au-

435 4546 546 4627 perius
570 4553 720 4613 notatum
744 4558 804 4616 est.

523 4654 571 4722 lt.
596 4657 823 4724 Praecedente
847 4660 971 4726 clerico
995 4680 1070 4725 cum
1096 4659 1212 4732 (truce,
1239 4658 1423 4727 Celebrans
1448 4662 1480 4726 in
1506 4662 1651 4730 medium
