4175 5717
531 737 596 808 268
988 747 1054 806 tre.
1080 753 1114 806 11.

440 865 648 933 nuflexiones
671 866 894 953 praescriptas
916 883 987 950 cap.
1005 866 1080 932 Vll.
1097 865 1138 932 de
1154 867 1256 933 Missa
1271 865 1412 934 solemni
1427 865 1581 936 ante'SS.
1599 863 1662 936 Sa·

441 979 649 1041 crementum
673 973 870 1062 expositum.

528 1083 581 1149 29.
607 1082 740 1148 Interea
763 1079 932 1158 Canonici,
945 1081 985 1144 -si
1007 1079 1151 1146 ecclesia
1174 1083 1239 1147 erit
1268 1081 1486 1160 cathedralis,
1516 1067 1666 1170 perge'nt

439 1193 473 1256 in
498 1191 691 1263 sacrarium,
716 1187 898 1254 induentur
921 1187 1025 1252 sacris
1048 1190 1253 1272 paramentis
1276 1195 1311 1254 et
1333 1191 1368 1254 in
1399 1189 1540 1256 chorum
1568 1189 1667 1256 redi-

440 1299 533 1364 bunt.
558 1293 1093 1384 1111991111199191139191919111,
1119 1297 1173 1379 qui
1198 1295 1337 1361 induent
1361 1296 1423 1362 sibi
1445 1295 1608 1384 pluviale,
1623 1317 1666 1364 eo
1754 1377 1756 1382 Ι

439 1406 526 1492 quod
550 1405 664 1470 hastas
687 1403 874 1470 umbraculi
896 1404 1064 1489 gestaturi
1087 1408 1175 1478 sunt,
1197 1410 1231 1470 et
1255 1403 1484 1470 subdiaconus
1510 1411 1668 1492 gestatu-

439 1536 498 1580 rus
522 1513 672 1590 Crucem,
696 1513 752 1596 qui
775 1531 889 1578 omnes
918 1511 979 1578 sub
1010 1513 1138 1577 exitum
1169 1512 1290 1578 Missae
1320 1517 1454 1598 praesto
1475 1519 1588 1580 erunt
1621 1513 1666 1580 ad

439 1623 569 1690 Altare.
1398 1643 1400 1648 ·

525 1731 579 1796 30.
603 1728 726 1796 Paullo
748 1733 827 1794 ente
850 1727 906 1794 vel
930 1727 1047 1813 paullo
1070 1733 1145 1814 poet
1167 1727 1379 1794 medietatem
1403 1728 1536 1808 Missae,
1562 1729 1667 1798 iuxta

437 1857 611 1904 numerum
634 1855 810 1923 corporum
833 1855 891 1900 seu
916 1834 1147 1920 collegiorum,
1171 1835 1289 1919 quibus
1319 1835 1487 1903 constabit
1518 1856 1667 1924 prooes-

437 1948 496 2020 si0‚
522 1943 819 2018 Caeremoniarius,
842 1941 1077 2008 adiuvantibus
1101 1940 1234 2008 clericis
1250 1942 1455 2026 quibusdam,
1471 1945 1666 2030 processio-

438 2053 570 2117 nemin
599 2049 749 2116 ordinem
778 2048 931 2138 disponet
961 2056 1008 2124 ut,
1039 2055 1176 2135 peracto
1208 2049 1321 2127 Sacro,
1352 2052 1424 2117 sine
1456 2050 1532 2118 ulle
1562 2071 1666 2122 mora

437 2160 541 2246 possit
565 2158 746 2225 Celebrans
770 2154 943 2244 proficisci.
1342 2153 1344 2158 ’
1531 2243 1536 2252 Ι

524 2268 577 2334 31.
602 2265 757 2333 Aderunt
778 2265 894 2331 clerIci
918 2263 1064 2350 delegati
1088 2266 1265 2332 intorticds
1288 2273 1323 2332 ot
1338 2264 1487 2334 candelis
1503 2271 1665 2338 aooensis

434 2373 670 2442 distribuendis
695 2372 794 2439 Clero
817 2377 852 2438 et
874 2371 1022 2456 reliquis,
1048 2391 1189 2456 quorum
1213 2379 1265 2438 est
1288 2393 1344 2439 eas
1374 2379 1520 2460 gesture
1555 2375 1666 2444 Clero

434 2487 545 2548 autem
570 2481 603 2546 in
626 2480 730 2546 choro
753 2478 1008 2555 distribuentur,
1032 2485 1208 2567 postquem
1231 2478 1356 2546 donata
1377 2501 1444 2568 pax
1468 2483 1546 2549 erit

520 2589 574 2654 32.
589 2588 774 2674 ΙΡ1·99999ἰο
797 2592 909 2652 autem
932 2589 1084 2671 sequenti
1108 2586 1225 2654 ordine
1248 2586 1421 2674 dirigetur.

523 2695 576 2761 33.
601 2695 740 2780 Signum
756 2692 825 2759 albi
840 2694 964 2760 coloris
979 2712 1038 2760 seu
1055 2694 1219 2760 vexillum
1236 2713 1313 2760 cum
1329 2701 1505 2762 stemmate
1521 2695 1584 2766 SS.
1603 2697 1664 2768 Sa·

434 2803 595 2869 crementi
618 2821 639 2867 a
661 2802 786 2868 clerico
809 2805 987 2887 gestatum.

521 2911 574 2976 34.
601 2908 903 2975 Confraternitatos
925 2908 1088 2975 laicorum
1111 2929 1186 2976 oum
1210 2909 1280 2976 suis
1304 2911 1501 2998 insignibus,
1518 2931 1666 2986 servan-

433 3025 484 3082 tes
508 3016 656 3082 ordinem
679 3015 934 3102 praecedentiae
957 3017 997 3082 ab
1022 3018 1148 3103 epocha
1171 3038 1251 3084 suae
1274 3019 1504 3086 iustitutIonis.

521 3125 575 3188 35.
599 3122 785 3208 Regulares
808 3128 843 3187 et
865 3122 1123 3207 unumquodque
1146 3143 1267 3212 corpus
1292 3124 1448 3192 incedent
1468 3131 1547 3214 poet
1571 3149 1660 3216 pro-

433 3233 537 3318 priam
562 3230 711 3306 Crucem,
736 3228 946 3295 divereema
974 3229 1081 3296 Cruce
1115 3230 1215 3309 Cleri,
1247 3251 1323 3298 cum
1353 3253 1463 3320 pauno
1494 3253 1659 3322 appenso,

433 3340 512 3404 etio
525 3337 641 3402 ordine
653 3335 906 3422 praecedentiae
919 3336 1153 3404 observabitur
1170 3338 1371 3406 Constitutio
1388 3339 1544 3428 Gregorii
1561 3343 1659 3412 XIII.

432 3446 602 3530 Eaposcit
621 3446 815 3528 pastoralis
837 3443 891 3510 25.
915 3444 982 3512 Jul.
1010 3443 1105 3510 1585.

519 3552 573 3618 36.
597 3551 749 3619 Curiales
773 3558 808 3617 et
829 3549 997 3620 OfficIales
1020 3555 1127 3638 togati
1150 3560 1251 3639 atque
1281 3553 1401 3622 ultimo
1431 3555 1508 3624 loco
1539 3557 1660 3650 11931-

431 3667 569 3739 stratus,
593 3661 822 3744 unusquisque
843 3679 919 3726 cum
942 3660 1111 3726 intortIcIo
1133 3681 1286 3730 accenso.
1352 3687 1364 3714 ··
1416 3709 1420 3716 -

517 3767 571 3832 37.
596 3766 688 3833 Crux
713 3766 804 3833 Cleri
825 3769 915 3832 inter
938 3767 1127 3854 Aoolythos
1149 3789 1225 3835 oum
1242 3769 1463 3850 candelabris,
1479 3791 1521 3840 ac
1537 3775 1568 3840 si
1585 3773 1659 3844 Ca·-

430 3876 541 3941 nonici
568 3881 669 3941 erunt
698 3875 815 3962 parati,
847 3873 1076 3948 Sudeaoouus
1107 3877 1216 3956 etiam,
1247 3879 1303 3964 qui
1331 3879 1477 3966 gestabIt
1499 3879 1659 3950 'Crucem

303 4037 306 4042 .
430 3982 532 4060 Cleri,
557 3984 661 4049 sacris
691 3975 839 4050 vestibus
863 4003 923 4050 seu
954 3983 1118 4050 tunicella
1148 3984 1284 4052 iudutus
1319 3988 1393 4064 erit,
1425 3993 1465 4054 ut
1493 3991 1661 4076 superius

428 4092 589 4157 traditum
613 4097 674 4158 est.

516 4201 569 4266 38.
595 4200 725 4266 Chorus
749 4204 932 4274 cantorum,
958 4202 1014 4284 qui
1044 4199 1216 4267 candelam
1247 4221 1315 4268 non
1341 4202 1567 4284 sustinebunt,
1592 4203 1656 4276 sed

429 4307 611 4372 cantabunt
633 4307 774 4392 hymnos
791 4308 1023 4393 praescriptos.

518 4415 572 4480 39.
597 4414 719 4479 Clerici
744 4411 931 4479 Seminarii.

516 4522 570 4586 40.
594 4522 738 4587 Perochi
759 4520 866 4589 induti
889 4525 1132 4610 superpelliceo
1150 4525 1220 4591 sive
1238 4525 1652 4620 911191191311119,91919

429 4630 563 4712 proprIa
580 4628 758 4696 habebunt.
