4175 5717
523 687 585 751 108
982 705 1048 755 nra.
1071 703 1091 754 1.

431 834 511 900 pore
540 815 712 900 accipient,
743 812 900 901 priusque
923 814 1107 892 candelam,
1138 814 1257 882 deinde
1281 835 1414 881 manum
1438 811 1648 882 Celebrantis

432 923 681 988 osculabuntur.
707 922 878 1008 Deponent
908 941 1008 1008 super
1030 922 1168 988 abacum
1199 922 1372 988 candelam
1403 929 1584 1010 acceptam,
1607 923 1651 990 si·

432 1030 562 1114 quidem
585 1050 657 1096 eam
679 1031 714 1094 in
736 1030 909 1096 iunctione
931 1049 998 1095 non
1021 1029 1215 1096 accendent.

519 1139 572 1202 86.
597 1137 665 1204 Sub
688 1137 930 1203 distributionis
952 1135 1050 1202 finem
1078 1139 1113 1202 in
1141 1143 1294 1223 promptu
1325 1137 1495 1203 habebunt
1524 1136 1646 1223 pelvim

433 1266 507 1312 cum
538 1263 639 1310 urceo
670 1252 704 1310 et
733 1246 952 1332 manutergio,
977 1250 1016 1310 ut
1044 1243 1250 1334 ablutionem
1281 1243 1485 1323 celebranti,
1514 1249 1650 1331 peracta

432 1352 673 1428 distributione,
698 1353 895 1418 ministrent.

521 1461 573 1523 87.
599 1458 815 1534 candelabra,
840 1480 939 1544 quum
963 1461 1027 1524 erit
1052 1466 1191 1545 tempus,
1216 1467 1348 1526 sument
1375 1466 1409 1525 et
1432 1478 1505 1526 sese
1527 1457 1651 1524 addent

434 1567 640 1632 Subdiacono
664 1567 803 1633 Crucem
828 1568 862 1631 in
885 1568 1095 1652 processione
1119 1568 1273 1653 gestanti.
1299 1568 1393 1632 Hanc
1423 1566 1649 1633 moderabitur

433 1673 718 1740 caeremoniarius
748 1677 837 1738 intus
870 1673 926 1738 vel
949 1676 1047 1739 etiam
1083 1674 1165 1739 foris
1197 1674 1390 1742 Ecclesiam.
1418 1674 1577 1760 Acolythi
1606 1673 1648 1739 ab

433 1782 542 1846 Altari
573 1781 779 1847 discedentes
809 1778 1076 1866 genuflexionem
1108 1779 1261 1858 efficient,
1285 1801 1383 1866 quam
1413 1781 1584 1847 iterabant
1614 1782 1647 1845 in

431 1891 642 1975 processione
665 1889 853 1962 redeuntes,
878 1909 939 1955 nec
964 1910 1029 1956 non
1053 1891 1080 1954 si
1103 1896 1182 1956 ante
1206 1889 1324 1955 Altare
1355 1889 1412 1955 SS.
1442 1890 1648 1956 Sacramenti

431 2000 474 2062 sit
496 1997 747 2063 transeundum.

516 2107 569 2170 88.
593 2105 733 2171 Raversi
756 2104 797 2170 ad
821 2105 949 2181 Altare,
974 2104 1175 2172 candelabra
1198 2125 1298 2192 super
1313 2105 1451 2171 abacum
1468 2105 1647 2192 deponent,

430 2223 502 2279 tum
524 2214 694 2278 Ministros
718 2212 923 2278 adiuvabant
946 2214 980 2276 in
1003 2212 1207 2278 dimittendis
1223 2212 1423 2298 paramentis
1440 2214 1597 2280 violaceis
1613 2219 1649 2280 et

430 2321 504 2385 aliis
529 2320 596 2386 albi
619 2320 742 2386 coloris
766 2318 950 2385 induendis.

519 2428 571 2492 89.
596 2428 633 2491 ln
657 2427 758 2492 Missa
781 2427 921 2493 solemni
943 2427 1026 2492 nihil
1043 2434 1096 2493 est
1119 2427 1368 2504 immutandum,
1388 2447 1427 2515 ac
1447 2429 1475 2493 si
1498 2426 1651 2512 acolythi

431 2534 591 2601 deberent
613 2536 647 2599 iu
670 2535 773 2600 choro
796 2534 980 2600 accendere
1005 2534 1095 2601 Cleri
1111 2533 1277 2611 candelas,
1295 2535 1421 2600 facient
1439 2541 1517 2600 ante
1542 2535 1652 2599 Evan-

431 2642 555 2726 gelium
579 2649 610 2707 et
635 2641 873 2727 praefationem
897 2641 1090 2708 canendam.

519 2751 572 2815 90.
597 2749 631 2815 Si
654 2750 776 2815 festum
800 2749 863 2815 boc
887 2751 926 2819 in¹
943 2750 1141 2816 dominicam
1163 2748 1317 2815 inciderit
1333 2749 1497 2815 secundae
1520 2749 1647 2824 classis,

431 2867 571 2924 canetur
595 2859 696 2923 Missa
718 2857 759 2923 de
787 2857 965 2935 Dominica,
989 2864 1089 2941 atque
1113 2858 1176 2922 hoc
1200 2877 1280 2922 casu
1304 2859 1391 2922 sacri
1421 2857 1565 2923 Ministri
1595 2857 1651 2923 de-

432 2973 556 3051 ponent
579 2965 730 3051 planetas
756 2964 894 3050 plicatas
919 2965 1086 3030 violaceas
1109 2971 1208 3048 atque
1233 2963 1377 3042 ¹induent
1409 2964 1469 3030 sibi
1500 2964 1650 3030 dalmati·

431 3093 503 3137 cam
519 3081 553 3137 et
568 3072 764 3138 tunicellam
787 3071 910 3138 coloris
933 3071 1046 3137 itidem
1070 3072 1211 3136 violacei
1226 3090 1301 3136 cum
1318 3071 1487 3156 manipulo
1503 3071 1649 3137 eiusdem

430 3181 563 3248 (zeleris.
588 3199 694 3263 neque
718 3178 944 3244 accendentur
968 3199 988 3242 a
1012 3178 1110 3244 Glero
1134 3180 1168 3241 in
1192 3178 1293 3242 Missa
1316 3176 1485 3242 candelae.

739 3396 770 3477 ἓ.
798 3393 846 3457 12.
872 3394 916 3459 Ia
939 3392 1047 3459 Faria
1070 3392 1132 3457 IV.
1160 3393 1338 3459 Cinaram.

519 3610 572 3673 91.
598 3609 758 3694 Acolythi
782 3612 815 3674 in
839 3610 983 3674 sacrario
1008 3607 1188 3672 Diaconum
1214 3615 1246 3672 et
1276 3606 1518 3673 Subdiaconum
1544 3609 1576 3672 in
1602 3610 1649 3673 in·

432 3717 570 3783 ditandis
594 3718 697 3782 sacris
721 3718 926 3782 vestimentis
949 3715 1163 3781 adiuvabunt.

518 3824 571 3888 92.
596 3825 679 3889 'l'urn
702 3823 903 3889 candelabra
926 3824 1089 3908 accipient
1112 3831 1145 3888 et
1174 3823 1354 3908 procedent
1370 3821 1410 3887 ad
1435 3823 1565 3900 Altero,
1582 3843 1647 3907 quo

432 3954 531 4018 quum
563 3933 717 3998 venerint
747 3924 1012 4016 genuflexionem
1049 3950 1215 3996 unacum
1246 3931 1407 3996 Ministris
1434 3930 1475 3996 ad
1507 3930 1648 3996 Crucem

430 4038 582 4117 efficient,
606 4038 908 4105 animadvertentes
926 4038 1012 4122 quod
1030 4041 1063 4102 in
1082 4038 1254 4103 iunctione
1270 4044 1425 4103 anteacta
1449 4040 1647 4112 notavimus,

429 4153 455 4213 si
481 4150 599 4215 Olenus
623 4150 656 4211 in
680 4147 782 4211 choro
805 4145 945 4220 adesset
960 4145 1162 4211 candelabra
1185 4166 1285 4231 super
1307 4146 1446 4211 abacum
1469 4144 1563 4209 ibunt
1586 4144 1648 4208 de-

430 4260 570 4341 positum
594 4262 628 4320 et
651 4274 752 4340 prope
784 4256 888 4338 ipsum
924 4253 1104 4318 manebunt
1127 4260 1197 4318 toto
1228 4252 1466 4318 benedictionis
1498 4254 1647 4316 cinerum

431 4381 588 4449 ternpore.

517 4472 569 4535 93.
595 4466 769 4536 Genuflexi
794 4471 938 4534 cinerem
954 4490 974 4533 a
991 4468 1191 4535 Celebrante
1214 4488 1275 4534 suo
1298 4474 1447 4555 tempore
1470 4469 1648 4553 accipient.

518 4580 570 4643 bt.
596 4579 662 4642 Sub
679 4577 919 4643 distributionis
935 4574 1032 4639 finem
1049 4575 1137 4640 alter
1161 4595 1275 4640 eorum
1293 4578 1327 4641 in
1343 4585 1497 4661 promptu
1514 4574 1649 4639 babebit
