4175 5717
525 721 586 794 leo
975 749 1042 800 ars.
1067 749 1102 800 n.

432 857 671 922 intonationem
694 858 839 924 eiusdem
862 859 976 944 hymni
1000 860 1034 922 in
1059 859 1159 925 Missa
1182 857 1315 924 Sabbati
1337 853 1455 924 macti:
1478 855 1529 926 sic
1552 853 1658 926 etiarn

432 964 623 1048 aliquandiu
648 965 814 1030 sonabunt
836 966 1053 1051 campanulae
1073 986 1157 1049 quae
1173 964 1315 1030 aderunt
1331 967 1364 1030 in
1382 965 1525 1032 ecclesia
1549 987 1661 1052 neque

433 1073 521 1157 ipsae
543 1072 684 1158 amplius
710 1073 876 1158 usquead
900 1073 1033 1138 Missam
1067 1073 1200 1138 Sabbati
1232 1074 1349 1150 sanati,
1374 1079 1413 1138 ot
1442 1093 1552 1160 supra,
1578 1075 1661 1160 pol-

434 1181 604 1244 sabuntur.
631 1181 774 1264 Organis
797 1187 908 1246 autern
932 1181 1106 1246 ¹sonabitur
1129 1179 1205 1245 dum
1236 1187 1326 1246 totos
1356 1181 1500 1266 hymnus
1535 1181 1661 1250 Clon'a

432 1288 630 1364 cantabitur,
649 1294 683 1354 et
705 1289 785 1374 ipsa,
810 1294 849 1354 ut
866 1307 1054 1374 campanae,
1074 1286 1235 1372 usquead
1250 1287 1383 1354 Missam
1401 1287 1534 1354 Sabbati
1550 1293 1662 1356 sancti

433 1395 601 1460 tacebunt.

522 1505 572 1570 Π.
597 1505 634 1570 ln
658 1504 759 1569 Missa
781 1521 848 1569 ona
877 1509 1007 1570 lantum
1039 1503 1145 1568 oratio
1178 1501 1383 1570 recitabitur.
1405 1503 1472 1568 Pro
1497 1503 1658 1570 Commo-

433 1616 530 1678 nione
555 1613 644 1678 Cleri
667 1611 898 1677 observabitur
922 1610 1008 1695 quod
1032 1611 1185 1697 superius
1203 1630 1272 1695 cap.
1299 1609 1339 1676 V.
1362 1609 1577 1676 declaratum
1597 1617 1660 1678 est.

432 1719 612 1786 Celebrans
637 1739 761 1804 ponens
784 1727 859 1804 post
881 1714 1086 1784 offertorium
1110 1718 1242 1783 Hostias
1266 1719 1330 1782 iam
1354 1717 1483 1784 oblatas
1516 1719 1546 1784 in
1579 1739 1661 1786 cor-

430 1827 547 1914 porali,
581 1826 767 1892 meminerit
797 1844 840 1890 ex
872 1845 937 1890 una
966 1831 1061 1910 parte
1090 1825 1274 1911 corporalis
1309 1825 1456 1892 eiusdem
1490 1845 1660 1912 seponere

433 1936 591 2010 Hostiam,
615 1953 699 2018 quae
730 1935 820 1999 intra
854 1931 1000 2000 Calicem
1031 1931 1221 2020 reponenda
1244 1937 1316 2010 erit,
1343 1934 1371 1998 si
1394 1935 1531 1998 minoris
1568 1939 1661 2000 esset

433 2062 618 2118 mensurae,
641 2061 683 2108 ne
706 2039 839 2107 difficile
862 2042 907 2123 sit
929 2061 1001 2106 eam
1026 2041 1069 2107 ibi
1094 2060 1268 2127 reponere.

521 2151 571 2215 18.
597 2151 632 2215 ln
657 2147 721 2214 line
744 2149 862 2234 psalmi
886 2149 1025 2216 Lavabo
1051 2148 1233 2215 Celebrans
1250 2149 1381 2214 omittet
1399 2147 1522 2216 Gloria
1538 2149 1661 2218 Patri.

432 2259 482 2329 Ad
505 2258 656 2326 Saaotas
679 2264 714 2324 et
736 2256 778 2322 ad
801 2256 1023 2324 elevationem
1051 2277 1118 2322 non
1152 2257 1341 2343 pulsabitur
1371 2257 1574 2343 campanula
1600 2255 1662 2346 (a).

432 2367 551 2433 Clerici
582 2367 785 2432 sustinentes
820 2367 995 2432 intertiata.
1021 2365 1219 2452 perstabunt
1248 2363 1388 2448 genibus
1422 2361 1520 2430 flexis
1557 2367 1663 2432 etism

431 2481 504 2559 post
527 2474 758 2550 elevationem,
783 2474 937 2557 qnoniam
960 2470 1223 2538 administranda
1245 2473 1311 2537 erit
1336 2471 1539 2538 Communia.
1565 2473 1667 2540 Reci-

433 2582 558 2649 tabitur
592 2591 625 2648 et
658 2581 848 2648 cantabitur
882 2581 1008 2666 Apaas
1031 2581 1105 2656 Dei,
1130 2580 1187 2646 sed
1211 2599 1277 2667 pax
1300 2599 1367 2644 non
1395 2580 1537 2657 dabitur,
1565 2579 1665 2648 ideo-

430 2709 492 2773 que
516 2697 688 2775 postquam
713 2689 877 2754 Diaconos
900 2693 935 2753 et
958 2686 1187 2754 Subdiaoonus
1211 2708 1286 2753 cum
1310 2687 1511 2754 Celebrante
1534 2689 1664 2756 recita·

433 2799 544 2861 verint
559 2797 684 2882 Apaas
700 2797 772 2872 Dei,
789 2792 1018 2880 genuflectent
1031 2795 1072 2860 ad
1090 2795 1352 2872 Sacramentum,
1378 2794 1545 2861 Diaconos
1567 2803 1664 2864 tran-

431 2905 507 2969 sibit
530 2903 571 2968 ad
605 2904 745 2976 laevam,
769 2910 802 2968 et
827 2902 1054 2968 subdiaconus
1084 2901 1125 2966 ad
1154 2900 1326 2967 dexteram
1358 2901 1572 2970 Celebrantis
1606 2903 1665 2970 obi

434 3012 652 3078 remanebunt
675 3033 734 3096 pro
758 3032 817 3078 suo
841 3012 1036 3076 ministerio.

523 3121 572 3186 19.
597 3121 668 3185 Duo
692 3119 807 3186 clerici
830 3119 1000 3204 eligantur
1022 3118 1064 3183 ad
1088 3117 1265 3184 tradendas
1281 3117 1386 3184 stolas
1408 3117 1665 3198 Sacerdotibus,

432 3231 486 3314 qui
511 3228 551 3292 da
574 3248 670 3292 sacra
694 3246 806 3292 mensa
829 3225 1083 3312 participabunt.
1110 3224 1233 3290 Clerici
1257 3225 1307 3289 illi
1332 3231 1406 3310 post
1440 3225 1572 3311 Apaus
1594 3227 1668 3296 De·

433 3336 602 3402 discedent
624 3335 664 3401 de
688 3334 762 3399 loco
786 3355 856 3409 suo,
880 3330 1107 3419 genuflectent
1141 3331 1240 3396 simul
1267 3321 1300 3396 in
1325 3332 1430 3398 medio
1461 3333 1502 3398 ad
1532 3333 1666 3402 Sacra-

434 3449 589 3518 mentum,
615 3444 751 3507 renient
772 3440 813 3506 ad
843 3440 992 3515 abacum,
1017 3440 1181 3526 accipient
1214 3439 1318 3504 stolas
1350 3439 1392 3504 ibi
1427 3449 1665 3528 praeparatas,

434 3551 587 3616 redibunt
610 3551 643 3614 in
667 3548 808 3615 medium
832 3549 971 3614 chorum
994 3552 1072 3613 ante
1096 3545 1225 3624 Altera,
1251 3546 1421 3613 iterabant
1444 3545 1668 3632 genuflexio-

435 3675 509 3722 nem
532 3655 573 3722 ad
597 3656 856 3731 Sacramentum,
880 3654 1079 3720 dirimentur
1102 3672 1142 3719 ao
1172 3659 1312 3738 pergent
1335 3655 1368 3718 in
1391 3655 1533 3721 chorum
1570 3657 1666 3726 alter

435 3765 466 3828 in
491 3764 580 3828 latus
604 3761 790 3846 Evangelii,
813 3761 903 3828 alter
937 3760 1108 3847 Epistolae
1132 3767 1166 3826 et
1189 3761 1294 3826 stolas
1324 3761 1461 3828 tradent
1491 3761 1667 3834 Sacerdo-

433 3871 530 3936 tibos.
548 3870 582 3934 Si
598 3869 705 3934 stolae
721 3889 860 3934 nurnero
875 3870 955 3934 satis
973 3888 1039 3934 non
1057 3874 1170 3934 essent
1186 3887 1245 3954 pro
1263 3887 1402 3934 numero
1425 3869 1664 3954 Sacerdotem,

433 3978 549 4044 clerici
572 3975 732 4063 praedicti
765 3975 880 4061 paullo
903 3983 981 4042 ante
1004 3996 1103 4059 quam
1126 3975 1291 4041 Diaconos
1323 3983 1437 4042 cantet
1471 3977 1664 4067 Confiteor,

435 4090 567 4152 sument
596 4103 639 4150 ox
662 4084 764 4149 abaco
791 4083 906 4158 stelas,
931 4085 1116 4150 consistent
1139 4103 1158 4146 a
1181 4083 1343 4149 lateribus
1374 4083 1502 4150 Altaria
1534 4105 1665 4174 eaeque

434 4193 568 4258 tradent
583 4190 818 4258 Sacerdotibus
841 4189 881 4254 ad
905 4189 1023 4255 Altare
1048 4190 1279 4256 accedentibus
1304 4197 1341 4256 ut
1365 4195 1666 4274 communicante

434 4301 550 4382 quibus
573 4306 647 4386 post
671 4299 936 4363 Communiooern
961 4317 1017 4364 eas
1052 4301 1212 4384 recipient
1236 4309 1270 4364 et
1300 4299 1437 4384 reliquis
1469 4305 1664 4370 commoni-

506 4461 546 4529 (a)
566 4459 652 4525 Quod
670 4458 707 4514 ad
726 4457 812 4514 ritum
832 4457 934 4513 attinet
952 4457 1100 4530 quatiendi
1120 4459 1263 4515 crotalum
1284 4459 1320 4515 ad
1340 4459 1467 4518 Sanctae
1489 4469 1519 4518 et
1538 4463 1576 4518 ad
1598 4463 1663 4523 ale·

436 4546 592 4614 vationem,
610 4549 646 4604 de
666 4567 723 4621 quo
742 4547 905 4621 disputatur
924 4563 942 4602 a
961 4547 1117 4612 Clerieato,
1138 4547 1245 4605 Merati
1265 4548 1396 4622 aliisque,
1416 4550 1605 4610 monebimus
1634 4555 1662 4610 id

438 4651 532 4704 neque
551 4653 568 4690 a
588 4637 706 4692 rubrica
725 4636 852 4693 Missalis
872 4653 926 4692 neo
946 4635 1162 4694 caeremoniali
1180 4638 1393 4710 Episcoporum
1414 4641 1585 4712 praescribi.
