4175 5717
515 703 559 767 48
973 719 1040 768 me.
1065 721 1101 768 11.

430 830 569 896 nedioet.
595 826 847 893 Thuriterarius
871 827 1027 895 occludet
1051 829 1260 895 thuribulum
1291 834 1326 895 et
1359 829 1500 898 dextera
1530 805 1684 910 sumet;¹

431 937 618 1003 naviculam
641 937 778 1002 sinistra
801 937 940 1022 recipiet
956 937 1143 1020 iterumque
1167 936 1207 1003 de
1224 936 1372 1003 Altaria
1391 938 1498 1004 latere
1515 938 1658 1007 descen-

432 1047 496 1112 det.
522 1045 683 1132 Acolythi
706 1043 908 1109 candelabra
931 1064 1005 1108 oum
1029 1043 1178 1109 candelis
1201 1047 1350 1111 accensis
1367 1047 1531 1133 accipient
1544 1051 1582 1113 et
1596 1065 1658 1112 ex-

433 1153 614 1241 pectabunt
636 1158 715 1218 ante
738 1152 886 1216 abacum.
912 1152 1163 1217 Thurilerarius
1186 1159 1360 1238 postquam
1383 1152 1424 1219 de
1458 1154 1570 1220 Altari
1601 1153 1661 1220 de-

432 1261 609 1336 scenderit,
636 1260 825 1325 naviculam
849 1261 882 1323 in
907 1260 1009 1325 abaco
1034 1260 1203 1344 relinquet
1226 1267 1261 1326 et
1282 1266 1401 1347 perget
1416 1266 1494 1327 ante
1509 1260 1659 1328 medium

433 1371 562 1446 Altare,
588 1367 642 1433 ubi
666 1367 748 1433 duos
773 1367 827 1432 vel
853 1373 923 1433 tres
948 1387 1064 1455 passus.
1080 1369 1120 1433 ab
1137 1367 1246 1435 infimo
1262 1353 1369 1455 gradu
1385 1368 1553 1436 subsistet.
1569 1368 1661 1436 Aco-

431 1478 519 1565 lythi
544 1476 747 1568 candelabra
769 1482 939 1562 gestantes
963 1496 1039 1542 eum
1063 1482 1246 1561 sequentur
1269 1483 1405 1544 etanta
1429 1477 1548 1544 Altera
1577 1497 1660 1544 con-

434 1586 553 1652 sistent
576 1590 651 1670 post.
674 1585 789 1669 ipsum.

526 1692 598 1757 105.
623 1691 797 1768 Diaconus
823 1692 979 1756 navicula
1000 1691 1221 1756 thuriferario
1248 1691 1383 1770 reddita,
1402 1713 1436 1758 se
1453 1697 1660 1759 convertens

435 1821 536 1887 super
559 1799 732 1865 dexteram
757 1819 862 1875 suam,
887 1798 1067 1864 descendet
1089 1798 1130 1864 de
1154 1798 1373 1885 suppedaneo,
1398 1799 1606 1886 geniculabit
1623 1800 1660 1865 in

436 1909 649 1973 extremitate
674 1907 775 1992 ipsius
800 1912 834 1971 et
857 1912 988 1971 secreto
1013 1906 1166 1972 recitabit
1191 1907 1330 1975 Mundo
1354 1928 1416 1975 cor
1438 1927 1566 1992 meum.

527 2014 599 2080 106.
624 2013 708 2078 Dum
731 2013 896 2078 Diaconus
932 2033 967 2078 se
1002 2020 1178 2080 convertet
1212 2036 1312 2101 super
1343 2014 1517 2080 dexteram
1550 2033 1660 2092 suam,

437 2122 670 2196 descensurus,
695 2128 733 2186 ut
756 2120 932 2205 saprade
956 2121 1176 2208 suppedaneo,
1193 2122 1421 2189 subdiaconus
1437 2125 1663 2188 convertetur

439 2249 539 2316 super
562 2229 731 2294 sinistram
755 2247 848 2293 suam
872 2232 907 2293 et
929 2227 1109 2295 descendet
1143 2235 1221 2295 ante
1252 2230 1381 2306 Altare,
1412 2250 1452 2295 ac
1482 2230 1587 2296 ferme
1625 2230 1662 2296 in

439 2336 544 2402 medio
568 2340 646 2401 ante
669 2335 809 2420 gradum
834 2332 980 2400 infimum
1004 2356 1188 2402 conversus
1204 2337 1246 2404 ad
1270 2338 1390 2404 Altare
1407 2339 1567 2406 consistet
1583 2339 1664 2404 sine

441 2444 514 2508 ulla
537 2440 780 2528 genuflexione.

531 2554 602 2619 107.
628 2555 803 2629 Diaconus,
829 2554 970 2618 recitato
994 2553 1135 2622 Munda
1160 2575 1222 2623 cor
1244 2575 1370 2634 meum,
1394 2559 1558 2643 assurget,
1583 2575 1665 2623 rur-

440 2685 497 2728 sus
522 2660 723 2728 conscendet
746 2659 1002 2748 suppedaneum,
1019 2662 1156 2728 accedet
1172 2661 1212 2728 ad
1229 2662 1358 2740 Altare,
1376 2663 1500 2730 librum
1517 2668 1666 2749 utraque

442 2788 540 2836 manu
564 2767 769 2868 accipietnad
793 2770 1024 2835 extremitates
1048 2771 1235 2848 inferiores,
1260 2776 1419 2858 apertura
1449 2771 1526 2837 libri
1560 2789 1667 2838 versa

442 2877 481 2943 ad
506 2879 675 2942 sinistram
699 2896 842 2953 manum,
867 2896 952 2961 quae
974 2882 1053 2942 ante
1076 2882 1192 2964 pectus
1227 2877 1284 2943 sed
1315 2877 1430 2963 paullo
1461 2877 1587 2946 distans
1622 2878 1665 2946 ab

443 2987 511 3071 ipso
535 2984 774 3060 admovebitur,
799 2989 834 3049 et
857 2999 1039 3050 conuersus
1064 2985 1105 3050 ad
1130 2985 1362 3052 Celebrantem
1387 2987 1421 3050 in
1451 2973 1669 3072 suppedaneo

442 3092 656 3178 geniculabit.
681 3091 770 3158 Idem
794 3092 1049 3178 adgeniculatus
1065 3093 1200 3158 habebit
1215 3093 1335 3158 Altare
1352 3093 1576 3158 dextrorsum.
1599 3092 1671 3160 Ge-

443 3201 590 3276 lebrans,
604 3201 739 3265 sinistra
763 3220 862 3266 versa
884 3200 924 3265 ad
950 3199 1078 3278 Altare,
1096 3206 1313 3267 convertetur
1336 3200 1378 3265 ad
1401 3200 1593 3276 Diaconum,
1609 3202 1671 3285 qui

443 3308 581 3393 genibus
606 3306 701 3372 flexis
725 3308 986 3373 benedictionem
1010 3309 1050 3372 ab
1076 3309 1135 3373 illo
1160 3315 1251 3395 petet
1274 3308 1387 3374 dicens
1409 3308 1499 3375 Jube
1529 3308 1671 3377 Domne

444 3417 655 3483 benedicere.
681 3416 863 3484 celebrans
887 3417 1008 3481 iunctis
1024 3418 1174 3482 manibus
1193 3416 1412 3504 respondebit:
1429 3417 1605 3484 Dominus
1622 3417 1670 3486 sit

447 3526 484 3591 io
507 3525 613 3591 eorde
637 3531 695 3592 tuo
719 3532 751 3592 et
777 3524 814 3591 :la
839 3523 940 3591 lobiis
965 3525 1043 3600 tuis,
1068 3533 1109 3593 ut
1131 3526 1237 3612 digne
1271 3532 1303 3592 et
1332 3531 1564 3609 competentur
1595 3544 1668 3592 aa·

446 3634 594 3699 nuncies
617 3632 851 3718 Eooapelium
873 3653 988 3701 suum.
1013 3634 1058 3700 lu
1081 3636 1220 3702 nomine
1244 3633 1365 3701 Patre
1388 3640 1451 3698 etc.
1485 3632 1529 3697 Et
1558 3633 1669 3700 bene·

446 3741 623 3805 dictionem
647 3743 676 3804 ei
706 3740 881 3827 largietur,
914 3741 1099 3829 producens
1131 3743 1219 3807 inter
1249 3742 1332 3808 haec
1362 3746 1530 3826 postrema
1561 3741 1668 3808 rerba

448 3849 578 3934 signum
603 3847 718 3913 Crucis
742 3868 932 3934 supereum
949 3848 1099 3927 dextera,
1117 3849 1194 3914 dum
1211 3849 1378 3914 sinistram
1394 3847 1520 3934 pectori
1536 3845 1668 3915 tenebit

447 3956 646 4042 applicitam:
670 3955 834 4020 Diaconus
858 3957 1070 4043 respondebit
1092 3957 1212 4034 Arcem
1238 3962 1272 4022 et
1296 3955 1475 4023 celebrans
1498 3955 1612 4022 statim
1629 3954 1669 4021 li·

447 4065 507 4132 bro
531 4065 675 4149 imponet
699 4083 842 4141 manum,
867 4084 964 4148 quam
988 4064 1153 4145 Diaconos
1177 4064 1394 4130 osculabitur.

539 4174 610 4238 108.
636 4173 716 4237 Post
740 4172 822 4237 haec
853 4172 1017 4239 Diaconus
1052 4178 1207 4260 assurget
1239 4179 1274 4238 et
1304 4171 1444 4257 simplici
1473 4171 1667 4237 reverentia

447 4282 606 4347 salutabit
630 4281 871 4358 celebrantem,
897 4283 952 4367 qui
968 4302 1086 4348 versus
1110 4282 1230 4347 Altare
1245 4301 1280 4346 se
1297 4285 1482 4346 convertet.
1500 4279 1665 4345 Diaconus

450 4411 550 4475 super
573 4391 746 4457 dexteram
769 4409 861 4455 suam
885 4411 1068 4456 conversus
1092 4390 1271 4456 descendet
1293 4389 1333 4455 de
1357 4388 1477 4464 Alteri,
1503 4408 1538 4454 se
1555 4377 1667 4453 adiun-

450 4502 507 4580 get
531 4498 748 4574 Subdiacono,
773 4499 828 4583 qui
853 4499 912 4585 ipsi
937 4498 1082 4565 adstabit
1105 4500 1346 4574 sinistrorsum,
1364 4502 1398 4564 et
1422 4498 1454 4562 in
1471 4496 1573 4582 plano
1588 4501 1664 4584 ante

454 4600 598 4667 infimum
621 4607 760 4690 gradum
784 4626 820 4672 se
843 4612 1019 4672 convertet
1040 4606 1082 4671 ad
1105 4606 1234 4671 Altero.
