4175 5717
523 757 588 822 :332
987 779 1053 825 ma.
1079 779 1099 826 1.

432 889 578 968 tempore
611 881 813 968 adiungetur
843 865 1004 961 Alleluia,
1029 883 1147 950 deinde
1181 886 1346 949 canticum
1378 883 1579 952 Benedictio
1621 889 1659 950 et

431 990 594 1075 psalmum
618 989 779 1057 Laudato
802 990 991 1057 Dominum
1013 992 1053 1058 in
1076 990 1215 1058 Sanctis
1240 992 1317 1058 eius
1340 995 1404 1057 etc.

523 1097 594 1162 144.
620 1098 794 1182 Ingressus
818 1098 851 1162 in
883 1099 1078 1175 sacrarium,
1103 1100 1212 1184 capite
1242 1105 1399 1186 cooperto
1432 1099 1659 1166 reverentiam

432 1203 630 1291 profundam
646 1203 767 1270 efficiet
790 1203 890 1270 Cruci
913 1206 968 1270 vel
993 1206 1128 1291 imagini
1143 1207 1329 1292 primariae,
1348 1212 1466 1294 perget
1487 1205 1529 1272 ad
1553 1205 1659 1272 tabu-

432 1315 508 1390 lam,
534 1334 593 1379 seu
618 1309 763 1380 mensam
786 1315 842 1380 ubi
866 1316 1069 1400 paramentis
1094 1313 1229 1380 indutus
1253 1315 1366 1391 fuerit,
1385 1315 1495 1399 ibique
1512 1312 1661 1403 deponet

432 1423 579 1500 calicem,
593 1443 633 1488 ac
654 1423 809 1499 biretum;
834 1428 905 1487 tum
927 1421 1109 1488 adiuvante
1132 1423 1298 1500 ministro,
1311 1422 1482 1508 planetam
1504 1421 1662 1490 demittet

431 1550 471 1595 ac
494 1531 624 1601 stolam.
648 1531 743 1595 cuius
766 1531 800 1595 in
824 1524 1014 1596 summitate
1040 1530 1181 1596 Crucem
1206 1530 1426 1608 osculabitur,
1451 1538 1521 1597 tum
1545 1531 1661 1598 mani-

432 1637 557 1724 pulum,
582 1643 617 1702 et
640 1636 848 1703 osculabitur
872 1637 944 1703 eius
974 1637 1116 1703 Crucem
1146 1638 1181 1702 in
1213 1639 1411 1716 summitate,
1435 1637 1554 1704 deinde
1581 1639 1661 1704 cin-

431 1746 548 1830 gulum
572 1751 606 1810 et
628 1744 749 1822 albam,
773 1744 954 1810 detrahens
980 1764 1053 1810 eam
1075 1745 1168 1830 prius
1202 1765 1220 1811 e
1252 1748 1381 1812 manica
1413 1746 1559 1825 sinistra,
1583 1755 1661 1812 tum

434 1874 452 1917 e
475 1855 591 1939 capite,
609 1851 649 1918 ad
673 1853 826 1919 ultimum
851 1873 869 1918 e
893 1854 1022 1919 manica
1045 1851 1196 1919 dextera:
1222 1860 1390 1939 postremo
1413 1853 1557 1939 deponet
1578 1856 1661 1920 ami·

434 1967 534 2036 ctum,
559 1962 653 2026 ouius
677 1963 776 2026 etiam
802 1961 942 2026 Oruoem
966 1962 1000 2024 in
1024 1960 1131 2026 medio
1154 1981 1217 2027 acu
1240 1963 1360 2048 pictam
1385 1961 1606 2028 osculabitur.

523 2069 595 2134 145.
621 2069 757 2134 Domum
781 2068 915 2135 secedet
936 2068 977 2133 ad
1001 2070 1186 2154 gratiarum
1202 2071 1367 2135 actionem
1383 2070 1453 2134 Deo
1470 2089 1531 2155 pro
1550 2068 1660 2136 bene-

434 2174 508 2242 flcio
530 2182 668 2263 accepto
691 2176 923 2262 peragendam.

482 2517 532 2574 DE
552 2496 857 2575 CELEBRATIONE
878 2515 1023 2573 MISSAE
1046 2515 1249 2573 PRlVATAE
1270 2516 1349 2574 PRO
1369 2515 1606 2576 DEFUNCTIS.

906 2859 1059 2926 CAPUT.
1085 2861 1177 2926 XIX.

438 3149 467 3212 l.
483 3066 624 3255 Quod
648 3151 777 3232 spectat
799 3146 839 3211 ad
864 3146 997 3212 Missam
1014 3147 1178 3232 privatam
1201 3147 1242 3213 de
1266 3147 1389 3231 requie,
1407 3147 1502 3214 nulla
1524 3148 1559 3212 in
1583 3167 1662 3234 pre-

435 3256 526 3321 cibus
550 3261 584 3320 et
608 3254 743 3340 psalmis
766 3256 1030 3341 praeparationis
1059 3254 1211 3321 facienda
1241 3262 1293 3321 est
1325 3256 1518 3332 immutatio,
1543 3256 1571 3320 si
1598 3256 1662 3324 Ge-

435 3364 569 3429 lebrans
594 3364 675 3427 haec
699 3362 783 3426 velit
807 3363 961 3438 recitare,
986 3382 1087 3445 quum
1114 3382 1215 3447 penes
1246 3383 1321 3427 eum
1352 3364 1396 3429 sit
1426 3363 1568 3428 recitare
1597 3369 1662 3429 aut

436 3477 599 3550 omittere,
624 3476 735 3559 prouti
758 3474 865 3560 capite
889 3473 1081 3559 precedenti
1107 3494 1185 3539 num
1209 3475 1240 3539 2.
1265 3473 1473 3539 declaratum
1497 3479 1558 3539 est.
1636 3455 1640 3462 ’

523 3583 554 3648 2.
579 3582 789 3654 Paramenta,
814 3580 932 3665 quibus
955 3579 1122 3657 induetur,
1144 3581 1301 3648 videlicet
1323 3583 1489 3660 amictum,
1509 3583 1662 3669 manipu-

435 3691 505 3756 lum
530 3697 564 3755 et
587 3689 707 3754 stolam
730 3709 796 3752 non
820 3690 1067 3775 praetermittet
1091 3690 1248 3754 osculari.

523 3798 554 3862 3.
580 3796 694 3871 Quoad
718 3796 862 3872 Missam,
888 3797 988 3861 ritum
1013 3796 1077 3860 iam
1101 3795 1303 3883 descriptum
1327 3797 1484 3874 servabit,
1505 3799 1660 3884 exceptis

436 3907 476 3972 iis
499 3925 584 3991 quae
608 3909 805 3988 sequuntur.

525 4019 555 4080 4,
580 4015 617 4078 ln
642 4014 856 4079 confessione
873 4012 1048 4077 omittetur
1064 4011 1211 4097 psalmus
1234 4013 1359 4079 Iudico
1381 4013 1555 4090 me,Deus
1579 4033 1659 4079 cunr

441 4123 561 4190 Gloria
584 4121 699 4197 Patri,¹
722 4119 779 4185 sed
803 4120 944 4184 recitata
966 4119 1148 4204 antiphona
1173 4120 1328 4187 Introibo
1355 4122 1403 4186 ad
1429 4121 1551 4189 Altera
1580 4121 1659 4200 Dei,

437 4231 612 4295 adiicietur
636 4229 748 4294 statim
772 4231 804 4299 r.
828 4225 1055 4292 Adiutorium
1078 4234 1242 4294 acetrum
1266 4234 1329 4293 eto.

524 4338 554 4402 5.
579 4337 742 4421 Incipiens
767 4334 939 4397 introitum
964 4333 1146 4398 Celebrans
1170 4354 1235 4399 non
1260 4334 1404 4421 signabit
1427 4337 1580 4420 seipsum,
1599 4335 1660 4402 sed

437 4462 536 4507 manu
571 4445 707 4507 sinistra
741 4440 852 4504 Altari
887 4440 1047 4524 imposita,
1072 4442 1201 4524 signum
1235 4442 1352 4508 Crucis
1384 4463 1501 4508 versus
1531 4441 1660 4509 librum
1787 4467 1792 4479 ·

438 4549 576 4615 dextera
599 4549 728 4626 efficiet,
753 4548 866 4613 dicens
889 4545 1060 4632 Reqaicm
1083 4555 1264 4615 ueternum
1287 4557 1351 4616 etc.

526 4657 556 4720 6.
582 4657 733 4743 Hymnus
761 4655 882 4725 Gloria
905 4657 942 4722 ia
966 4657 1116 4723 eccelsia
1139 4658 1325 4723 omittetur.
