<?xml version="1.0" encoding="UTF-8"?>
<!DOCTYPE html PUBLIC "-//W3C//DTD XHTML 1.0 Transitional//EN"
    "http://www.w3.org/TR/xhtml1/DTD/xhtml1-transitional.dtd">
<html xmlns="http://www.w3.org/1999/xhtml" xml:lang="en" lang="en">
 <head>
  <title>
</title>
<meta http-equiv="Content-Type" content="text/html;charset=utf-8" />
  <meta name='ocr-system' content='tesseract 3.04.00' />
  <meta name='ocr-capabilities' content='ocr_page ocr_carea ocr_par ocr_line ocrx_word'/>
</head>
<body>
  <div class='ocr_page' id='page_1' title='image "./manualesacrarum00martgoog_0037.png"; bbox 0 0 4175 5717; ppageno 0'>
   <div class='ocr_carea' id='block_1_1' title="bbox 982 688 1574 754">
    <p class='ocr_par' dir='ltr' id='par_1_1' title="bbox 982 688 1574 754">
     <span class='ocr_line' id='line_1_1' title="bbox 982 688 1574 754; baseline -0.002 -1"><span class='ocrx_word' id='word_1_1' title='bbox 982 704 1054 753; x_wconf 76' lang='lat' dir='ltr'><strong>ear.</strong></span> <span class='ocrx_word' id='word_1_2' title='bbox 1080 706 1128 754; x_wconf 79' lang='grc' dir='ltr'><strong>ιιι.</strong></span> <span class='ocrx_word' id='word_1_3' title='bbox 1535 688 1574 752; x_wconf 84' lang='lat'><strong>15</strong></span> 
     </span>
    </p>
   </div>
   <div class='ocr_carea' id='block_1_2' title="bbox 442 911 1652 984">
    <p class='ocr_par' dir='ltr' id='par_1_2' title="bbox 442 911 1652 984">
     <span class='ocr_line' id='line_1_2' title="bbox 442 911 1652 984; baseline 0.006 -16"><span class='ocrx_word' id='word_1_4' title='bbox 442 911 496 970; x_wconf 85' lang='lat' dir='ltr'><strong>DE</strong></span> <span class='ocrx_word' id='word_1_5' title='bbox 516 913 632 972; x_wconf 87' lang='lat' dir='ltr'>MODO</span> <span class='ocrx_word' id='word_1_6' title='bbox 651 913 692 971; x_wconf 89' lang='lat' dir='ltr'><strong>IN</strong></span> <span class='ocrx_word' id='word_1_7' title='bbox 711 914 846 973; x_wconf 82' lang='lat' dir='ltr'>CHORO</span> <span class='ocrx_word' id='word_1_8' title='bbox 872 916 1026 984; x_wconf 80' lang='lat' dir='ltr'><strong>STANDI,</strong></span> <span class='ocrx_word' id='word_1_9' title='bbox 1051 917 1220 976; x_wconf 82' lang='lat' dir='ltr'>SEDENDI</span> <span class='ocrx_word' id='word_1_10' title='bbox 1245 916 1297 974; x_wconf 82' lang='lat' dir='ltr'><strong>AC</strong></span> <span class='ocrx_word' id='word_1_11' title='bbox 1317 917 1652 976; x_wconf 84' lang='lat' dir='ltr'><strong>GENUFLECTENDI</strong></span> 
     </span>
    </p>
   </div>
   <div class='ocr_carea' id='block_1_3' title="bbox 942 1280 1163 1347">
    <p class='ocr_par' dir='ltr' id='par_1_3' title="bbox 942 1280 1163 1347">
     <span class='ocr_line' id='line_1_3' title="bbox 942 1280 1163 1347; baseline -0.014 -1"><span class='ocrx_word' id='word_1_12' title='bbox 942 1280 1084 1347; x_wconf 82' lang='lat' dir='ltr'><strong>CAPUT</strong></span> <span class='ocrx_word' id='word_1_13' title='bbox 1108 1281 1163 1345; x_wconf 95' lang='grc' dir='ltr'><strong>ΙΙΙ.</strong></span> 
     </span>
    </p>
   </div>
   <div class='ocr_carea' id='block_1_4' title="bbox 440 1564 1660 1847">
    <p class='ocr_par' dir='ltr' id='par_1_4' title="bbox 440 1564 1660 1847">
     <span class='ocr_line' id='line_1_4' title="bbox 525 1564 1660 1648; baseline 0.004 -21"><span class='ocrx_word' id='word_1_14' title='bbox 525 1564 659 1648; x_wconf 87' lang='lat' dir='ltr'><strong>uidquid</strong></span> <span class='ocrx_word' id='word_1_15' title='bbox 684 1567 803 1633; x_wconf 78' lang='lat' dir='ltr'><strong>Olenus</strong></span> <span class='ocrx_word' id='word_1_16' title='bbox 827 1570 931 1634; x_wconf 89' lang='lat' dir='ltr'><strong>sacris</strong></span> <span class='ocrx_word' id='word_1_17' title='bbox 954 1568 987 1632; x_wconf 90' lang='lat' dir='ltr'><strong>in</strong></span> <span class='ocrx_word' id='word_1_18' title='bbox 1013 1568 1116 1633; x_wconf 87' lang='lat' dir='ltr'><strong>choro</strong></span> <span class='ocrx_word' id='word_1_19' title='bbox 1140 1566 1366 1633; x_wconf 69' lang='lat' dir='ltr'><strong>functionibus</strong></span> <span class='ocrx_word' id='word_1_20' title='bbox 1390 1567 1547 1632; x_wconf 83' lang='lat' dir='ltr'>assistens</span> <span class='ocrx_word' id='word_1_21' title='bbox 1566 1586 1660 1632; x_wconf 84' lang='lat' dir='ltr'><strong>exse-</strong></span> 
     </span>
     <span class='ocr_line' id='line_1_5' title="bbox 442 1670 1659 1759; baseline 0.003 -24"><span class='ocrx_word' id='word_1_22' title='bbox 442 1672 500 1755; x_wconf 91' lang='lat' dir='ltr'><strong>qui</strong></span> <span class='ocrx_word' id='word_1_23' title='bbox 524 1671 643 1737; x_wconf 91' lang='lat' dir='ltr'><strong>debeat</strong></span> <span class='ocrx_word' id='word_1_24' title='bbox 665 1675 756 1739; x_wconf 89' lang='lat' dir='ltr'><strong>circa</strong></span> <span class='ocrx_word' id='word_1_25' title='bbox 779 1674 910 1740; x_wconf 92' lang='lat' dir='ltr'><strong>modum</strong></span> <span class='ocrx_word' id='word_1_26' title='bbox 934 1674 1053 1751; x_wconf 88' lang='lat' dir='ltr'><strong>standi,</strong></span> <span class='ocrx_word' id='word_1_27' title='bbox 1078 1673 1213 1739; x_wconf 88' lang='lat' dir='ltr'><strong>sedendi</strong></span> <span class='ocrx_word' id='word_1_28' title='bbox 1236 1680 1270 1739; x_wconf 93' lang='lat' dir='ltr'><strong>et</strong></span> <span class='ocrx_word' id='word_1_29' title='bbox 1292 1670 1547 1759; x_wconf 84' lang='lat' dir='ltr'><strong>genuflectendi,</strong></span> <span class='ocrx_word' id='word_1_30' title='bbox 1574 1675 1659 1739; x_wconf 91' lang='lat' dir='ltr'><strong>eius·</strong></span> 
     </span>
     <span class='ocr_line' id='line_1_6' title="bbox 440 1777 1254 1847; baseline 0.004 -6"><span class='ocrx_word' id='word_1_31' title='bbox 440 1777 518 1842; x_wconf 90' lang='lat' dir='ltr'><strong>dem</strong></span> <span class='ocrx_word' id='word_1_32' title='bbox 542 1777 625 1844; x_wconf 87' lang='lat' dir='ltr'><strong>cleri</strong></span> <span class='ocrx_word' id='word_1_33' title='bbox 649 1781 874 1847; x_wconf 83' lang='lat' dir='ltr'><strong>commoditati</strong></span> <span class='ocrx_word' id='word_1_34' title='bbox 897 1783 1047 1847; x_wconf 90' lang='lat' dir='ltr'><strong>breviter</strong></span> <span class='ocrx_word' id='word_1_35' title='bbox 1070 1783 1254 1846; x_wconf 80' lang='lat' dir='ltr'><strong>innuamus.</strong></span> 
     </span>
    </p>
   </div>
   <div class='ocr_carea' id='block_1_5' title="bbox 832 1995 1274 2083">
    <p class='ocr_par' dir='ltr' id='par_1_5' title="bbox 832 1995 1274 2083">
     <span class='ocr_line' id='line_1_7' title="bbox 832 1995 1274 2083; baseline -0.002 -22"><span class='ocrx_word' id='word_1_36' title='bbox 832 2000 863 2081; x_wconf 72' lang='lat' dir='ltr'><strong>s.</strong></span> <span class='ocrx_word' id='word_1_37' title='bbox 888 1997 912 2061; x_wconf 91' lang='lat'><strong>1.</strong></span> <span class='ocrx_word' id='word_1_38' title='bbox 937 1997 981 2064; x_wconf 65' lang='lat' dir='ltr'><strong>nt</strong></span> <span class='ocrx_word' id='word_1_39' title='bbox 1007 1995 1123 2083; x_wconf 71' lang='lat' dir='ltr'><strong>officia</strong></span> <span class='ocrx_word' id='word_1_40' title='bbox 1145 1996 1274 2081; x_wconf 68' lang='lat' dir='ltr'><strong>sema.</strong></span> 
     </span>
    </p>
   </div>
   <div class='ocr_carea' id='block_1_6' title="bbox 432 2210 1658 2833">
    <p class='ocr_par' dir='ltr' id='par_1_6' title="bbox 432 2210 1658 2833">
     <span class='ocr_line' id='line_1_8' title="bbox 535 2210 1658 2297; baseline -0.002 -21"><span class='ocrx_word' id='word_1_41' title='bbox 535 2211 563 2275; x_wconf 89' lang='lat' dir='ltr'><strong>l.</strong></span> <span class='ocrx_word' id='word_1_42' title='bbox 587 2210 706 2277; x_wconf 87' lang='lat' dir='ltr'><strong>Glerus</strong></span> <span class='ocrx_word' id='word_1_43' title='bbox 730 2212 786 2277; x_wconf 90' lang='lat' dir='ltr'><strong>ubi</strong></span> <span class='ocrx_word' id='word_1_44' title='bbox 808 2212 849 2277; x_wconf 87' lang='lat' dir='ltr'><strong>ad</strong></span> <span class='ocrx_word' id='word_1_45' title='bbox 873 2233 969 2278; x_wconf 90' lang='lat' dir='ltr'><strong>suum</strong></span> <span class='ocrx_word' id='word_1_46' title='bbox 993 2213 1131 2296; x_wconf 86' lang='lat' dir='ltr'><strong>quisque</strong></span> <span class='ocrx_word' id='word_1_47' title='bbox 1154 2211 1291 2277; x_wconf 84' lang='lat' dir='ltr'><strong>stallum</strong></span> <span class='ocrx_word' id='word_1_48' title='bbox 1325 2211 1526 2297; x_wconf 87' lang='lat' dir='ltr'><strong>pervenerit,</strong></span> <span class='ocrx_word' id='word_1_49' title='bbox 1557 2210 1658 2276; x_wconf 79' lang='lat' dir='ltr'><strong>stabit</strong></span> 
     </span>
     <span class='ocr_line' id='line_1_9' title="bbox 505 2318 589 2383; baseline 0 0"><span class='ocrx_word' id='word_1_50' title='bbox 505 2318 589 2383; x_wconf 88' lang='lat' dir='ltr'><strong>ibus.</strong></span> 
     </span>
     <span class='ocr_line' id='line_1_10' title="bbox 434 2317 1657 2492; baseline -0.002 -3"><span class='ocrx_word' id='word_1_51' title='bbox 434 2317 503 2404; x_wconf 56' lang='lat' dir='ltr'><strong>ped</strong></span> <span class='ocrx_word' id='word_1_52' title='bbox 529 2424 562 2489; x_wconf 82' lang='lat'><strong>2.</strong></span> <span class='ocrx_word' id='word_1_53' title='bbox 587 2425 703 2491; x_wconf 88' lang='lat' dir='ltr'><strong>Genua</strong></span> <span class='ocrx_word' id='word_1_54' title='bbox 726 2423 840 2491; x_wconf 87' lang='lat' dir='ltr'><strong>flectet</strong></span> <span class='ocrx_word' id='word_1_55' title='bbox 863 2446 929 2491; x_wconf 88' lang='lat' dir='ltr'><strong>una</strong></span> <span class='ocrx_word' id='word_1_56' title='bbox 952 2446 1026 2492; x_wconf 92' lang='lat' dir='ltr'><strong>cum</strong></span> <span class='ocrx_word' id='word_1_57' title='bbox 1052 2426 1251 2492; x_wconf 84' lang='lat' dir='ltr'><strong>Oelebrante</strong></span> <span class='ocrx_word' id='word_1_58' title='bbox 1275 2430 1309 2490; x_wconf 89' lang='lat' dir='ltr'><strong>et</strong></span> <span class='ocrx_word' id='word_1_59' title='bbox 1332 2429 1460 2490; x_wconf 87' lang='lat' dir='ltr'><strong>secrete</strong></span> <span class='ocrx_word' id='word_1_60' title='bbox 1482 2422 1570 2490; x_wconf 89' lang='lat' dir='ltr'><strong>dicet</strong></span> <span class='ocrx_word' id='word_1_61' title='bbox 1586 2442 1657 2487; x_wconf 91' lang='lat' dir='ltr'><strong>ora·</strong></span> 
     </span>
     <span class='ocr_line' id='line_1_11' title="bbox 434 2533 965 2616; baseline 0 -20"><span class='ocrx_word' id='word_1_62' title='bbox 434 2533 567 2596; x_wconf 89' lang='lat' dir='ltr'><strong>tionem</strong></span> <span class='ocrx_word' id='word_1_63' title='bbox 591 2533 709 2616; x_wconf 77' lang='lat' dir='ltr'><strong>Aperi,</strong></span> <span class='ocrx_word' id='word_1_64' title='bbox 734 2534 880 2600; x_wconf 79' lang='lat' dir='ltr'><strong><em>Domine</em></strong></span> <span class='ocrx_word' id='word_1_65' title='bbox 903 2539 965 2598; x_wconf 91' lang='lat' dir='ltr'><strong>etc.</strong></span> 
     </span>
     <span class='ocr_line' id='line_1_12' title="bbox 530 2635 1657 2718; baseline -0.002 -14"><span class='ocrx_word' id='word_1_66' title='bbox 530 2639 563 2703; x_wconf 89' lang='grc'><strong>3.</strong></span> <span class='ocrx_word' id='word_1_67' title='bbox 588 2639 696 2705; x_wconf 80' lang='lat' dir='ltr'><strong>Stabit</strong></span> <span class='ocrx_word' id='word_1_68' title='bbox 717 2660 792 2705; x_wconf 91' lang='lat' dir='ltr'><strong>cum</strong></span> <span class='ocrx_word' id='word_1_69' title='bbox 815 2639 945 2706; x_wconf 91' lang='lat' dir='ltr'><strong>dicetur</strong></span> <span class='ocrx_word' id='word_1_70' title='bbox 975 2642 1095 2718; x_wconf 76' lang='lat' dir='ltr'><strong>Pater,</strong></span> <span class='ocrx_word' id='word_1_71' title='bbox 1127 2642 1208 2715; x_wconf 84' lang='lat' dir='ltr'><strong>Ace,</strong></span> <span class='ocrx_word' id='word_1_72' title='bbox 1240 2640 1364 2715; x_wconf 83' lang='lat' dir='ltr'><strong><em>Credo,</em></strong></span> <span class='ocrx_word' id='word_1_73' title='bbox 1388 2639 1534 2708; x_wconf 79' lang='lat' dir='ltr'><strong>Domine</strong></span> <span class='ocrx_word' id='word_1_74' title='bbox 1564 2635 1657 2703; x_wconf 81' lang='lat' dir='ltr'><strong>tabia</strong></span> 
     </span>
     <span class='ocr_line' id='line_1_13' title="bbox 432 2746 1657 2833; baseline -0.005 -19"><span class='ocrx_word' id='word_1_75' title='bbox 432 2766 529 2823; x_wconf 84' lang='lat' dir='ltr'><strong>mea,</strong></span> <span class='ocrx_word' id='word_1_76' title='bbox 555 2747 712 2815; x_wconf 77' lang='lat' dir='ltr'><strong>Deusta</strong></span> <span class='ocrx_word' id='word_1_77' title='bbox 734 2748 961 2825; x_wconf 55' lang='lat' dir='ltr'><strong>adiutorium,</strong></span> <span class='ocrx_word' id='word_1_78' title='bbox 985 2749 1227 2824; x_wconf 78' lang='lat' dir='ltr'><strong>Invitatorium</strong></span> <span class='ocrx_word' id='word_1_79' title='bbox 1251 2748 1396 2833; x_wconf 87' lang='lat' dir='ltr'>hymnus</span> <span class='ocrx_word' id='word_1_80' title='bbox 1420 2752 1454 2813; x_wconf 89' lang='lat' dir='ltr'><strong>et</strong></span> <span class='ocrx_word' id='word_1_81' title='bbox 1477 2746 1581 2832; x_wconf 88' lang='lat' dir='ltr'><strong>prima</strong></span> <span class='ocrx_word' id='word_1_82' title='bbox 1601 2764 1657 2808; x_wconf 90' lang='lat' dir='ltr'><strong>an·</strong></span> 
     </span>
    </p>
   </div>
   <div class='ocr_carea' id='block_1_7' title="bbox 429 2856 1658 4646">
    <p class='ocr_par' dir='ltr' id='par_1_7' title="bbox 432 2856 1656 3156">
     <span class='ocr_line' id='line_1_14' title="bbox 432 2856 1655 2941; baseline -0.005 -20"><span class='ocrx_word' id='word_1_83' title='bbox 432 2856 579 2941; x_wconf 87' lang='lat' dir='ltr'><strong>tiphona</strong></span> <span class='ocrx_word' id='word_1_84' title='bbox 601 2856 697 2941; x_wconf 89' lang='lat' dir='ltr'><strong>primi</strong></span> <span class='ocrx_word' id='word_1_85' title='bbox 720 2857 884 2921; x_wconf 82' lang='lat' dir='ltr'><strong>nocturni.</strong></span> <span class='ocrx_word' id='word_1_86' title='bbox 905 2856 1075 2921; x_wconf 77' lang='lat' dir='ltr'><strong>&#39;Advertat</strong></span> <span class='ocrx_word' id='word_1_87' title='bbox 1097 2857 1322 2939; x_wconf 87' lang='lat' dir='ltr'><strong>unusquisque</strong></span> <span class='ocrx_word' id='word_1_88' title='bbox 1346 2861 1383 2920; x_wconf 90' lang='lat' dir='ltr'><strong>ut</strong></span> <span class='ocrx_word' id='word_1_89' title='bbox 1403 2874 1504 2922; x_wconf 91' lang='lat' dir='ltr'><strong>unum</strong></span> <span class='ocrx_word' id='word_1_90' title='bbox 1525 2858 1655 2917; x_wconf 88' lang='lat' dir='ltr'><strong>tantum</strong></span> 
     </span>
     <span class='ocr_line' id='line_1_15' title="bbox 432 2962 1656 3046; baseline -0.002 -18"><span class='ocrx_word' id='word_1_91' title='bbox 432 2983 529 3046; x_wconf 69' lang='lat' dir='ltr'><strong>genu</strong></span> <span class='ocrx_word' id='word_1_92' title='bbox 554 2962 728 3027; x_wconf 86' lang='lat' dir='ltr'><strong>submittat</strong></span> <span class='ocrx_word' id='word_1_93' title='bbox 750 2962 791 3028; x_wconf 92' lang='lat' dir='ltr'><strong>ad</strong></span> <span class='ocrx_word' id='word_1_94' title='bbox 816 2965 918 3028; x_wconf 90' lang='lat' dir='ltr'><strong>verba</strong></span> <span class='ocrx_word' id='word_1_95' title='bbox 948 2964 1065 3030; x_wconf 82' lang='lat' dir='ltr'><strong>Venite</strong></span> <span class='ocrx_word' id='word_1_96' title='bbox 1080 2965 1270 3030; x_wconf 75' lang='lat' dir='ltr'><strong>adoremus</strong></span> <span class='ocrx_word' id='word_1_97' title='bbox 1285 2970 1317 3030; x_wconf 87' lang='lat' dir='ltr'><strong>ct</strong></span> <span class='ocrx_word' id='word_1_98' title='bbox 1328 2962 1559 3045; x_wconf 70' lang='lat' dir='ltr'><strong>procidamus</strong></span> <span class='ocrx_word' id='word_1_99' title='bbox 1575 2965 1656 3026; x_wconf 82' lang='lat' dir='ltr'><strong>ante</strong></span> 
     </span>
     <span class='ocr_line' id='line_1_16' title="bbox 432 3066 1358 3156; baseline -0.005 -18"><span class='ocrx_word' id='word_1_100' title='bbox 432 3066 572 3145; x_wconf 76' lang='lat' dir='ltr'><strong>Deam,&#39;</strong></span> <span class='ocrx_word' id='word_1_101' title='bbox 593 3070 624 3133; x_wconf 92' lang='lat' dir='ltr'><strong>in</strong></span> <span class='ocrx_word' id='word_1_102' title='bbox 648 3071 839 3135; x_wconf 86' lang='lat' dir='ltr'><strong>invitatorio</strong></span> <span class='ocrx_word' id='word_1_103' title='bbox 863 3071 979 3156; x_wconf 84' lang='lat' dir='ltr'><strong>psalmi</strong></span> <span class='ocrx_word' id='word_1_104' title='bbox 1010 3070 1127 3138; x_wconf 75' lang='lat' dir='ltr'><strong>Venite</strong></span> <span class='ocrx_word' id='word_1_105' title='bbox 1150 3074 1358 3137; x_wconf 71' lang='lat' dir='ltr'><strong>enodemus.</strong></span> 
     </span>
    </p>

    <p class='ocr_par' dir='ltr' id='par_1_8' title="bbox 432 3173 1657 3370">
     <span class='ocr_line' id='line_1_17' title="bbox 529 3173 1657 3263; baseline -0.004 -22"><span class='ocrx_word' id='word_1_106' title='bbox 529 3181 561 3241; x_wconf 75' lang='lat'><strong>4.</strong></span> <span class='ocrx_word' id='word_1_107' title='bbox 587 3176 720 3242; x_wconf 86' lang='lat' dir='ltr'><strong>Sedebit</strong></span> <span class='ocrx_word' id='word_1_108' title='bbox 744 3178 862 3243; x_wconf 79' lang='lat' dir='ltr'><strong>Olenus</strong></span> <span class='ocrx_word' id='word_1_109' title='bbox 886 3177 926 3241; x_wconf 89' lang='lat' dir='ltr'><strong>ab</strong></span> <span class='ocrx_word' id='word_1_110' title='bbox 950 3178 1156 3242; x_wconf 89' lang='lat' dir='ltr'><strong>intonatione</strong></span> <span class='ocrx_word' id='word_1_111' title='bbox 1180 3178 1274 3263; x_wconf 91' lang='lat' dir='ltr'><strong>primi</strong></span> <span class='ocrx_word' id='word_1_112' title='bbox 1298 3176 1415 3262; x_wconf 83' lang='lat' dir='ltr'><strong>psalmi</strong></span> <span class='ocrx_word' id='word_1_113' title='bbox 1432 3173 1592 3259; x_wconf 87' lang='lat' dir='ltr'><strong>usquead</strong></span> <span class='ocrx_word' id='word_1_114' title='bbox 1610 3180 1657 3238; x_wconf 89' lang='lat' dir='ltr'><strong>to-</strong></span> 
     </span>
     <span class='ocr_line' id='line_1_18' title="bbox 432 3285 1050 3370; baseline -0.005 -19"><span class='ocrx_word' id='word_1_115' title='bbox 432 3299 508 3351; x_wconf 87' lang='lat' dir='ltr'><strong>tum</strong></span> <span class='ocrx_word' id='word_1_116' title='bbox 536 3285 740 3350; x_wconf 83' lang='lat' dir='ltr'><strong>versiculum</strong></span> <span class='ocrx_word' id='word_1_117' title='bbox 764 3286 860 3370; x_wconf 88' lang='lat' dir='ltr'><strong>primi</strong></span> <span class='ocrx_word' id='word_1_118' title='bbox 883 3287 1050 3350; x_wconf 86' lang='lat' dir='ltr'><strong>nocturni.</strong></span> 
     </span>
    </p>

    <p class='ocr_par' dir='ltr' id='par_1_9' title="bbox 431 3388 1655 3693">
     <span class='ocr_line' id='line_1_19' title="bbox 528 3388 1655 3480; baseline -0.002 -24"><span class='ocrx_word' id='word_1_119' title='bbox 528 3393 561 3456; x_wconf 79' lang='lat'><strong>5.</strong></span> <span class='ocrx_word' id='word_1_120' title='bbox 587 3392 693 3466; x_wconf 86' lang='lat' dir='ltr'><strong>Quum</strong></span> <span class='ocrx_word' id='word_1_121' title='bbox 717 3392 847 3458; x_wconf 91' lang='lat' dir='ltr'><strong>dicetur</strong></span> <span class='ocrx_word' id='word_1_122' title='bbox 871 3392 979 3460; x_wconf 81' lang='lat' dir='ltr'><strong>Pater</strong></span> <span class='ocrx_word' id='word_1_123' title='bbox 1001 3400 1121 3460; x_wconf 81' lang='lat' dir='ltr'><strong>noster</strong></span> <span class='ocrx_word' id='word_1_124' title='bbox 1136 3399 1210 3479; x_wconf 86' lang='lat' dir='ltr'><strong>post</strong></span> <span class='ocrx_word' id='word_1_125' title='bbox 1225 3396 1365 3480; x_wconf 91' lang='lat' dir='ltr'><strong>primum</strong></span> <span class='ocrx_word' id='word_1_126' title='bbox 1386 3398 1595 3467; x_wconf 90' lang='lat' dir='ltr'><strong>nocturnum,</strong></span> <span class='ocrx_word' id='word_1_127' title='bbox 1614 3388 1655 3455; x_wconf 85' lang='lat' dir='ltr'><strong>ad</strong></span> 
     </span>
     <span class='ocr_line' id='line_1_20' title="bbox 431 3499 1653 3587; baseline -0.002 -22"><span class='ocrx_word' id='word_1_128' title='bbox 431 3503 579 3587; x_wconf 82' lang='lat' dir='ltr'><strong>primam</strong></span> <span class='ocrx_word' id='word_1_129' title='bbox 603 3499 842 3566; x_wconf 87' lang='lat' dir='ltr'><strong>absolutionem</strong></span> <span class='ocrx_word' id='word_1_130' title='bbox 867 3506 901 3564; x_wconf 93' lang='lat' dir='ltr'><strong>et</strong></span> <span class='ocrx_word' id='word_1_131' title='bbox 923 3500 963 3565; x_wconf 87' lang='lat' dir='ltr'><strong>ad</strong></span> <span class='ocrx_word' id='word_1_132' title='bbox 987 3502 1125 3586; x_wconf 89' lang='lat' dir='ltr'><strong>primam</strong></span> <span class='ocrx_word' id='word_1_133' title='bbox 1142 3500 1402 3566; x_wconf 77' lang='lat' dir='ltr'><strong>benedictionem</strong></span> <span class='ocrx_word' id='word_1_134' title='bbox 1418 3506 1496 3564; x_wconf 89' lang='lat' dir='ltr'><strong>ante</strong></span> <span class='ocrx_word' id='word_1_135' title='bbox 1516 3500 1653 3585; x_wconf 90' lang='lat' dir='ltr'><strong>primam</strong></span> 
     </span>
     <span class='ocr_line' id='line_1_21' title="bbox 431 3607 1428 3693; baseline -0.007 -20"><span class='ocrx_word' id='word_1_136' title='bbox 431 3609 620 3673; x_wconf 86' lang='lat' dir='ltr'><strong>lectionem</strong></span> <span class='ocrx_word' id='word_1_137' title='bbox 644 3608 745 3673; x_wconf 89' lang='lat' dir='ltr'><strong>stabit</strong></span> <span class='ocrx_word' id='word_1_138' title='bbox 767 3607 912 3693; x_wconf 89' lang='lat' dir='ltr'><strong>pedibus.</strong></span> <span class='ocrx_word' id='word_1_139' title='bbox 1426 3662 1428 3666; x_wconf 87' lang='lat'>.</span> 
     </span>
    </p>

    <p class='ocr_par' dir='ltr' id='par_1_10' title="bbox 429 3714 1657 3908">
     <span class='ocr_line' id='line_1_22' title="bbox 527 3714 1657 3801; baseline -0.002 -22"><span class='ocrx_word' id='word_1_140' title='bbox 527 3715 561 3779; x_wconf 86' lang='grc'><strong>6.</strong></span> <span class='ocrx_word' id='word_1_141' title='bbox 587 3714 666 3780; x_wconf 91' lang='lat' dir='ltr'><strong>Post</strong></span> <span class='ocrx_word' id='word_1_142' title='bbox 689 3716 825 3801; x_wconf 87' lang='lat' dir='ltr'><strong>primam</strong></span> <span class='ocrx_word' id='word_1_143' title='bbox 849 3717 1110 3783; x_wconf 85' lang='lat' dir='ltr'><strong>benedictionem</strong></span> <span class='ocrx_word' id='word_1_144' title='bbox 1134 3716 1260 3781; x_wconf 85' lang='lat' dir='ltr'><strong>sedabit</strong></span> <span class='ocrx_word' id='word_1_145' title='bbox 1283 3714 1444 3799; x_wconf 88' lang='lat' dir='ltr'><strong>usquead</strong></span> <span class='ocrx_word' id='word_1_146' title='bbox 1460 3719 1567 3779; x_wconf 91' lang='lat' dir='ltr'><strong>totum</strong></span> <span class='ocrx_word' id='word_1_147' title='bbox 1583 3732 1657 3778; x_wconf 67' lang='lat' dir='ltr'><strong>ven</strong></span> 
     </span>
     <span class='ocr_line' id='line_1_23' title="bbox 429 3824 1304 3908; baseline -0.002 -19"><span class='ocrx_word' id='word_1_148' title='bbox 429 3845 509 3889; x_wconf 85' lang='lat' dir='ltr'><strong>sum</strong></span> <span class='ocrx_word' id='word_1_149' title='bbox 536 3827 611 3907; x_wconf 88' lang='lat' dir='ltr'><strong>post</strong></span> <span class='ocrx_word' id='word_1_150' title='bbox 634 3824 769 3887; x_wconf 88' lang='lat' dir='ltr'><strong>tertium</strong></span> <span class='ocrx_word' id='word_1_151' title='bbox 793 3825 955 3908; x_wconf 87' lang='lat' dir='ltr'><strong>psalmum</strong></span> <span class='ocrx_word' id='word_1_152' title='bbox 979 3824 1115 3890; x_wconf 87' lang='lat' dir='ltr'><strong>secundi</strong></span> <span class='ocrx_word' id='word_1_153' title='bbox 1140 3825 1304 3889; x_wconf 88' lang='lat' dir='ltr'><strong>nocturni.</strong></span> 
     </span>
    </p>

    <p class='ocr_par' dir='ltr' id='par_1_11' title="bbox 429 3929 1658 4213">
     <span class='ocr_line' id='line_1_24' title="bbox 529 3929 1658 4004; baseline -0.002 -11"><span class='ocrx_word' id='word_1_154' title='bbox 529 3932 561 3993; x_wconf 81' lang='lat'><strong>7.</strong></span> <span class='ocrx_word' id='word_1_155' title='bbox 589 3929 695 4004; x_wconf 86' lang='lat' dir='ltr'><strong>Quum</strong></span> <span class='ocrx_word' id='word_1_156' title='bbox 720 3930 850 3996; x_wconf 89' lang='lat' dir='ltr'><strong>dicetur</strong></span> <span class='ocrx_word' id='word_1_157' title='bbox 874 3933 982 3998; x_wconf 81' lang='lat' dir='ltr'><strong>Peter</strong></span> <span class='ocrx_word' id='word_1_158' title='bbox 1004 3939 1125 3999; x_wconf 76' lang='lat' dir='ltr'><strong>noster</strong></span> <span class='ocrx_word' id='word_1_159' title='bbox 1148 3938 1225 3996; x_wconf 88' lang='lat' dir='ltr'><strong>ante</strong></span> <span class='ocrx_word' id='word_1_160' title='bbox 1248 3931 1410 3995; x_wconf 87' lang='lat' dir='ltr'><strong>lectiones</strong></span> <span class='ocrx_word' id='word_1_161' title='bbox 1435 3929 1570 3995; x_wconf 89' lang='lat' dir='ltr'><strong>secundi</strong></span> <span class='ocrx_word' id='word_1_162' title='bbox 1602 3947 1658 3992; x_wconf 90' lang='lat' dir='ltr'><strong>no-</strong></span> 
     </span>
     <span class='ocr_line' id='line_1_25' title="bbox 432 4037 1657 4123; baseline -0.006 -18"><span class='ocrx_word' id='word_1_163' title='bbox 432 4039 556 4105; x_wconf 87' lang='lat' dir='ltr'><strong>cturni</strong></span> <span class='ocrx_word' id='word_1_164' title='bbox 580 4046 759 4122; x_wconf 86' lang='lat' dir='ltr'><strong>consurget</strong></span> <span class='ocrx_word' id='word_1_165' title='bbox 782 4046 816 4103; x_wconf 90' lang='lat' dir='ltr'><strong>et</strong></span> <span class='ocrx_word' id='word_1_166' title='bbox 839 4039 936 4104; x_wconf 88' lang='lat' dir='ltr'><strong>stabit</strong></span> <span class='ocrx_word' id='word_1_167' title='bbox 963 4059 1067 4123; x_wconf 86' lang='lat' dir='ltr'><strong>usque</strong></span> <span class='ocrx_word' id='word_1_168' title='bbox 1090 4039 1130 4103; x_wconf 88' lang='lat' dir='ltr'><strong>ad</strong></span> <span class='ocrx_word' id='word_1_169' title='bbox 1147 4037 1409 4103; x_wconf 88' lang='lat' dir='ltr'><strong>benedictionem</strong></span> <span class='ocrx_word' id='word_1_170' title='bbox 1427 4043 1504 4101; x_wconf 89' lang='lat' dir='ltr'><strong>ante</strong></span> <span class='ocrx_word' id='word_1_171' title='bbox 1521 4037 1657 4122; x_wconf 88' lang='lat' dir='ltr'><strong>primam</strong></span> 
     </span>
     <span class='ocr_line' id='line_1_26' title="bbox 429 4150 629 4213; baseline -0.005 0"><span class='ocrx_word' id='word_1_172' title='bbox 429 4150 629 4213; x_wconf 83' lang='lat' dir='ltr'><strong>lectionem.</strong></span> 
     </span>
    </p>

    <p class='ocr_par' dir='ltr' id='par_1_12' title="bbox 429 4253 1658 4430">
     <span class='ocr_line' id='line_1_27' title="bbox 528 4253 1658 4339; baseline 0.002 -24"><span class='ocrx_word' id='word_1_173' title='bbox 528 4253 560 4315; x_wconf 87' lang='grc'><strong>8.</strong></span> <span class='ocrx_word' id='word_1_174' title='bbox 586 4253 681 4316; x_wconf 87' lang='lat' dir='ltr'><strong>Initio</strong></span> <span class='ocrx_word' id='word_1_175' title='bbox 698 4260 836 4337; x_wconf 83' lang='lat' dir='ltr'><strong>quartae</strong></span> <span class='ocrx_word' id='word_1_176' title='bbox 853 4255 1004 4319; x_wconf 78' lang='lat' dir='ltr'><strong>lectionis</strong></span> <span class='ocrx_word' id='word_1_177' title='bbox 1023 4255 1146 4320; x_wconf 82' lang='lat' dir='ltr'><strong>sedebit</strong></span> <span class='ocrx_word' id='word_1_178' title='bbox 1167 4276 1270 4339; x_wconf 87' lang='lat' dir='ltr'><strong>usque</strong></span> <span class='ocrx_word' id='word_1_179' title='bbox 1286 4254 1327 4319; x_wconf 88' lang='lat' dir='ltr'><strong>ad</strong></span> <span class='ocrx_word' id='word_1_180' title='bbox 1345 4274 1477 4319; x_wconf 76' lang='lat' dir='ltr'><strong>versum</strong></span> <span class='ocrx_word' id='word_1_181' title='bbox 1495 4255 1549 4336; x_wconf 90' lang='lat' dir='ltr'><strong>qui</strong></span> <span class='ocrx_word' id='word_1_182' title='bbox 1566 4273 1658 4338; x_wconf 86' lang='lat' dir='ltr'><strong>prae·</strong></span> 
     </span>
     <span class='ocr_line' id='line_1_28' title="bbox 429 4362 1019 4430; baseline -0.008 0"><span class='ocrx_word' id='word_1_183' title='bbox 429 4363 524 4430; x_wconf 83' lang='lat' dir='ltr'><strong>cedit</strong></span> <span class='ocrx_word' id='word_1_184' title='bbox 554 4362 646 4425; x_wconf 86' lang='lat' dir='ltr'><strong>tertii</strong></span> <span class='ocrx_word' id='word_1_185' title='bbox 671 4363 825 4426; x_wconf 87' lang='lat' dir='ltr'><strong>nocturni</strong></span> <span class='ocrx_word' id='word_1_186' title='bbox 850 4362 1019 4427; x_wconf 83' lang='lat' dir='ltr'><strong>lectiones.</strong></span> 
     </span>
    </p>

    <p class='ocr_par' dir='ltr' id='par_1_13' title="bbox 430 4468 1655 4646">
     <span class='ocr_line' id='line_1_29' title="bbox 525 4468 1653 4556; baseline 0.002 -22"><span class='ocrx_word' id='word_1_187' title='bbox 525 4470 558 4534; x_wconf 81' lang='lat'><strong>9.</strong></span> <span class='ocrx_word' id='word_1_188' title='bbox 584 4468 692 4542; x_wconf 82' lang='lat' dir='ltr'><strong>Quum</strong></span> <span class='ocrx_word' id='word_1_189' title='bbox 717 4471 749 4532; x_wconf 93' lang='lat' dir='ltr'><strong>in</strong></span> <span class='ocrx_word' id='word_1_190' title='bbox 773 4471 873 4535; x_wconf 85' lang='lat' dir='ltr'><strong>tertio</strong></span> <span class='ocrx_word' id='word_1_191' title='bbox 890 4476 1054 4535; x_wconf 87' lang='lat' dir='ltr'><strong>nocturno</strong></span> <span class='ocrx_word' id='word_1_192' title='bbox 1071 4471 1199 4538; x_wconf 90' lang='lat' dir='ltr'><strong>dicetur</strong></span> <span class='ocrx_word' id='word_1_193' title='bbox 1217 4474 1324 4540; x_wconf 80' lang='lat' dir='ltr'><strong>Pater</strong></span> <span class='ocrx_word' id='word_1_194' title='bbox 1340 4480 1458 4539; x_wconf 78' lang='lat' dir='ltr'><strong>noster</strong></span> <span class='ocrx_word' id='word_1_195' title='bbox 1474 4479 1653 4556; x_wconf 81' lang='lat' dir='ltr'><strong>consurget</strong></span> 
     </span>
     <span class='ocr_line' id='line_1_30' title="bbox 430 4576 1655 4646; baseline 0.001 -2"><span class='ocrx_word' id='word_1_196' title='bbox 430 4595 464 4644; x_wconf 84' lang='lat' dir='ltr'><strong>et</strong></span> <span class='ocrx_word' id='word_1_197' title='bbox 491 4577 599 4643; x_wconf 75' lang='lat' dir='ltr'><strong>stabit</strong></span> <span class='ocrx_word' id='word_1_198' title='bbox 621 4576 726 4642; x_wconf 89' lang='lat' dir='ltr'><strong>donec</strong></span> <span class='ocrx_word' id='word_1_199' title='bbox 748 4578 855 4642; x_wconf 89' lang='lat' dir='ltr'><strong>lector</strong></span> <span class='ocrx_word' id='word_1_200' title='bbox 880 4585 981 4643; x_wconf 88' lang='lat' dir='ltr'><strong>totam</strong></span> <span class='ocrx_word' id='word_1_201' title='bbox 999 4581 1188 4646; x_wconf 79' lang='lat' dir='ltr'><strong>recitaverit</strong></span> <span class='ocrx_word' id='word_1_202' title='bbox 1208 4581 1382 4646; x_wconf 88' lang='lat' dir='ltr'><strong>lectionem</strong></span> <span class='ocrx_word' id='word_1_203' title='bbox 1399 4581 1533 4646; x_wconf 89' lang='lat' dir='ltr'><strong>brevem</strong></span> <span class='ocrx_word' id='word_1_204' title='bbox 1547 4581 1655 4646; x_wconf 76' lang='lat' dir='ltr'><strong>Evan-</strong></span> 
     </span>
    </p>
   </div>
   <div class='ocr_carea' id='block_1_8' title="bbox 0 0 2092 5717">
    <p class='ocr_par' dir='ltr' id='par_1_14' title="bbox 0 0 2092 5717">
     <span class='ocr_line' id='line_1_31' title="bbox 0 0 2092 5717; baseline 0 3"><span class='ocrx_word' id='word_1_205' title='bbox 0 0 2092 5717; x_wconf 95' lang='lat' dir='ltr'><strong> </strong></span> 
     </span>
    </p>
   </div>
  </div>
 </body>
</html>
