4175 5717
522 675 585 742 172
981 692 1048 742 ura.
1069 693 1093 741 1.
1180 713 1182 717 v

430 809 466 873 in
489 805 594 892 gradu
617 799 737 878 infimo,
761 806 796 867 et
818 807 989 888 postquam
1015 800 1195 867 Celebrans
1219 798 1276 866 SS.
1301 799 1551 867 Sacramentum
1575 795 1655 866 Dia·

431 933 515 981 cono
539 915 573 977 in
596 930 712 976 manus
735 908 873 986 dederit,
891 908 1047 976 detrahet
1062 909 1093 974 ei
1108 907 1221 974 velum
1244 908 1418 975 humerale
1433 908 1474 974 de
1489 907 1651 974 humeris.

518 1019 594 1086 235.
619 1018 703 1088 Dum
727 1016 908 1083 Celebrans
941 1022 1043 1102 ponet
1066 1017 1236 1081 incensum
1268 1017 1301 1081 in
1331 1015 1550 1092 thuribulum,
1581 1033 1651 1080 uon

430 1131 585 1197 transibit
606 1129 648 1194 ad
671 1127 843 1194 dexteram
877 1127 961 1200 eius,
991 1124 1049 1191 sed
1080 1131 1207 1210 partem
1242 1127 1460 1210 posteriorem
1492 1123 1652 1210 punctae

432 1238 591 1304 sustollet
612 1233 828 1301 thurificanti.

519 1345 594 1409 236.
619 1341 743 1408 Deinde
767 1361 842 1407 cum
866 1339 1067 1406 celebrante
1091 1339 1337 1426 suppedaneum
1361 1337 1572 1416 conscendet,
1595 1355 1654 1424 ge·

431 1450 592 1517 nuflectet
614 1455 648 1515 et
670 1448 712 1514 ad
735 1448 908 1513 dexteram
933 1445 1068 1512 Diaconi
1092 1448 1256 1513 transibit.
1282 1447 1441 1514 lulundet
1474 1465 1592 1531 aquam
1616 1445 1669 1516 in·

433 1560 577 1636 Calicem
600 1557 729 1623 nullam
753 1576 773 1622 a
796 1555 996 1623 Celebrante
1019 1561 1135 1641 petens
1160 1555 1433 1621 benedictionem.

520 1665 595 1730 237.
620 1660 830 1730 cenuflectet
852 1683 891 1728 ac
915 1682 1072 1728 reversus
1094 1662 1136 1728 ad
1159 1662 1289 1728 laevam
1314 1662 1522 1730 celebrantis
1547 1678 1655 1746 genu·

433 1771 609 1839 flexionem
632 1769 777 1850 iterabit²
799 1771 969 1855 ipsumque
986 1769 1219 1836 celebrantem
1244 1772 1277 1835 iu
1293 1769 1539 1836 thurificatione
1551 1766 1655 1835 Obla-

433 1887 543 1945 torum
568 1884 602 1943 et
625 1877 753 1942 Altaris
776 1882 1007 1961 prosequetur.
1032 1876 1191 1962 Ampulla
1221 1876 1339 1943 deinde
1371 1875 1572 1943 ministrabit
1597 1873 1654 1939 illi

434 2008 552 2071 aquam
576 1984 618 2050 ad
640 2003 757 2050 manus
780 1983 973 2049 abluendas.

521 2093 597 2159 238.
622 2092 703 2158 Cum
728 2089 928 2157 Celebrante
952 2099 986 2157 et
1009 2092 1154 2157 Diacono
1177 2090 1218 2156 ad
1249 2090 1391 2157 medium
1426 2090 1545 2156 Altera
1578 2107 1656 2175 gra·

434 2200 511 2266 dum
535 2200 670 2276 referat,
702 2196 969 2283 genuflexionem
1000 2198 1102 2264 faciet
1131 2200 1239 2284 ibique
1274 2200 1441 2265 subsistet.
1466 2196 1518 2264 Ad
1548 2195 1655 2263 verba

437 2309 541 2377 Orate
562 2311 696 2392 fratres
720 2327 786 2373 nou
811 2306 1024 2393 respondebit
1048 2306 1225 2390 Susm'piat
1248 2307 1421 2374 Dominus
1444 2312 1506 2372 etc.
1620 2326 1622 2330 ·

520 2416 596 2482 239.
620 2415 673 2480 Ad
695 2413 794 2480 finem
817 2417 978 2480 orationis
1002 2415 1131 2482 Libere
1153 2435 1218 2482 uos
1243 2433 1461 2500 quaesumus
1484 2418 1547 2480 etc.
1577 2431 1658 2481 con-
1696 2477 1698 2482 .

434 2524 572 2591 scendet
593 2523 733 2608 gradum
756 2525 963 2609 superiorem
984 2523 1025 2589 ad
1050 2524 1181 2588 laevam
1205 2522 1424 2600 celebrantis,
1449 2521 1657 2608 geniculabit

432 2633 474 2698 ad
498 2632 720 2698 ostensionem
742 2630 879 2696 Hostiae
903 2649 1028 2707 sacrae,
1047 2630 1104 2696 sed
1120 2636 1248 2716 partem
1262 2631 1482 2716 ¹posteriorem
1498 2629 1657 2716 planetae

435 2738 643 2805 Celebrantis
667 2757 873 2822 nequaquam
898 2738 1098 2803 sublevabit.

520 2846 596 2912 240.
621 2845 828 2931 Assurgente
853 2846 1008 2922 Diacono,
1033 2850 1188 2930 assurget
1211 2853 1246 2910 et
1268 2845 1508 2921 subdiaconus,
1532 2846 1588 2929 qui
1602 2831 1659 2911 ae

433 2953 529 3018 cedet
553 2953 744 3019 celebranti
768 2954 1007 3029 sinistrorsum,
1033 2959 1067 3018 et
1091 2955 1212 3018 iterata
1235 2951 1355 3018 deinde
1379 2972 1509 3018 cumeo
1526 2957 1655 3018 etcum

434 3061 579 3125 Diacono
602 3057 845 3144 genuflexione,
870 3060 1026 3126 transibit
1048 3058 1089 3124 ad
1113 3060 1286 3132 dexteram
1311 3060 1520 3126 Celebrantis
1554 3078 1660 3145 genu·
1752 3103 1756 3118 .

436 3164 676 3252 flexionemque
702 3169 888 3233 renovabit.

521 3277 596 3340 241.
624 3275 766 3342 Calicem
787 3274 922 3359 deteget
944 3275 1316 3360 postcommunionem,
1334 3274 1451 3340 deinde
1478 3293 1537 3359 pro
1560 3272 1657 3338 ablu-

435 3385 525 3449 tione
549 3383 739 3450 celebranti
763 3385 876 3449 vinum
900 3388 934 3446 et
957 3402 1075 3465 aquam
1099 3383 1309 3448 ministrabit.

522 3493 598 3557 242.
623 3493 670 3557 De
693 3491 805 3556 Altari
829 3490 1015 3567 descendet,
1040 3489 1244 3574 genuflectet
1276 3493 1305 3554 in
1346 3490 1462 3566 medio,
1498 3487 1659 3555 ascendet

434 3600 589 3670 adlatus
613 3599 800 3683 Evangelii,
836 3597 982 3663 Calicem
1012 3597 1193 3682 absterget,
1225 3598 1436 3683 complicabit
1469 3596 1657 3682 corporale,

435 3710 611 3791 omniaque
633 3707 675 3772 ad
698 3707 835 3772 abacum
861 3705 1054 3792 reportabit.

522 3817 598 3881 243.
623 3814 756 3880 Redibit
778 3814 820 3878 ad
846 3814 977 3878 laevam
1001 3813 1211 3881 Celebrantis
1234 3816 1269 3879 in
1293 3814 1550 3900 suppedaneum
1581 3819 1658 3899 post

435 3925 620 3989 orationem
646 3922 745 3994 Quod
767 3941 828 3988 ore
851 3922 1068 4004 sumpsimus
1092 3929 1155 3998 etc,
1181 3942 1255 3987 cum
1279 3941 1318 3987 eo
1335 3921 1375 3987 de
1392 3922 1503 3986 Alteri
1520 3920 1659 3986 descen-

435 4032 501 4110 det,
526 4028 739 4116 genuflectet,
769 4030 913 4095 biretum
949 4032 1096 4115 recipiet,
1130 4030 1270 4096 excedet
1299 4029 1339 4095 de
1371 4029 1591 4115 presbyterio,
1624 4031 1659 4094 in

436 4142 530 4205 cuius
555 4139 647 4204 aditu
671 4139 799 4224 operiet
829 4144 937 4221 caput,
962 4157 1002 4202 ao
1029 4137 1208 4202 Diaconum
1240 4137 1441 4223 praecedens
1472 4135 1513 4201 ad
1547 4155 1659 4203 sacra·

440 4252 524 4314 rium
548 4247 788 4334 proficiscetur.

526 4358 602 4422 244.
628 4356 699 4431 Quo
723 4375 823 4439 quum
858 4356 999 4430 venerit,
1023 4354 1183 4419 salutabit
1219 4354 1359 4421 Crucem
1395 4355 1450 4419 rel
1480 4354 1658 4438 imaginem

440 4467 657 4549 praecipuam,
682 4466 851 4547 sacrisque
875 4461 1074 4529 indumentis
1098 4467 1252 4527 exuetur.
1495 4449 1505 4458 ”
