4175 5717
517 747 561 811 82
975 761 1040 808 arn.
1066 761 1101 808 n.
1177 814 1180 821 ,

430 873 487 938 sed
512 893 629 938 versus
655 871 797 937 medium
821 869 941 935 Altare
964 887 1149 934 conversus
1172 868 1298 934 inliciat
1320 868 1492 934 incensum
1517 867 1551 932 in
1578 865 1661 934 thu·

431 980 578 1047 ribulum
601 1001 676 1046 cum
699 978 931 1045 benedictione
954 978 1088 1042 usitata.
1113 976 1239 1042 Deinde
1262 976 1438 1052 Diaconus,
1471 973 1660 1042 celebrans

432 1095 467 1154 et
491 1087 717 1154 subdiaconus
741 1087 878 1151 venient
894 1083 936 1149 ad
951 1083 1094 1150 medium
1110 1084 1239 1150 Altaria
1255 1103 1295 1149 ac
1310 1080 1549 1168 genuflectent
1574 1081 1661 1148 Dia-

432 1217 538 1263 conus
561 1215 671 1281 genua
693 1194 867 1260 submittet
889 1196 923 1261 in
947 1199 1100 1259 extremo
1123 1191 1334 1278 suppedaneo
1358 1198 1392 1257 et
1408 1190 1497 1257 dicet
1513 1189 1662 1258 Manca

433 1325 496 1372 cor
518 1304 649 1380 Meum,
674 1301 881 1368 Subiaconus
904 1306 1016 1367 autem
1040 1303 1074 1366 in
1097 1300 1232 1387 planum
1256 1298 1444 1365 descendet.

520 1413 575 1478 28.
600 1412 765 1476 Diaconus
789 1415 962 1496 postquam
986 1410 1183 1474 recitaverit
1205 1408 1346 1475 Munda
1368 1427 1431 1474 cor
1453 1427 1573 1474 mcum
1600 1425 1662 1472 as·

434 1525 560 1605 surget,
584 1519 725 1604 accipiet
747 1516 880 1591 librum,
905 1513 1111 1602 geniculabit
1132 1522 1210 1582 anta
1240 1515 1483 1593 celebrantem,
1514 1515 1664 1602 accipiet

434 1629 474 1693 ab
499 1645 538 1692 eo
562 1624 824 1691 benedictionem
849 1626 984 1708 eiusque
1008 1643 1141 1689 manum
1165 1623 1384 1689 osculabitur.
1408 1623 1576 1688 Diaconus
1600 1641 1662 1686 aa·

435 1740 549 1819 surget
575 1739 610 1798 et
632 1751 700 1797 una
723 1752 797 1797 cum
822 1730 1022 1797 celebrante
1046 1728 1258 1816 genuflectet.
1284 1729 1466 1796 Gelebrans
1490 1727 1593 1796 vadet
1615 1727 1663 1794 ad

434 1844 525 1908 latus
549 1839 718 1927 llpistolae
741 1859 782 1904 ac
806 1839 971 1906 Diaconos
994 1859 1095 1923 quum
1118 1838 1327 1904 descenderit
1351 1841 1384 1903 in
1408 1839 1545 1925 planum
1577 1833 1662 1904 ante

435 1949 564 2024 Altare,
588 1945 791 2034 genuflectet
815 1967 890 2012 cum
914 1945 1123 2012 Subdiacono
1146 1966 1222 2011 cum
1247 1946 1424 2032 Acolytbis
1447 1951 1482 2011 et
1508 1945 1663 2012 thurife-

434 2058 536 2132 rario,
560 2055 754 2140 quibuscum
779 2061 897 2140 perget
919 2054 960 2119 ad
984 2053 1170 2122 canendum
1202 2054 1424 2138 Evangelium
1455 2055 1550 2120 utin
1581 2052 1662 2120 aliis

434 2165 556 2230 Missis.

523 2271 576 2336 29.
601 2269 830 2336 subdiaconus
854 2275 929 2356 post
952 2270 1173 2355 Evangelium
1198 2275 1369 2336 cantatum
1393 2266 1511 2335 afferet
1533 2268 1663 2336 librum

436 2377 654 2445 osculandum
679 2377 871 2445 Celebranti
894 2379 966 2444 sine
989 2379 1063 2443 nlla
1086 2375 1331 2463 genuflexione.
1356 2378 1535 2461 Postquam
1566 2376 1665 2444 Gele-

437 2487 538 2553 brans
563 2486 684 2552 librum
710 2487 881 2551 osculatus
906 2487 980 2564 crit,
1006 2485 1234 2553 Subdiaconus
1258 2507 1333 2552 eum
1354 2484 1491 2552 'claudet
1519 2491 1556 2551 et
1582 2505 1666 2552 con-

439 2616 558 2661 versus
581 2615 681 2681 super
704 2594 877 2660 dexteram
894 2613 988 2660 suam
1004 2613 1047 2659 ne
1062 2600 1195 2680 tergum
1211 2601 1324 2660 vertat
1335 2594 1375 2659 ad
1394 2593 1663 2671 Sacramentum,

439 2702 620 2769 descendet
642 2704 676 2767 in
699 2703 834 2789 planum
859 2709 894 2768 et
916 2699 1129 2788 genuflectet.
1154 2702 1320 2767 Diaconus
1351 2701 1598 2778 Celebrantem,
1624 2706 1666 2768 ut

438 2813 472 2876 in
496 2812 570 2876 aliis
594 2811 715 2886 Missis,
739 2810 895 2876 adolebit.

527 2920 580 2984 30.
605 2917 811 2984 Thuriflcato
836 2918 1046 2996 Celebrante,
1072 2920 1207 2984 venient
1231 2919 1374 2983 Ministri
1392 2939 1466 2984 cum
1484 2920 1555 3005 ipso
1572 2937 1666 2986 unus

438 3027 636 3114 postellum
660 3027 699 3092 ad
725 3025 866 3091 medium
890 3026 1018 3092 Altaris
1043 3033 1077 3092 et
1100 3024 1336 3112 genuflectent.
1362 3025 1545 3092 celebrans
1577 3027 1667 3094 into·

440 3135 533 3200 nabit
559 3135 682 3210 Credo,
705 3153 770 3218 quo
794 3135 956 3209 intonato,
982 3134 1126 3200 Ministri
1156 3140 1286 3199 tantum
1318 3130 1587 3219 genuflexionem
1618 3135 1667 3200 fa·

440 3246 538 3318 cient,
563 3243 745 3309 ascendent
767 3243 808 3308 ad
831 3243 941 3312 latera
965 3243 1173 3309 Celebrantis
1205 3243 1369 3328 simulque
1399 3263 1474 3309 cum
1505 3265 1546 3310 eo
1578 3247 1667 3314 reci·

439 3352 559 3416 tabunt
575 3350 780 3437 Symbolum.
798 3349 871 3425 Quo
887 3352 1028 3416 recitato
1044 3351 1214 3417 iterabunt
1230 3341 1506 3437 genuflexionem,
1524 3351 1668 3420 descen·

440 3458 519 3523 dent
542 3479 562 3522 a
585 3459 692 3523 latere
715 3457 755 3523 de
779 3457 889 3522 Alteri
914 3463 948 3523 et.
971 3464 1112 3544 pergent
1135 3479 1261 3524 sessum
1285 3459 1392 3544 capite
1415 3457 1551 3525 nudato.

530 3565 583 3629 31.
609 3566 773 3630 Diaconus
790 3573 864 3652 post
880 3565 1097 3635 Icccraalcs
1112 3567 1245 3632 bursam
1262 3586 1337 3632 cum
1354 3565 1521 3652 corporali
1542 3565 1670 3636 afferet

440 3672 480 3736 ad
506 3671 634 3747 Altare,
659 3673 907 3740 inclinationem
932 3673 1033 3740 faciet
1057 3673 1098 3740 ad
1123 3674 1354 3740 Celebrantem
1386 3679 1529 3750 tantum,
1559 3693 1670 3760 genu-

443 3777 556 3844 flectet
580 3781 612 3844 in
638 3779 748 3844 infimo
771 3782 887 3866 gradu,
912 3782 1071 3849 ascendet
1093 3781 1133 3847 ad
1158 3782 1287 3858 Altare,
1305 3780 1441 3847 iterabit
1455 3779 1671 3866 genuflexio-

443 3909 528 3963 nem,
553 3888 736 3974 explicabit
759 3889 934 3976 corporale
958 3892 991 3956 in
1015 3890 1132 3967 medio,
1158 3911 1275 3954 rursus
1298 3885 1502 3974 genuflectet
1524 3889 1559 3954 in
1586 3912 1668 3978 sup-

442 3995 589 4081 pedaneo
613 4015 652 4061 ac
675 3995 877 4063 descendens
900 4017 920 4062 a
943 3996 1052 4063 latere
1075 3997 1115 4063 de
1139 3997 1250 4063 Alteri
1274 3995 1394 4062 redibit
1413 3995 1458 4061 ad
1489 4011 1668 4064 smrnnum

442 4114 476 4172 et
499 4106 635 4171 sedebit.

529 4215 583 4281 32.
609 4214 676 4280 Sub
701 4213 798 4279 finem
827 4215 938 4296 Credo
970 4215 1152 4281 Celebrans
1186 4235 1260 4281 cum
1284 4214 1446 4279 Ministris
1478 4213 1670 4299 procedent

443 4324 483 4387 ad
508 4324 637 4392 Altare.
662 4320 889 4407 genuflectent
913 4324 944 4385 in
969 4323 1078 4407 plano.
1104 4321 1285 4388 ascendent
1307 4329 1342 4388 ct
1364 4323 1435 4386 sine
1459 4321 1528 4386 alia
1551 4341 1669 4408 genu-

443 4426 583 4496 flexione
618 4432 802 4497 consistent
824 4430 914 4494 alter
944 4436 1017 4515 post
1049 4430 1204 4494 alterum.
1239 4430 1420 4496 Celebrans
1452 4429 1670 4496 osculabitur

445 4535 572 4614 bllare,
597 4535 811 4625 genuflectet,
844 4538 976 4603 recedet
1008 4557 1126 4602 versus
1158 4558 1263 4604 cornu
1296 4537 1480 4623 Evangelii,
1513 4537 1670 4605 cantabit

448 4642 619 4712 Dominus
641 4645 828 4716 ‘uobiscum
854 4667 971 4716 rursus
995 4651 1213 4714 convertetur
1236 4644 1277 4710 ad
1301 4646 1429 4716 altare,
1454 4644 1593 4713 iterabit
1603 4665 1668 4732 ge-
