4175 5717
533 685 576 746 to
996 701 1061 747 urs.
1088 701 1108 747 1.

441 811 597 878 militatis
620 821 683 874 etc.
709 815 743 875 et
766 809 883 875 Crucis
906 810 1036 893 signum
1064 829 1165 894 super
1188 808 1301 875 oblata
1332 811 1514 877 contecerit
1545 802 1657 879 dicens

442 925 474 984 ct
496 898 639 985 benedic
662 918 726 983 boc
748 917 963 1004 sacrificinm
982 923 1047 981 etc.
1071 936 1107 982 se
1130 923 1306 983 convertet
1329 938 1447 984 versus
1470 919 1559 986 latus
1584 919 1660 1006 Epi·

440 1027 547 1095 stolae
570 1034 605 1091 et
626 1031 763 1110 accepto
786 1045 806 1089 a
829 1025 973 1090 Diacono
996 1023 1176 1100 cochleari,
1207 1031 1261 1090 ter
1295 1026 1466 1091 incensum
1496 1028 1530 1091 in
1554 1027 1660 1093 thuri·

442 1135 557 1201 bulum
581 1134 744 1208 immittet,
770 1139 807 1197 ut
831 1151 931 1217 supra
955 1133 1153 1208 notavimus,
1178 1131 1358 1198 advertens
1380 1140 1492 1199 tamen
1516 1140 1554 1201 ut
1577 1136 1660 1201 reci·

442 1249 492 1308 tet
516 1241 698 1306 orationem
723 1240 795 1306 Per
817 1239 1101 1306 intercessionem
1123 1239 1216 1306 beati
1237 1240 1421 1307 Michaelis
1441 1240 1660 1328 Archanyeli

441 1351 567 1418 stantis
590 1368 613 1414 o
635 1348 773 1414 deceris
797 1346 932 1413 Alianis
956 1346 1102 1422 incensi,
1120 1354 1152 1414 et
1172 1347 1328 1414 omnium
1347 1346 1549 1415 Etesiarum
1571 1368 1657 1417 sno·

442 1479 536 1532 rnrn,
553 1458 737 1522 incensum
752 1454 849 1522 istud
864 1453 1032 1538 dipnetnr
1047 1454 1220 1521 Dominus
1239 1453 1451 1531 benedicere,
1465 1462 1498 1523 et
1519 1456 1557 1522 in
1571 1457 1658 1524 odo-

442 1585 519 1632 rem
541 1564 725 1631 suavitatis
749 1563 917 1645 occipere.
943 1563 1016 1628 Per
1049 1563 1229 1629 Christum
1258 1561 1449 1628 Dominum
1483 1569 1656 1631 nostrum.

442 1674 563 1739 Amen.
588 1668 632 1737 Et
655 1671 696 1736 ad
720 1670 857 1735 verbum
881 1669 1085 1736 benedicere
1108 1669 1276 1735 cochleari
1300 1668 1445 1734 Diacono
1469 1671 1561 1757 prius
1585 1671 1659 1737 red-

440 1779 509 1845 dito
532 1800 571 1844 ac
594 1780 701 1864 posita
723 1778 858 1841 sinistra
881 1797 981 1842 manu
1005 1797 1106 1864 super
1130 1777 1259 1853 Altare,
1278 1775 1393 1842 Crucis
1410 1778 1541 1862 signum
1557 1785 1658 1866 super

443 1888 612 1951 incensum
636 1883 757 1951 efficiet
780 1889 814 1948 et
852 1884 1060 1950 continuabit
1086 1885 1266 1950 formulam
1296 1883 1407 1948 dicens
1442 1891 1475 1951 et
1507 1886 1547 1952 in
1579 1887 1658 1954 odo-

441 2014 517 2060 rem
541 2001 604 2058 etc.

533 2101 582 2165 15.
609 2102 690 2165 Post
706 2101 798 2176 haec,
815 2109 951 2186 accepto
968 2121 988 2164 a
1003 2101 1149 2165 Diacono
1176 2100 1359 2176 thuribulo,
1377 2099 1464 2183 quod
1480 2102 1657 2166 sustinebit

441 2209 536 2275 modo
560 2210 713 2294 superius
745 2206 925 2285 declarato,
957 2208 1054 2273 nulla
1083 2209 1173 2273 facta
1203 2207 1244 2271 ad
1280 2206 1420 2272 Crucem
1453 2209 1655 2286 reverentia,

440 2314 644 2382 thurificabit
667 2315 780 2381 oblata
803 2323 872 2380 tres
898 2314 1022 2381 Cruces
1047 2314 1222 2396 thuribulo
1252 2312 1408 2390 efficiens,
1443 2314 1529 2398 quod
1559 2317 1657 2381 susti·

439 2425 529 2491 nebit
552 2424 738 2509 aequaliter
764 2423 943 2502 elevatum,
960 2443 1061 2509 super
1077 2424 1226 2488 Hostiam
1243 2431 1277 2487 et
1294 2421 1438 2488 Calicem
1457 2422 1554 2487 simul
1567 2422 1656 2489 linea

441 2539 533 2597 recta
556 2552 594 2596 ac
619 2534 863 2596 transversaria
887 2531 1000 2596 eodem
1036 2530 1141 2606 mode,
1176 2550 1240 2615 quo
1271 2527 1391 2594 efficiet
1423 2531 1455 2594 in
1486 2531 1525 2594 iis
1557 2550 1656 2597 manu

438 2638 682 2705 benedicendis.
708 2639 758 2704 Ad
781 2640 920 2726 primam
953 2638 1094 2703 Crucem
1129 2638 1217 2703 dicet
1247 2637 1437 2703 Incensnm
1471 2638 1577 2713 istnd,
1613 2636 1654 2703 ad

437 2746 579 2811 alteram
603 2767 625 2811 o
654 2745 699 2811 Te
722 2746 950 2823 benedictum,
975 2745 1074 2811 etad
1100 2747 1230 2811 tertiam
1264 2746 1433 2812 ascendut
1455 2745 1502 2812 od
1527 2751 1558 2813 te
1580 2745 1653 2813 Do-

437 2854 530 2919 mine
556 2853 614 2938 (o).
642 2927 646 2935 .

529 2961 577 3026 16.
603 2962 683 3026 Post
707 2969 775 3027 tres
800 2983 916 3027 cruces
941 2961 1060 3028 efficiet
1091 2970 1160 3027 tres
1193 2961 1340 3027 circulus
1373 2963 1406 3027 in
1441 2962 1571 3027 modum
1602 2962 1656 3027 co-

439 3089 538 3133 ronae
562 3070 686 3134 circum
711 3071 858 3134 Hostiam
883 3077 917 3135 et
941 3070 1096 3135 Calicem.
1123 3070 1165 3135 Ut
1192 3069 1312 3134 decore
1339 3075 1373 3133 et
1403 3076 1561 3135 accurate
1584 3078 1653 3136 tres

437 3180 516 3241 istos
541 3178 686 3241 circulos
710 3184 925 3260 exsequatur,
950 3175 1075 3243 effectis
1100 3178 1205 3242 tribus
1232 3176 1396 3253 crucibus,
1421 3177 1551 3243 deferet
1574 3180 1655 3243 thu-

437 3283 582 3349 ribulum
607 3286 639 3348 iu
665 3283 806 3348 medium
831 3284 951 3351 Altare
974 3286 1124 3350 Hostiam
1149 3287 1237 3350 inter
1260 3291 1294 3349 et
1318 3287 1539 3370 semeptisum,
1557 3297 1589 3351 et
1608 3289 1655 3352 in-

434 3391 573 3456 clinabit
596 3391 746 3476 paullum
770 3393 816 3456 ita
839 3399 877 3456 ut
900 3392 1084 3457 circumdet
1108 3392 1263 3468 Calicem,
1281 3391 1337 3457 sed
1355 3395 1433 3476 quin
1450 3399 1566 3477 tangat
1583 3414 1655 3459 cor·

433 3499 557 3584 porale.
591 3499 628 3563 ln
659 3498 838 3564 efficiendis
863 3499 991 3565 duobus
1015 3502 1128 3586 primis
1152 3499 1289 3564 circulis
1313 3499 1521 3564 thuribulum
1553 3500 1652 3566 ducet

432 3606 615 3671 adextera
638 3606 679 3671 ad
703 3608 872 3672 sinistram
895 3615 1033 3693 partem,
1059 3606 1215 3672 videlicet
1244 3627 1265 3671 a
1291 3607 1399 3671 latere
1430 3627 1547 3672 versus
1579 3609 1654 3695 Epi-

433 3714 553 3778 stolam
577 3713 618 3777 ad
642 3713 731 3779 latus
755 3714 941 3798 Evangelii,
967 3723 1001 3780 et
1025 3718 1058 3779 in
1082 3717 1184 3779 tertio
1200 3713 1426 3778 circumducet
1442 3714 1652 3781 thuribulum

433 3841 452 3884 a
476 3821 613 3885 sinistra
635 3819 676 3884 ad
700 3820 883 3898 dexteram,
909 3842 1024 3908 nempe
1049 3843 1069 3886 a
1093 3821 1201 3885 latere
1226 3840 1343 3885 uersus
1369 3822 1589 3906 Euangelium
1610 3821 1651 3887 ad

432 3929 521 3992 latus
546 3927 725 4011 Epistolae:
752 3930 840 3992 inter
864 3949 966 3992 unum
994 3938 1028 3994 et
1051 3929 1197 3994 alterum
1221 3928 1384 3993 circulum
1401 3928 1501 3994 faciet
1517 3931 1650 3995 maioris

430 4036 604 4118 gravitatis
628 4054 746 4099 caussa
769 4035 942 4118 quamdam
968 4036 1162 4120 perbrevem
1186 4055 1322 4099 moram:
1347 4033 1388 4098 ad
1414 4036 1557 4120 primum
1581 4038 1650 4101 cir-

431 4143 544 4206 culum
567 4142 800 4227 pronunciabit
824 4142 926 4206 verba
949 4143 994 4210 Et
1017 4144 1207 4210 descendat
1228 4162 1339 4225 snper
1354 4162 1429 4219 nos,
1446 4142 1488 4207 ad
1503 4143 1648 4208 alterum

430 4250 683 4327 misericordia,
708 4248 749 4313 ad
771 4250 909 4314 tertium
935 4258 1006 4316 tna.

501 4411 543 4479 (a)
562 4412 706 4467 Advertat
728 4410 890 4468 Celebrans
910 4410 939 4465 in
958 4410 1160 4467 thurificandis
1181 4410 1295 4476 oblatis
1309 4430 1345 4467 nc
1358 4410 1469 4468 lineam
1490 4419 1603 4470 rectam
1619 4420 1650 4470 et

432 4500 676 4556 transversariam
696 4499 784 4557 ducat
803 4500 895 4557 instar
913 4509 1039 4573 quatuor
1058 4509 1242 4572 punctorum,
1262 4501 1506 4574 quemadmodum
1523 4502 1550 4558 in
1564 4505 1649 4573 praxi

429 4587 545 4658 quidam
567 4606 722 4660 perperam
745 4592 843 4647 tacere
863 4605 1091 4646 consueverunt.
