4175 5717
522 681 561 743 ll
981 696 1047 744 ms.
1067 697 1089 743 1.

429 825 608 890 assurgere
641 804 781 882 debebit,
812 803 1080 890 consurgendum
1113 805 1179 870 erit
1207 803 1357 870 omnibus
1387 802 1462 868 aliis
1496 801 1642 869 eiusdem

431 914 566 980 ordinis.

518 1019 571 1085 25.
598 1019 631 1085 Si
655 1019 836 1105 Episcopus
859 1037 925 1083 non
948 1018 1140 1095 celebrabit,
1165 1018 1223 1084 sed
1245 1024 1375 1084 tautum
1399 1018 1554 1084 intererit
1568 1017 1645 1082 Mis

430 1148 486 1193 sae
510 1125 681 1204 sacrificio,
707 1133 758 1192 est
781 1133 815 1192 et
836 1127 922 1192 alius
947 1126 1028 1192 ordo
1043 1146 1102 1191 seu
1119 1133 1244 1204 coetus,
1261 1125 1419 1192 videlicet
1435 1125 1643 1194 celebrantis

432 1242 466 1300 et
489 1236 726 1309 Ministrorum,
751 1235 806 1317 qui
830 1234 967 1300 eandem
990 1233 1142 1319 regulam
1170 1234 1291 1300 ceteris
1324 1234 1559 1320 praescriptam
1591 1230 1645 1297 ob-

433 1342 624 1408 servabunt.

351 1437 354 1444 ’
519 1449 572 1513 26.
597 1448 704 1523 Quum
733 1454 844 1514 autem
875 1455 1029 1533 assurget
1060 1447 1250 1534 Episcopus,
1282 1446 1548 1532 consurgendum
1579 1447 1645 1511 erit

433 1555 582 1620 omnibus
613 1555 688 1621 aliis
719 1555 759 1620 ad
791 1567 1031 1639 quemcumque
1066 1574 1109 1620 ex
1140 1554 1338 1640 supradictis
1372 1553 1541 1620 ordinibus
1573 1573 1666 1639 per·.

433 1664 572 1727 tineent.

519 1769 572 1834 27.
597 1770 634 1832 ln
658 1768 771 1834 eodem
796 1769 1035 1834 anremoniali
1059 1770 1250 1853 assignatur
1272 1768 1389 1833 atalia
1405 1766 1578 1852 regulade
1594 1787 1646 1831 or-

433 1877 510 1941 dine
533 1876 697 1941 servando
721 1878 754 1941 in
777 1876 996 1960 exsequendis
1021 1878 1229 1948 reverentiis,
1253 1874 1384 1960 quando
1416 1876 1546 1940 scilicet
1572 1875 1644 1958 quis

435 1984 620 2049 Canonicus
643 1991 702 2048 aut
725 1981 960 2049 Beneficiarins
983 1991 1043 2049 aut
1065 1982 1197 2067 quidam
1225 2004 1268 2049 ex
1299 1984 1460 2048 Ministris
1491 1983 1524 2046 in
1551 2001 1647 2047 exer-

434 2093 512 2157 citio
536 2092 586 2156 sui
608 2091 783 2155 ministerii
806 2090 924 2156 debeat
953 2092 1068 2177 plores
1099 2092 1304 2156 reverentias
1337 2091 1524 2155 successive
1555 2108 1647 2174 pera·

434 2217 525 2282 gere,
549 2196 708 2262 videlicet
732 2196 932 2275 Celebranti,
946 2198 1047 2262 altari
1072 2205 1106 2264 et
1128 2198 1299 2284 Episcopo.
1323 2197 1395 2262 Hoc
1418 2217 1497 2263 casu
1514 2202 1648 2262 nonest

434 2330 570 2395 prorsus
586 2307 787 2374 attendenda
802 2310 906 2374 maior
921 2315 980 2373 aut
995 2310 1103 2374 minor
1119 2308 1212 2373 illius
1228 2308 1370 2394 dignitas
1386 2310 1440 2374 cui
1456 2308 1647 2373 reverentia

433 2414 505 2480 fieri
528 2415 656 2491 debeat,
681 2414 739 2480 sed
762 2416 868 2480 maier
890 2414 1105 2480 commoditas
1129 2417 1199 2481 eius
1223 2418 1277 2500 qui
1301 2417 1438 2500 exsequi
1462 2414 1568 2480 debet:
1593 2434 1649 2480 ex·

435 2523 534 2608 empli
557 2523 676 2607 gratia,
700 2522 755 2606 qui
779 2541 799 2586 a
823 2521 1023 2589 Gelebrante
1046 2522 1201 2587 abscedet
1233 2524 1342 2587 iturus
1365 2521 1406 2587 ad
1437 2522 1645 2607 Episcopum,

435 2629 667 2694 Celebrantem
691 2628 902 2693 reverebitur
924 2629 1077 2714 primum,
1101 2627 1219 2694 deinde
1242 2628 1370 2703 Altare,
1389 2634 1555 2714 postremo
1573 2627 1649 2713 Epi·

434 2756 579 2822 scopum3
603 2736 681 2801 item
698 2736 798 2819 siquis
814 2735 854 2800 ab
872 2736 1034 2822 Episcopo
1049 2735 1205 2801 abscedet
1220 2737 1330 2800 iturus
1345 2735 1387 2800 ad
1404 2734 1646 2812 Celebrantem,

435 2845 575 2929 primum
599 2843 771 2928 Episcopo
796 2848 866 2907 tum
889 2842 1011 2920 Alteri,
1027 2850 1194 2929 postremo
1212 2843 1403 2908 celebranti
1423 2843 1647 2909 reverentiam

434 2949 596 3015 absolvet.
621 2950 666 3015 Ut
687 2968 755 3014 ono
779 2950 881 3014 verbo
904 2951 1118 3035 complectar,
1143 2951 1283 3035 primum
1306 2952 1340 3013 in
1371 2949 1446 3014 loce
1480 2950 1567 3014 unde
1594 2950 1649 3014 ab·

435 3057 591 3133 sceditur,
616 3062 781 3141 postremo
805 3078 869 3141 quo
886 3058 1081 3142 pervenitur
1096 3059 1288 3122 reverentia
1303 3058 1454 3123 facienda
1474 3063 1534 3133 est,
1552 3058 1647 3122 nullo

435 3164 548 3229 habite
572 3169 725 3249 respectu
748 3165 865 3228 maiori
888 3171 947 3229 aut
970 3166 1088 3229 minori
1113 3165 1248 3229 illorum
1272 3165 1424 3250 dignitati
1448 3165 1566 3249 quibus
1595 3166 1650 3230 hic

436 3274 540 3337 honos
565 3273 705 3339 debetur
728 3271 745 3355 (
764 3273 790 3357 ).

522 3380 575 3444 28.
601 3381 775 3446 Postremo
797 3382 824 3445 si
848 3381 962 3466 plures
985 3384 1142 3448 intersint
1165 3383 1343 3448 Praesules
1374 3384 1441 3448 alia
1455 3371 1590 3469 'regula
1613 3386 1646 3449 in

437 3487 676 3553 Caeremoniali
699 3488 947 3572 praescribitur,
972 3491 1163 3554 reverentia
1185 3489 1343 3556 videlicet
1358 3510 1459 3556 unum
1476 3511 1590 3557 eorum
1603 3491 1648 3556 di-

435 3596 627 3680 gnissimum
651 3614 723 3660 esse
746 3595 984 3672 honorandum,
1010 3597 1106 3661 nullo
1130 3604 1283 3682 respectu
1307 3598 1418 3663 habito
1442 3598 1647 3682 reliquorum

436 3705 654 3789 praesentiae,
679 3706 725 3768 ita
759 3710 797 3768 ut
820 3704 847 3767 si
871 3704 1033 3770 functioni
1061 3706 1240 3770 interesset
1271 3705 1455 3770 cardinalis
1491 3705 1647 3790 Legatos,

437 3811 618 3897 Episcopus
650 3810 837 3876 ordinarius
860 3818 959 3895 atque
982 3813 1038 3877 alii
1063 3812 1252 3888 Praesules
1277 3814 1467 3878 reverentia
1496 3812 1648 3878 facienda

436 3923 525 3983 esset
548 3917 717 3983 Cardinali
741 3919 867 4003 Legato
890 3919 1105 3995 solummodo,
1130 3921 1249 4005 quippe
1271 3921 1327 4003 qui
1350 3921 1470 3984 ceteris
1494 3939 1648 4005 praesen·

436 4025 524 4090 tibus
547 4024 707 4110 dignitate
730 4026 906 4091 antecedit.
1581 4031 1592 4084 l

507 4310 550 4379 (a)
570 4309 731 4382 Expressio
759 4313 989 4369 Caeremonialis
1011 4317 1032 4369 l.
1053 4315 1073 4370 l.
1093 4331 1117 4370 c.
1141 4317 1179 4370 l8.
1205 4331 1283 4370 num.
1309 4316 1347 4368 13.
1375 4281 1496 4368 innuero
1523 4312 1646 4377 videtur,

435 4397 512 4469 quod
531 4415 619 4470 quum
640 4400 835 4457 functionibus
853 4401 967 4460 intersit
986 4404 1149 4478 Episcopus
1169 4405 1248 4460 nulla
1266 4402 1302 4459 ad
1321 4401 1443 4458 chorum
1463 4401 1597 4458 iacienda
1610 4401 1647 4457 sit

437 4486 604 4542 reverentia
623 4496 674 4545 aut
691 4488 848 4557 inclinatio
868 4492 908 4548 uti
928 4511 990 4549 mos
1011 4507 1056 4550 cst
1075 4495 1102 4549 in
1122 4492 1270 4566 pontificia
1289 4493 1430 4565 cappella
1448 4508 1536 4564 quum
1556 4492 1645 4547 Suni-

437 4594 501 4633 mus
521 4578 655 4635 Pontifex
675 4579 765 4636 adest.
