4175 5717
521 723 587 788 208
978 743 1045 794 cin.
1071 743 1114 790 ιι..

434 855 577 934 utroque
611 868 720 936 genu,
750 848 906 918 methodo
939 849 1076 918 tradita
1095 870 1155 938 pro
1189 851 1292 918 ltlissa
1325 851 1464 918 solemni
1496 869 1568 940 cap.
1602 847 1662 928 IV,

433 977 522 1022 num.
545 957 599 1024 21.

523 1065 576 1136 16.
598 1066 636 1132 ln
665 1064 758 1132 editu
789 1066 894 1144 chori,
924 1065 1167 1136 thuriferarius
1198 1065 1334 1134 recedet
1364 1087 1465 1154 super
1485 1066 1663 1134 sinistram
1702 1071 1705 1078 '

432 1193 535 1251 suam,
560 1173 721 1260 Acolytbi
744 1173 955 1252 dirimentur,
978 1181 1017 1242 ut
1040 1175 1156 1244 eadem
1174 1175 1266 1242 linea
1280 1195 1356 1242 cum
1373 1175 1535 1242 htinistris
1552 1179 1589 1242 et
1604 1173 1664 1244 Ge·

433 1281 585 1348 lebrante
608 1301 645 1348 ee
667 1281 803 1358 addant,
827 1282 973 1348 Ministri
1002 1291 1103 1368 caput
1138 1283 1320 1358 nudabunt,
1345 1279 1504 1350 biretum·
1526 1281 1664 1352 tradent

434 1389 700 1456 Caeremoniario
724 1395 758 1454 et
780 1389 822 1456 ad
845 1389 955 1456 latera
979 1389 1189 1456 celebrantis
1209 1390 1410 1468 transibunt
1429 1389 1613 1458 Gelebrans
1628 1395 1664 1458 et

432 1497 502 1582 ipse
525 1495 661 1562 nudabit
695 1501 797 1582 caput
826 1502 862 1562 et
892 1497 1034 1564 biretum
1066 1496 1157 1564 dabit
1181 1497 1336 1574 Diacono,
1360 1499 1513 1582 quisine
1536 1497 1665 1566 osculis

432 1601 519 1668 illud
542 1604 682 1688 accipiet
702 1622 744 1670 ac
767 1603 880 1670 madet
902 1603 1182 1674 Caersmoniario.
1208 1605 1328 1672 Olenus
1354 1606 1389 1672 in
1418 1605 1522 1672 choro
1554 1604 1664 1694 rapite

433 1711 558 1778 nudato
581 1711 683 1779 stabit
705 1731 806 1797 quum
829 1711 1010 1782 advenient
1033 1713 1225 1790 celebrans,
1251 1713 1406 1790 Ministri,
1429 1711 1597 1800 Acolythi
1623 1731 1666 1780 ao

432 1819 682 1884 thuriferarius.

522 1927 572 1992 17.
598 1927 779 1994 Celebrans
805 1926 859 1994 ubi
882 1930 1012 1995 venerit
1035 1934 1115 1996 ante
1139 1927 1268 2004 Altero,
1285 1927 1499 1994 reverebitur
1519 1925 1667 1994 (trucem

433 2043 467 2102 st
489 2036 638 2130 Ministri
657 2054 733 2102 cum
756 2033 1132 2123 ceterisgenuflectent.
1153 2035 1335 2102 Gelebrans
1359 2041 1394 2102 et
1413 2035 1564 2102 Ministri
1588 2053 1671 2102 con·

433 2144 674 2232 geniculabunt
696 2144 731 2209 in
754 2141 866 2214 intimo
884 2143 991 2229 gradu
1014 2151 1049 2214 et
1073 2142 1291 2230 procumbant
1305 2149 1384 2208 ante
1401 2141 1521 2210 Altnrs
1537 2159 1669 2230 ponen-

433 2261 483 2320 tes
507 2252 643 2320 brachia
667 2259 702 2318 et
724 2256 826 2336 caput
848 2252 883 2318 in
905 2251 1047 2316 cussinis
1070 2252 1134 2316 iam
1151 2253 1184 2318 in
1202 2249 1412 2338 suppedaneo
1427 2250 1538 2317 autin
1555 2247 1678 2338 gruin-

429 2363 593 2448 superiori
617 2360 831 2447 praeparatis,
857 2379 938 2444 quos
962 2359 1077 2425 licebit
1100 2361 1147 2425 sie
1168 2358 1209 2425 ad
1229 2359 1359 2426 libitum
1383 2359 1520 2444 propius
1544 2355 1668 2428 admo-

433 2490 512 2535 vere
537 2468 592 2535 vel
617 2487 791 2534 removere
814 2487 834 2532 a
858 2487 904 2532 se.
930 2466 1190 2544 Thuriferarius,
1220 2467 1310 2533 facta
1339 2462 1588 2552 genuflexione,
1611 2463 1671 2532 ad-

433 2575 681 2663 geniculabitur
704 2574 951 2659 aliquantulum
974 2581 1049 2661 post
1081 2575 1314 2641 Celebrantem
1343 2593 1460 2639 versus
1483 2573 1672 2640 sinistram

433 2685 546 2770 ipsius.
572 2681 692 2756 Glerus
715 2682 750 2748 in
772 2684 842 2756 suis
865 2681 976 2750 stallis
999 2681 1270 2768 congeniculabit
1293 2688 1328 2749 et
1339 2699 1492 2766 :aequum
1507 2687 1612 2760 esset,
1630 2685 1672 2750 ut

433 2797 534 2879 caput
556 2795 591 2858 et
612 2791 771 2858 humeros
794 2789 984 2856 inclinaret.
1009 2790 1081 2856 Duo
1105 2790 1268 2878 Acolythi
1299 2791 1391 2856 facta
1418 2785 1671 2876 genuflexione,

435 2905 577 2987 pergent
598 2898 640 2964 ad
670 2898 809 2964 abacum
840 2903 875 2964 et
904 2898 994 2963 alter
1023 2918 1067 2964 ex
1099 2898 1168 2964 illis
1194 2903 1304 2966 sumet
1326 2897 1455 2964 Altaris
1486 2897 1678 2970 tobaleam

433 3006 550 3072 deinde
574 3005 756 3094 procedent
773 3005 874 3072 simul
896 3004 939 3070 ad
961 3005 1083 3074 Altare
1105 3011 1140 3072 et
1163 3002 1673 3092 supermensamexplicabunt

433 3116 610 3192 tobaleam,
627 3131 721 3200 quae,
747 3119 785 3180 ut
807 3113 873 3184 iam
894 3112 1157 3180 demonstratum
1174 3119 1236 3190 est,
1252 3113 1352 3180 debet
1365 3131 1512 3180 mensam
1529 3117 1669 3182 tantum

435 3231 627 3309 contegere,
652 3242 759 3308 neque
781 3241 802 3288 a
824 3221 988 3292 lateribus
1012 3221 1167 3308 pendere:
1193 3222 1404 3288 meminerint
1433 3225 1547 3288 autern
1578 3221 1674 3290 ince-

435 3334 552 3401 dentes
576 3335 609 3400 in
633 3330 854 3419 suppedaneo,
879 3329 1034 3416 quodibi
1058 3332 1217 3417 prostrati
1241 3334 1320 3396 sunt
1343 3327 1525 3396 celebrans
1549 3333 1585 3396 st
1611 3329 1675 3398 ldi-

437 3444 542 3508 nistri:
568 3440 795 3528 explicatain
819 3438 933 3506 Alteri
955 3437 1099 3514 tobalea,
1124 3437 1326 3504 descendent
1349 3440 1383 3504 in
1406 3437 1546 3526 planum
1564 3457 1674 3526 prope

439 3551 617 3618 Ministros
640 3554 675 3616 et
698 3546 1002 3635 congeniculabunt
1025 3548 1060 3612 in
1084 3545 1198 3614 eadem
1217 3545 1312 3612 linea
1335 3565 1410 3612 cum
1437 3545 1674 3614 thuriferario.

439 3658 726 3726 Goerernoniarius
749 3676 800 3722 ex.
816 3656 927 3730 abaco¹
942 3661 1051 3722 sumet
1066 3656 1236 3722 cussinum
1253 3654 1307 3720 vel
1324 3654 1426 3742 legile
1443 3675 1518 3722 cum
1539 3655 1675 3724 blissali

436 3774 554 3854 aperto
577 3771 613 3832 et
634 3769 737 3852 ponet
760 3785 861 3851 super
885 3764 1005 3831 Altare
1028 3765 1063 3829 in
1087 3783 1193 3830 cornu
1217 3763 1398 3851 Epistolae:
1422 3761 1544 3830 efficiet
1567 3765 1675 3832 etiarn

437 3881 475 3943 ut
507 3876 603 3940 iuxta
631 3872 771 3941 abacum
800 3871 888 3939 adsit
916 3870 1171 3959 adgeniculatus
1203 3877 1321 3938 cantor
1343 3869 1400 3938 vel
1430 3870 1586 3948 clericus,
1614 3873 1673 3960 qui

434 3990 572 4052 cantare
596 3983 735 4069 primam
757 3980 937 4047 lectionem
959 3979 1100 4046 debebit.

530 4091 579 4156 18.
606 4083 786 4173 Postquam
810 4087 993 4154 Celebrans
1016 4109 1093 4155 cum
1109 4087 1274 4154 Ministris
1289 4085 1483 4172 aliquandiu
1506 4089 1670 4168 oraverit,

437 4199 523 4284 quod
548 4198 619 4264 fieri
643 4198 767 4283 poterit
789 4196 896 4283 spatio
920 4195 992 4262 fers
1017 4199 1115 4263 unius
1139 4197 1322 4273 Miserere,
1347 4194 1389 4261 ad
1411 4199 1530 4261 nutum
1546 4193 1670 4264 Caere·

437 4309 587 4373 moniarii
614 4311 796 4391 consurget
819 4325 837 4370 e
860 4305 1086 4390 prostratione
1109 4311 1144 4370 et
1167 4305 1313 4370 stabunt.
1332 4303 1545 4390 consurgent
1564 4305 1668 4372 etiam

438 4414 599 4500 Acolythi
621 4435 661 4480 ac
684 4412 935 4488 thuriferarius
960 4417 995 4476 et
1018 4413 1130 4477 statim
1154 4412 1320 4478 tollente
1347 4410 1507 4497 gradibus
1533 4411 1667 4478 Altaria

438 4519 593 4603 pulvinos
606 4524 639 4586 in
654 4521 879 4609 prostratione
894 4518 1058 4586 adhibitos
1075 4525 1109 4586 st
1120 4538 1222 4605 prope
1238 4520 1375 4585 abacum
1390 4518 1470 4585 illos
1487 4517 1663 4606 deponent.

534 4627 582 4692 le.
608 4629 790 4696 celebrans
814 4649 890 4696 cum
907 4628 1069 4695 Ministris
1085 4627 1310 4695 conscendent
1326 4628 1581 4715 suppedaneum.
1601 4625 1665 4694 00-
