4175 5717
523 717 567 784 32
974 735 1041 783 nia.
1067 736 1115 783 ni.

517 845 570 910 76.
595 845 776 911 Celebrans
799 851 963 930 assurget,
987 845 1128 929 accipiet
1151 865 1176 907 s.
1194 843 1355 922 Pixidem,
1373 863 1470 930 quam
1495 847 1659 928 conteget

429 953 697 1018 extremitatibus
722 952 946 1017 anterioribus
970 951 1037 1017 veli
1062 952 1256 1017 humeralis.

444 1039 450 1054 ¹
518 1063 572 1126 77.
598 1062 646 1126 De
671 1061 782 1126 Alteri
807 1059 988 1126 descendet
1011 1067 1046 1126 et
1068 1059 1345 1145 praecedentibus
1368 1059 1500 1125 duobus
1527 1058 1662 1126 clericis

430 1191 504 1237 cum
529 1171 705 1234 intorticiis
729 1175 764 1234 et
786 1170 892 1254 primo
916 1187 992 1234 cum
1016 1167 1173 1245 umbella,
1199 1167 1453 1234 Sacramentum
1478 1166 1611 1233 deferet
1628 1167 1661 1231 in

430 1282 627 1356 sacristiam,
653 1280 798 1345 recitans
821 1279 968 1363 aliquem
987 1279 1161 1364 psalmum,
1180 1279 1213 1343 in
1232 1281 1327 1343 cuius
1341 1275 1410 1344 tine
1426 1279 1561 1343 omittet
1587 1274 1664 1344 Glo-

434 1391 492 1456 ria
514 1389 628 1455 Patri.

520 1496 572 1561 78.
598 1495 706 1571 Quum
731 1496 765 1559 in
790 1495 912 1560 cellam
936 1496 970 1558 in
994 1495 1147 1560 sacristia
1171 1499 1403 1580 praeparatam
1427 1485 1573 1568 venerit,
1604 1493 1664 1558 Pi-

430 1604 540 1670 xidem
564 1603 700 1688 deteget
723 1609 757 1667 et
779 1610 881 1688 ponet
904 1621 1005 1688 super
1028 1601 1196 1687 corporali
1221 1619 1370 1688 expanso
1393 1602 1428 1664 in
1452 1619 1571 1666 mensa
1593 1601 1663 1666 sive

432 1715 465 1777 in
490 1712 611 1777 Alteri.
638 1709 755 1775 Genua
778 1709 952 1775 submittet
976 1729 1016 1774 ac
1039 1710 1167 1795 primus
1192 1709 1348 1786 clericus,
1367 1707 1484 1774 clausa
1506 1708 1573 1772 iam
1597 1725 1667 1774 um-

428 1820 529 1888 bella.
553 1818 711 1884 detrahet
734 1819 881 1883 humeris
905 1819 976 1883 eius
1001 1817 1114 1882 velum
1138 1817 1323 1884 humerale.

520 1927 572 1992 79.
600 1927 774 2010 assurget,
799 1927 939 2011 accipiet
963 1947 988 1988 s.
1017 1923 1169 1991 Pixidetn
1194 1931 1229 1990 et
1251 1933 1352 2010 ponet
1376 1927 1479 2012 ipsam
1503 1929 1596 1992 intra
1611 1931 1666 1992 ta·

434 2033 664 2110 bornaculnm,
689 2030 903 2118 genuflectet,
920 2032 1057 2099 claudet.
1080 2033 1236 2098 ostiolum
1254 2033 1435 2112 custodiae,
1452 2035 1669 2122 complicabit

435 2142 620 2228 corporale
645 2125 692 2205 do¹
710 2141 822 2206 Altari
847 2139 1036 2218 descendet,
1063 2140 1120 2205 rel
1144 2141 1317 2207 discedens
1344 2139 1385 2207 de
1415 2161 1532 2208 mensa
1566 2162 1670 2230 pras*-

433 2257 558 2337 parata,
584 2247 713 2314 duobus
738 2248 814 2313 inde
838 2255 898 2314 aut
921 2249 1030 2314 tribus
1055 2248 1206 2335 passibus
1229 2247 1444 2334 genuflectet.
1470 2249 1596 2318 Clerici
1613 2270 1673 2318 ex·

433 2361 589 2444 tinguent
614 2359 782 2423 intorticia
806 2363 840 2422 et
865 2356 1022 2422 candelas
1048 2355 1092 2421 ibi
1115 2355 1274 2422 ardentes
1291 2357 1348 2422 sed
1366 2378 1434 2424 una
1449 2359 1571 2425 saltem
1588 2359 1672 2426 lam·

436 2465 521 2552 pada
543 2465 663 2530 ardere
688 2466 813 2550 iugiter
837 2463 936 2530 debet
959 2471 994 2529 et
1024 2463 1204 2530 claudetur
1236 2467 1367 2544 ostium,
1399 2485 1441 2532 ne
1472 2473 1673 2554 prospectus

437 2573 514 2638 inde
537 2578 649 2659 pateat
673 2574 706 2637 in
731 2573 927 2637 sacrarium.

523 2681 576 2744 80.
603 2680 694 2746 Unus
719 2699 737 2744 e
761 2679 894 2745 clericis
918 2679 1039 2746 redibit
1062 2681 1104 2746 ad
1127 2681 1257 2758 Altare,
1282 2683 1448 2750 amovebit
1479 2684 1557 2751 inde
1585 2683 1671 2752 blla-

434 2789 505 2854 sale
528 2809 603 2853 cum
627 2789 760 2853 cossino
784 2809 845 2853 seu
868 2789 972 2874 legili,
998 2790 1211 2876 complicabit
1234 2792 1411 2878 corporale
1434 2797 1470 2858 et
1505 2803 1613 2879 ponet
1637 2795 1671 2861 in

435 2897 548 2972 abaco;
576 2897 712 2980 recipiet
737 2896 882 2961 biretum
907 2896 1116 2963 Celebrantis
1141 2904 1174 2963 et
1200 2897 1319 2965 redibit
1343 2901 1376 2964 in
1399 2901 1602 2966 sacristiam.

523 3005 575 3068 81.
601 3003 794 3080 Calabram,
826 3003 1060 3070 adiuvantibus
1091 3006 1235 3082 clericis,
1267 3006 1410 3073 dimittet.
1440 3009 1476 3075 in
1510 3011 1671 3078 sacristia

436 3112 585 3198 pluviale
610 3133 684 3178 cum
708 3113 797 3178 stola
820 3113 888 3178 albi
911 3112 1035 3178 coloris
1060 3120 1092 3178 et
1118 3114 1233 3179 induet
1257 3115 1318 3180 sibi
1342 3115 1464 3180 stolam
1481 3117 1672 3184 violaceam

437 3222 469 3284 in
495 3226 629 3305 pectore
653 3221 810 3306 plicatam
836 3223 868 3286 in
894 3221 1025 3286 modum
1051 3221 1178 3298 Crucis,
1203 3241 1342 3308 eamque
1366 3223 1536 3290 cohibebit
1551 3231 1673 3294 extre·

437 3328 607 3394 mitatibus
631 3331 769 3414 cinguli.

526 3437 579 3500 8⁸2.
605 3439 752 3522 Accepto
775 3436 893 3512 bireto,
919 3437 1020 3503 faciet
1043 3457 1118 3502 cum
1136 3438 1269 3506 clericis
1286 3442 1511 3506 reverentiam
1528 3439 1570 3506 ad
1590 3441 1673 3510 Cru-

439 3566 510 3611 cem
535 3545 589 3608 vel
623 3548 798 3631 imaginem
835 3547 1047 3631 praecipuam
1078 3549 1260 3624 sacristiae,
1296 3554 1396 3635 caput
1429 3551 1605 3634 cooperiet
1639 3555 1674 3618 et

440 3659 622 3738 praeeunte
646 3655 751 3739 primo
775 3653 910 3730 clerico,
935 3653 1053 3718 deinde
1080 3654 1190 3719 altero
1223 3675 1262 3720 ac
1297 3656 1407 3730 tertio,
1440 3657 1540 3722 simul
1574 3658 1672 3726 inoe-

438 3761 603 3837 dontibus,
628 3761 669 3826 ad
693 3761 812 3826 Ali-are
838 3764 940 3827 maius
965 3762 1133 3848 procedet..

528 3869 580 3933 83.
614 3869 702 3934 Ante
738 3869 857 3934 Altare
889 3872 994 3935 maius
1031 3869 1213 3937 Celebrans
1249 3871 1388 3937 nudabit
1417 3879 1519 3960 caput
1549 3873 1671 3950 bireto,

438 3976 524 4060 quod
548 3977 638 4042 dabit
662 3979 767 4063 primo
790 3978 925 4054 clerico,
951 3979 1174 4044 reverentiam
1198 3978 1239 4045 ad
1257 3979 1399 4046 Crucem
1421 3981 1534 4058 iaciat,
1551 3981 1673 4048 cleriei

440 4082 718 4170 genuflexionem.

528 4195 581 4258 84.
608 4193 707 4258 Stans
732 4199 810 4259 ante
835 4182 964 4269 Altero,
990 4195 1081 4260 elata
1106 4217 1189 4260 voce
1213 4197 1348 4282 incipiet.
1370 4195 1586 4282 antiphonam
1608 4195 1674 4264 ot-

442 4305 600 4368 oisrraat
623 4301 692 4368 sibi
714 4322 810 4385 quam
835 4323 901 4367 una
927 4321 1001 4366 cum
1026 4304 1160 4370 clericis
1186 4311 1407 4391 prosequetur
1431 4324 1506 4370 cum
1541 4305 1673 4392 psalmo

442 4411 548 4478 Deus,
575 4410 669 4476 Deus
693 4427 801 4486 meus,
826 4410 962 4492 respice
986 4413 1023 4478 ia
1046 4433 1101 4478 mc
1126 4420 1188 4478 etc.

530 4517 583 4580 85.
609 4518 791 4582 Celebrans
824 4517 982 4585 ascendet
1012 4518 1053 4584 ad
1090 4522 1219 4598 Altera
1257 4520 1343 4586 unde
1378 4521 1478 4586 tollet
1509 4521 1671 4600 tobaleas,
1722 4589 1726 4604 ,

443 4644 526 4706 quae
551 4645 570 4688 a
593 4626 726 4690 clericis
751 4633 908 4712 acceptae
932 4629 1222 4714 complicabuntur
1245 4636 1280 4694 et¹
1296 4637 1463 4716 ponentur
1479 4649 1581 4715 super
1596 4629 1674 4696 aba·
