4175 5717
518 711 584 778 238
983 730 1051 780 ma.
1072 731 1093 779 1.

514 839 567 904 48.
591 837 717 906 Deinde
739 842 847 905 totum
869 843 999 904 secreto
1020 837 1121 904 addet
1145 837 1254 906 Pater
1275 844 1408 916 meter,
1430 837 1504 908 Aac
1523 837 1652 910 uma

429 952 462 1014 ct
486 946 610 1023 Credo,
634 952 727 1013 stans
750 945 806 1012 vel
828 945 969 1031 genibus
991 943 1087 1012 flexis
1110 946 1222 1032 prouti
1237 965 1273 1012 se
1288 945 1433 1032 gesserit
1446 947 1481 1012 in
1496 947 1653 1036 antipho·

429 1072 473 1119 na
495 1051 597 1118 flnali.

516 1161 570 1228 49.
594 1161 768 1228 Postremo
789 1161 943 1229 recitabit
965 1167 1096 1260 secreto
1112 1161 1167 1229 vel
1184 1161 1344 1230 submissa
1359 1179 1442 1232 voce
1463 1163 1652 1232 orationem

431 1266 685 1337 &euronotus
707 1275 771 1336 etc.
796 1267 845 1354 (a)
1690 1357 1692 1362 Ι

516 1374 569 1442 50.
593 1375 641 1442 De
664 1376 775 1444 Oboro
790 1376 957 1444 excedens
972 1378 1074 1444 stabit
1089 1379 1129 1444 iis
1145 1397 1230 1463 quae
1246 1379 1398 1465 superius
1413 1377 1539 1448 undu
1560 1384 1653 1450 sunt

737 1596 770 1678 §-
793 1591 825 1658 2.
848 1593 894 1662 Io
928 1594 1089 1680 Vespcrts
1119 1594 1340 1665 solemnibus.

515 1807 568 1870 51.
595 1805 775 1873 Celebrans
800 1813 889 1874 stata
911 1809 994 1874 bora
1010 1810 1043 1874 in
1061 1811 1208 1876 sacrario
1232 1810 1341 1877 aderit
1356 1817 1391 1877 et
1406 1827 1508 1897 super
1523 1815 1655 1878 vestem

429 1913 571 1979 talarem
594 1915 740 2000 imponet
762 1914 824 1981 sibi
855 1916 1136 2004 superpelliceum
1160 1917 1215 1984 rel
1247 1917 1430 1996 rochetum,
1453 1918 1483 1984 ei
1511 1919 1563 1984 nti
1589 1917 1654 2005 ipsi

429 2019 552 2087 licebit

516 2126 570 2193 52.
595 2127 646 2194 Ad
668 2134 787 2195 nutum
811 2130 1068 2198 Gaeremoniarii
1091 2131 1194 2198 adibit
1215 2131 1257 2197 ad
1280 2131 1438 2210 tabulam,
1455 2133 1489 2198 in
1512 2151 1579 2218 qua
1595 2151 1656 2220 ap·

428 2240 581 2318 paratum
605 2237 671 2303 erit
693 2237 841 2322 pluviale
856 2235 905 2324 (b)
920 2237 1028 2323 idque,
1044 2238 1223 2305 adiuvante
1240 2237 1518 2318 Gaeremoniario,
1535 2237 1656 2306 induet

430 2341 500 2407 eibi.
525 2338 569 2427 (c)
1059 2381 1065 2392 ·

516 2447 570 2514 53.
596 2449 703 2536 Caput
724 2451 832 2519 bireto
854 2454 1033 2540 cooperiet
1057 2458 1092 2520 et
1115 2453 1210 2538 signo
1232 2450 1321 2530 dato,
1344 2450 1476 2520 deloco
1492 2450 1653 2531 discedet,

429 2574 530 2640 seque
552 2555 735 2643 adiungens
757 2560 970 2644 pluvialistis‚
995 2561 1218 2627 reverentiam
1240 2560 1343 2626 faciet
1364 2558 1406 2626 ad
1430 2559 1572 2628 Grucern
1593 2561 1654 2628 vel

429 2661 471 2728 ad
493 2664 669 2749 imaginem
691 2667 873 2751 principem
896 2668 1046 2744 sacrarii,
1070 2667 1178 2752 capite
1200 2664 1342 2733 detecto.

517 2769 571 2836 54.
594 2771 729 2849 Deinde,
752 2779 910 2860 cooperto
932 2774 1052 2860 capite,
1074 2775 1262 2858 iunctisque
1284 2774 1444 2852 manibus,
1460 2771 1587 2840 medius
1604 2775 1655 2842 in·

430 2875 551 2944 cedens
574 2880 663 2945 inter
685 2878 768 2947 duos
790 2881 1002 2967 pluvialistas
1023 2882 1157 2967 primos,
1181 2880 1223 2947 ad
1246 2880 1366 2947 Altare
1387 2879 1631 2968 proficiscetur.

517 2983 571 3050 55.
597 2985 648 3051 Ad
677 2988 816 3053 sacrarii
838 2988 938 3064 iores,
964 2989 1072 3055 bireto
1095 2988 1155 3053 sibi
1178 2987 1339 3062 detracto,
1370 3007 1488 3072 aquam
1518 2987 1654 3054 boneffi-

429 3098 516 3157 ctam
539 3113 559 3159 a
582 3093 777 3180 pluvialista
799 3096 904 3182 primo
926 3095 1068 3162 dextera
1090 3096 1239 3182 accipiet,
1272 3100 1373 3179 atque
1395 3094 1452 3160 ubi
1473 3114 1510 3161 se
1535 3095 1670 3181 signa-¹

430 3201 527 3276 verit,
552 3207 653 3287 caput
674 3223 793 3268 rursus
815 3204 985 3289 cooperiet

501 3453 543 3522 (a)
563 3453 595 3508 ln
613 3453 798 3528 autographo
817 3451 929 3513 Urbani
948 3451 1025 3511 vm.
1045 3453 1125 3511 Sum.
1145 3455 1229 3512 Pont.
1241 3451 1405 3518 Breviaria
1420 3449 1542 3526 aliisque
1554 3467 1652 3527 usqne

431 3544 468 3600 ad
489 3541 615 3598 modium
635 3549 666 3601 ot
683 3544 806 3602 ulterius
825 3544 953 3603 anteacti
971 3544 1092 3610 saeculi,
1111 3545 1148 3601 ad
1167 3543 1331 3601 orationem
1350 3541 1569 3602 Summus
1593 3549 1652 3600 etc·

430 3650 489 3690 non
509 3632 663 3702 legebatur
681 3634 910 3693 additamentum
929 3634 999 3692 illud
1017 3655 1034 3690 a
1053 3642 1082 3692 et
1101 3633 1209 3692 dicitur
1227 3633 1312 3691 flexis
1325 3631 1449 3705 genibus
1462 3649 1477 3684 s
1491 3647 1548 3690 nec
1560 3629 1653 3706 liquet

431 3740 489 3796 quo
507 3721 684 3782 auctoritate
702 3725 866 3799 appositum
885 3726 930 3782 sit
949 3726 1138 3799 Quapropter
1156 3725 1186 3781 in
1205 3723 1352 3781 Vaticana
1374 3722 1504 3780 Basilica
1526 3721 1651 3798 aliisque

430 3811 574 3870 Ecclesiis
593 3812 686 3870 oratio
705 3813 755 3869 illa
773 3815 955 3871 recitabatur
973 3823 1023 3872 aut
1041 3813 1154 3880 stando,
1175 3820 1227 3872 ant
1243 3812 1368 3886 genibus
1387 3811 1472 3869 flexis
1490 3810 1573 3869 iuxta
1591 3817 1651 3869 sta·

430 3909 500 3968 tum,
520 3918 577 3975 quo
597 3906 662 3958 erat
680 3901 797 3960 chorus
816 3904 882 3961 Jam
900 3920 973 3960 voro
986 3911 1178 3978 posteaquam
1192 3902 1221 3960 S.
1235 3899 1482 3972 congregationis
1494 3898 1651 3972 indulgen·

430 3990 537 4049 tiaram
556 3991 677 4048 decreto
696 3991 765 4049 v111
785 3992 848 4049 idus
861 3993 1017 4074 lanuarias
1031 3992 1099 4050 anni
1114 3991 1316 4051 MDCCCLVI
1329 3990 1452 4065 prolato,
1465 3989 1650 4063 praedictum

429 4081 659 4139 additamentum
677 4082 822 4139 sancitum
841 4088 895 4148 est,
914 4083 994 4140 nulla
1012 4091 1149 4158 superest
1167 4081 1292 4156 amplius
1310 4079 1474 4145 difficultas,
1494 4078 1651 4153 quominus

430 4171 524 4230 oratio
542 4171 593 4229 illa
609 4171 647 4228 ad
665 4170 836 4231 lucrandam
856 4172 1070 4245 indulgentiam
1088 4189 1244 4239 aunem,
1261 4170 1349 4230 flexis
1372 4168 1498 4242 genibus
1514 4168 1554 4228 sit
1575 4168 1653 4228 reci·

429 4263 528 4321 tanda.

503 4354 541 4423 (b)
560 4352 693 4411 Amictus
713 4371 785 4411 usus
804 4352 880 4409 inira
898 4352 1025 4426 pluviale
1044 4370 1099 4428 pro
1117 4351 1296 4412 celebrante
1315 4368 1334 4409 a
1351 4345 1569 4409 caeremoniali
1591 4365 1651 4408 non

431 4441 649 4514 praescribitur.

503 4531 541 4600 (c)
561 4533 656 4589 Sacra
674 4529 874 4606 congregatio
892 4531 1011 4590 Ritnum
1023 4530 1155 4607 pluribus
1168 4529 1296 4589 decretis
1308 4547 1367 4588 non
1379 4528 1467 4587 modo
1479 4525 1583 4596 stolae,
1596 4527 1653 4588 sed

431 4618 518 4677 etiarn
537 4621 632 4680 Albae
648 4641 735 4680 usurn
754 4623 783 4680 in
802 4622 946 4696 vesperis
964 4621 1143 4680 solemnibus
1161 4619 1329 4681 Celebranti
1348 4616 1506 4678 interdixit.
