4175 5717
528 737 589 802 194
981 757 1049 804 nra.
1073 757 1110 804 11.

438 864 584 947 Uterque
606 861 845 928 thuriferarius
865 862 1003 929 coibunt
1032 867 1111 928 ante
1142 861 1271 938 Altare,
1302 859 1572 946 genuflexionem
1596 859 1660 928 du·

434 971 554 1056 plicam
577 970 678 1035 simul
702 967 848 1036 eiiicient
878 975 913 1036 et
944 969 1103 1036 redibunt
1137 971 1170 1035 in
1206 969 1390 1036 sacrarium
1412 968 1455 1036 ad
1477 965 1659 1036 thuribula

434 1076 639 1164 deponenda.
1317 1139 1321 1150 ,

521 1184 575 1250 55.
599 1183 774 1260 Diaconos,
798 1183 928 1250 reddito
951 1183 1124 1250 thuribulo
1156 1183 1387 1261 thuriferario,
1417 1187 1587 1270 assunget
1613 1181 1657 1250 ad

435 1292 553 1358 Altare
575 1290 743 1368 ascendet,
767 1287 980 1376 genuflectet,
1005 1296 1178 1378 utsupra,
1203 1291 1238 1358 in
1263 1289 1484 1378 suppedaneo,
1517 1287 1658 1358 claudet

436 1419 563 1475 urnam,
588 1401 621 1464 in
644 1419 710 1484 qua
733 1398 901 1465 conditum
926 1400 992 1465 erit
1022 1397 1079 1468 SS.
1106 1398 1357 1464 Sacramentum
1384 1403 1419 1464 et
1450 1395 1658 1464 claviculam

434 1527 477 1572 ex
507 1506 629 1572 ostiolo
663 1506 764 1573 tollet
793 1526 833 1571 ac
866 1505 979 1572 tradet
1010 1505 1280 1572 caeremoniario
1312 1503 1370 1592 (a).
1395 1503 1586 1572 Descendet
1616 1502 1659 1572 de

434 1612 592 1690 scabella,
616 1611 883 1699 genuflexionem
907 1612 1043 1679 iterabit
1065 1614 1099 1678 in
1122 1612 1341 1700 suppedaneo,
1365 1610 1488 1679 redibit
1503 1611 1547 1679 ad
1567 1611 1659 1680 dex-

435 1727 540 1786 teram
564 1717 772 1792 [latebrantis
796 1726 830 1786 et
852 1742 972 1787 rursus
995 1723 1030 1786 in
1054 1740 1163 1806 genua
1187 1719 1391 1806 procumbet.

521 1829 772 1916 <incompleta
796 1835 898 1895 cantu
922 1834 954 1902 t.
982 1827 1143 1896 Genitori
1164 1833 1228 1894 etc.
1254 1829 1496 1914 extinguentur
1515 1846 1536 1893 a
1552 1826 1662 1896 elem

433 1938 603 2002 intorticia
626 1942 661 2001 at
683 1934 854 2012 candelae,
879 1955 963 2020 quae
986 1955 1006 2000 a
1028 1935 1162 2001 clericis
1186 1934 1360 2002 destinatis
1388 1935 1600 2022 recipiantur
1622 1941 1661 2002 et

432 2045 466 2110 in
489 2045 674 2110 sacrarium
698 2043 902 2108 referentur.

521 2152 574 2217 57.
600 2153 765 2218 lnnuente
789 2151 1068 2227 eaeremoniarin
1086 2150 1206 2218 Glarus
1222 2155 1316 2216 recta
1332 2148 1454 2216 redibit
1472 2149 1515 2216 ad
1530 2148 1660 2218 Altera

432 2261 535 2325 maius
559 2259 600 2324 ad
625 2259 792 2345 Vesperas
817 2258 1015 2334 recitandas,
1041 2264 1078 2324 ut
1101 2257 1255 2344 deinceps
1284 2256 1522 2334 declarabitur,
1556 2263 1596 2324 at
1622 2259 1659 2326 in
1734 2285 1742 2316 ι

431 2366 579 2436 discessu
595 2366 636 2432 de
652 2367 779 2432 sacello
802 2364 860 2432 det
882 2367 922 2432 ab
947 2366 1097 2432 omnibus
1120 2362 1310 2451 genuflexio
1331 2363 1467 2450 duplex,
1485 2363 1659 2432 servando

432 2472 580 2538 ordinem
603 2493 674 2560 cap.
698 2474 753 2538 111.
777 2473 835 2540 lib.
859 2474 884 2538 t.
916 2472 1129 2560 descriptum.
1159 2492 1190 2538 n.
1221 2471 1297 2538 208.
1330 2459 1508 2558 praeibunt
1536 2477 1658 2540 autem

432 2581 610 2666 digniores,
635 2587 673 2648 ut
695 2601 766 2668 cap.
791 2582 819 2671 1,
839 2601 928 2648 num.
951 2581 983 2647 5.
1007 2581 1107 2647 huius
1129 2580 1187 2646 lib.
1214 2584 1363 2646 notatum
1386 2584 1448 2646 ast

518 2689 571 2755 58.
596 2689 658 2756 Ubi
682 2689 801 2757 Clarus
824 2690 1025 2766 discesserit,
1055 2687 1216 2776 acolythi
1247 2708 1322 2755 cum
1355 2686 1569 2755 Subdiacono
1592 2709 1658 2776 ge-¹

431 2805 541 2864 stante
566 2797 706 2864 Orucem
730 2796 856 2865 directe
879 2817 916 2866 se
938 2800 1060 2864 sistent
1086 2804 1165 2863 anta
1197 2797 1327 2864 Altare.
1360 2795 1541 2864 celebrans
1576 2817 1658 2866 cum

430 2907 590 2972 Ministris
613 2911 770 2992 assurget
791 2906 832 2972 ad
855 2913 974 2972 nutum
999 2905 1268 2981 caeremoniarii,
1294 2911 1376 2970 tunc
1399 2904 1658 2990 Acolythi,b1i·

429 3015 526 3079 nistri
549 3020 584 3079 et
607 3013 787 3081 Celebrans
811 3010 1078 3100 genuflexionem
1102 3012 1268 3098 duplicem
1293 3011 1335 3078 ad
1360 3011 1416 3080 SS.
1456 3010 1658 3080 Sacramen-

432 3127 500 3186 tum
524 3121 671 3188 efficient
693 3142 732 3188 ac
755 3127 849 3188 recta
878 3122 913 3187 in
942 3122 1127 3188 sacrarium
1158 3119 1326 3189 redibunt.
1352 3119 1461 3184 Extra
1485 3119 1658 3188 sacellum

431 3229 717 3294 Caeremoniarins
740 3229 884 3294 biretum
907 3227 1117 3294 Celebrantis
1141 3227 1257 3293 tradet
1282 3227 1440 3303 Diacono,
1465 3234 1500 3293 at
1522 3225 1581 3294 hic
1598 3227 1663 3296 Ge-

430 3337 586 3414 lobranti,
610 3336 728 3404 deinde
759 3338 828 3423 ipse
861 3336 1150 3402 anremoniarius
1181 3334 1272 3401 dabit
1303 3335 1411 3400 bireta
1440 3333 1589 3402 Diacono
1621 3341 1660 3404 at

432 3443 651 3520 subdiacono,
676 3444 732 3528 qui
755 3444 855 3509 simul
879 3464 954 3510 cum
979 3443 1180 3510 Celebrante
1203 3448 1304 3528 caput
1326 3443 1528 3528 cooperient.

519 3552 572 3618 59.
597 3553 635 3618 In
657 3554 841 3618 sacrarium
864 3573 965 3637 quum
989 3551 1154 3626 venerint,
1172 3551 1315 3637 peractis
1331 3551 1530 3616 reverentiis
1554 3565 1656 3638 praa·

430 3660 572 3744 scriptis,
596 3659 758 3745 Acolythi
780 3659 937 3726 candelas
968 3660 1002 3724 in
1032 3657 1242 3724 candelabris
1273 3659 1474 3743 extinguent
1501 3661 1536 3724 et
1569 3657 1658 3728 Sub·

431 3767 600 3844 diaconus,
624 3767 680 3852 qui
703 3767 857 3852 gestabat
880 3766 1032 3844 Crucem,
1057 3766 1151 3832 illam
1174 3766 1321 3853 deponet
1351 3785 1391 3832 ac
1422 3770 1525 3832 exuet
1557 3787 1660 3854 paraf

432 3879 543 3940 menta
566 3874 684 3959 quibus
707 3880 780 3939 erat
804 3874 949 3940 indutus:
976 3874 1157 3941 Geiebrans
1181 3878 1292 3940 autem
1321 3879 1355 3940 et
1385 3873 1531 3940 Ministri
1563 3873 1656 3944 albis

431 3982 632 4067 paramentis
663 3987 841 4047 exuentur:
874 3981 1103 4048 Subdiaccnus
1135 3981 1292 4048 retinebit
1322 3980 1449 4058 albam,
1481 3980 1656 4052 Diaconus

431 4108 532 4174 super
554 4087 632 4153 alba
647 4089 707 4153 sibi
724 4089 870 4174 imponet
885 4089 1005 4154 stolam
1023 4089 1231 4158 diaconalem
1248 4089 1441 4165 violaceam,
1464 4087 1657 4160 celebrans

309 4233 312 4238 ·
431 4197 557 4282 etipse
580 4195 701 4262 stolam
726 4195 908 4261 violaceam
932 4202 1134 4283 superponet
1157 4197 1253 4262 albae
1277 4195 1486 4262 decussatum
1511 4197 1545 4262 in
1576 4219 1658 4284 pec·

415 4308 514 4383 tore,
539 4304 647 4388 ibique
671 4302 896 4390 expectabunt
912 4303 1017 4369 donec
1033 4303 1090 4370 fiet
1107 4304 1274 4370 Altarium
1292 4304 1482 4370 denudatio.
1503 4302 1655 4374 Stabunt

521 4464 563 4532 (c)
582 4461 681 4521 clavis
700 4461 860 4528 custodiae,
878 4462 907 4518 in
926 4479 984 4536 qua
1003 4462 1151 4521 conditum
1171 4462 1228 4519 erit
1246 4469 1465 4531 Sarmentum,
1478 4463 1550 4520 nulli
1563 4481 1652 4522 com·

434 4546 576 4606 mittenda
594 4559 639 4608 est
656 4551 790 4624 quamvis
809 4551 897 4608 nobili
917 4552 1001 4618 laico,
1019 4552 1072 4608 scd
1091 4549 1120 4606 in
1139 4553 1281 4618 sacrario,
1300 4559 1332 4609 ut
1345 4553 1437 4610 clavis
1452 4554 1650 4622 tabernaculi,

336 4701 340 4707 ¹
435 4641 645 4699 assera-abitur.
