4175 5717
519 728 582 793 :324
983 746 1048 792 arn.
1075 747 1096 792 1.

431 859 519 921 intra
542 855 728 939 corporale,
751 873 790 917 ac
814 851 980 938 profunde
1004 852 1186 918 inclinatus
1210 854 1376 931 recitabit,
1394 861 1561 942 utsupra,
1578 877 1662 942 sup·

427 965 538 1047 plicas
566 962 612 1028 Te
634 981 804 1046 repensus
829 1011 835 1024 .
862 1011 868 1022 .
896 967 960 1026 ,01
977 967 1160 1046 quotquot,
1178 960 1292 1026 dicens
1316 967 1429 1028 autem
1451 983 1500 1032 ex
1515 965 1584 1032 bac
1606 965 1666 1034 Ai-

433 1072 521 1138 toris
540 1069 822 1154 participatione,
848 1088 965 1132 manus
989 1068 1118 1154 aperiet
1134 1075 1169 1134 et
1185 1067 1297 1134 Alteri
1316 1070 1463 1156 imponet
1479 1071 1572 1138 intra
1588 1093 1663 1140 cor·

432 1179 555 1264 potale,
581 1176 700 1242 Altare
724 1174 931 1240 osculabitur
954 1175 987 1239 in
1011 1173 1129 1252 medic,
1154 1195 1220 1241 non
1243 1177 1323 1242 hinc
1345 1179 1503 1257 autinde,
1521 1185 1664 1248 erectu-

432 1306 513 1368 sque
537 1287 652 1369 iunget
676 1302 792 1348 manus
816 1283 968 1366 inquiens
992 1281 1269 1352 Soemosanctum
1292 1285 1379 1352 Filii
1400 1287 1460 1364 tui,
1490 1307 1547 1353 eas
1580 1307 1664 1354 rur-

431 1416 488 1459 sus
504 1394 641 1478 aperiet,
660 1393 832 1456 sinistram
849 1395 950 1477 ponet
967 1391 1000 1454 in
1017 1391 1186 1478 corporali
1202 1391 1409 1478 dexteraque
1426 1394 1528 1461 faciet
1544 1393 1665 1462 Gracia

432 1503 563 1586 signum
588 1519 688 1585 super
712 1499 861 1592 Hostiam
885 1497 998 1562 dicens
1025 1497 1220 1584 Corfflpus,
1245 1504 1279 1564 et
1302 1500 1448 1567 alterum
1472 1521 1576 1588 super
1593 1501 1665 1568 Ga-

439 1609 535 1673 licem
560 1607 672 1672 (licens
697 1613 729 1672 et
753 1603 1016 1690 itoofflpuiaem
1040 1608 1313 1688 sumpsem'mus;
1344 1607 1498 1675 demittet
1527 1627 1665 1676 manum

431 1717 598 1781 sinistram
623 1715 711 1780 inira
740 1719 857 1798 pectus
881 1732 1004 1778 cavens
1035 1733 1077 1778 ne
1108 1713 1277 1799 planetam
1309 1715 1432 1801 pollice
1462 1721 1521 1782 aut
1554 1716 1665 1783 indice

431 1825 584 1909 attingat,
609 1829 679 1887 tum
704 1821 844 1886 dextera
860 1821 1005 1906 signabit
1021 1823 1165 1907 seipsum
1182 1821 1294 1888 dicens
1311 1823 1408 1891 ommi
1422 1823 1665 1894 benedictione

433 1931 475 2017 »Β
499 1932 637 1998 coelesti
658 1937 693 1994 et
708 1929 916 1994 continuabit
932 1931 1081 1994 extensis
1099 1930 1251 1995 manibus
1264 1937 1296 1998 et
1308 1932 1431 2016 pratia
1442 1933 1665 2015 repleamur:

434 2040 614 2122 iungetque
638 2057 761 2102 manus
784 2041 862 2102 ante
892 2043 1008 2122 pectus
1039 2036 1152 2102 (licens
1184 2038 1256 2104 Per
1286 2039 1448 2106 eumdem
1482 2039 1667 2108 conatam

433 2153 497 2210 etc.
522 2147 600 2228 quin
625 2150 724 2231 caput
748 2144 896 2208 inclinet.

524 2253 597 2316 101.
622 2253 748 2338 Perget
770 2251 882 2317 dicere
899 2253 1075 2318 Memento
1092 2252 1206 2328 etiem,
1223 2251 1372 2318 Domine
1387 2258 1451 2318 etc.
1469 2251 1665 2340 expandens

434 2362 525 2426 lente
548 2380 666 2425 manus
691 2361 737 2424 ita
760 2365 799 2425 ut
822 2380 940 2434 rursus
966 2361 1152 2445 iungantur
1175 2379 1276 2443 quum
1300 2359 1389 2426 dicet
1411 2361 1449 2428 in
1465 2381 1589 2430 somno
1601 2381 1668 2446 ρα-

435 2471 495 2536 eis.
522 2470 655 2534 lunatas
679 2488 796 2534 manus
820 2467 967 2533 elevabit
989 2488 1094 2551 usque
1118 2467 1158 2532 ad
1183 2467 1301 2534 faciem
1327 2489 1420 2534 suam
1445 2469 1501 2534 vel
1529 2470 1665 2536 iunctas

435 2583 539 2664 ponet
561 2582 640 2643 ante
665 2582 790 2664 pectus,
815 2577 988 2659 oculisque
1012 2577 1044 2640 in
1070 2575 1219 2642 Hostiam
1236 2583 1401 2643 sacratam
1418 2575 1549 2654 defixis,
1570 2577 1665 2646 brevi
1712 2629 1714 2638 .

435 2687 543 2751 orabit
565 2707 626 2773 pro
649 2685 827 2760 defunctis,
852 2705 914 2772 pro
938 2685 1056 2769 quibus
1082 2684 1165 2749 velit.
1188 2704 1228 2750 ac
1251 2684 1370 2750 debeat
1392 2687 1535 2773 precari.

523 2794 596 2860 102.
621 2775 704 2860 Post
726 2793 962 2860 defunctorum
987 2793 1343 2870 commemorationem,
1369 2813 1454 2878 quae
1477 2793 1591 2860 brevis
1621 2795 1666 2862 sit

434 2909 574 2989 oportet,
599 2922 665 2967 non
690 2921 771 2966 vero
795 2905 1036 2978 momentanea,
1061 2900 1187 2985 aperiet
1205 2919 1332 2976 manus,
1349 2906 1387 2966 ut
1403 2907 1514 2980 antea,
1532 2909 1567 2969 et
1586 2923 1665 2990 pro·

436 3017 595 3095 sequetur
619 3011 721 3096 Ipsis,
747 3011 895 3078 Domine
917 3014 980 3074 etc.
1006 3015 1106 3093 atque
1131 3011 1163 3073 in
1180 3010 1396 3076 conclusione
1411 3011 1485 3078 Per
1500 3013 1665 3080 eumdem

439 3121 619 3188 Christum
642 3120 834 3187 Dominum
856 3125 1019 3185 nostrum
1042 3117 1197 3184 advertet
1221 3123 1257 3183 ut
1274 3138 1391 3184 manus
1409 3139 1530 3186 rursus
1546 3121 1665 3210 iunget

435 3231 638 3314 inclinatque
661 3235 761 3313 caput
783 3229 911 3293 etiamsi
936 3247 1001 3290 non
1025 3225 1158 3292 dicatur
1181 3225 1309 3293 Iesum.

525 3338 596 3403 103.
624 3337 799 3402 Sinistram
824 3335 942 3400 deinde
965 3334 1133 3420 corporali
1157 3336 1303 3421 imponet
1326 3355 1365 3400 ac
1388 3357 1487 3402 manu
1508 3337 1663 3416 dextera,

435 3445 593 3511 videlicet
617 3445 724 3510 tribus
749 3444 859 3528 digitis
884 3442 1098 3508 interioribus
1123 3443 1271 3508 extensis
1295 3448 1411 3529 pectus
1434 3443 1560 3512 leniter
1582 3466 1666 3534 per-

438 3556 552 3629 cutiet,
577 3554 689 3619 dicens
715 3573 795 3617 voce
819 3551 974 3617 mediocri
999 3551 1110 3618 Nobis
1134 3571 1276 3638 quoque
1294 3551 1544 3634 peccatoribus
1559 3561 1595 3619 et
1617 3575 1667 3622 se·

439 3669 530 3728 creto
556 3661 771 3744 manibusque
795 3662 943 3726 extensis
968 3661 1176 3726 continuabit
1197 3660 1344 3745 famulis
1369 3661 1439 3728 tuis
1463 3667 1527 3728 etc.

432 3751 439 3764 ’
528 3771 598 3835 104.
624 3771 659 3832 10
685 3768 900 3855 percutiendo
924 3776 1060 3856 pectore
1084 3775 1151 3834 tam
1176 3768 1217 3833 ad
1240 3768 1349 3836 Nobis
1373 3788 1515 3855 quoque
1531 3789 1665 3855 peeca-

441 3879 586 3955 toribus,
612 3897 708 3961 quam
732 3877 773 3942 ad
797 3878 922 3963 Aptius
946 3878 1012 3944 Dei
1033 3882 1067 3942 et.
1091 3876 1132 3942 ad
1156 3877 1303 3943 Domine
1326 3896 1397 3942 000
1420 3897 1501 3944 aum
1519 3879 1665 3964 dipem.

440 3987 572 4052 cavebit
595 4006 637 4051 ne
661 3985 762 4050 index
793 3991 826 4050 et
857 3985 972 4072 pollex
1003 3990 1143 4070 tangant
1173 3984 1350 4070 planetam.
1368 3984 1466 4064 ¹Item
1495 3984 1664 4058 advertet,

436 4095 521 4180 quod
538 4093 586 4166 ,ad
611 4113 730 4159 nomen
755 4093 934 4159 cuiuslibet
958 4093 1081 4168 Sancti,
1106 4092 1146 4158 de
1171 4112 1235 4176 quo
1259 4089 1401 4156 officium
1423 4097 1483 4157 aut
1513 4111 1663 4160 comme-

433 4205 574 4268 moratio
598 4200 664 4277 fiat,
690 4204 717 4266 si
742 4203 775 4265 in
799 4203 950 4268 oratione
974 4201 1145 4288 praedicta
1168 4206 1319 4265 notatum
1343 4200 1417 4277 erit,
1443 4207 1544 4287 caput
1564 4202 1663 4268 incli-

434 4312 577 4376 nandum
601 4319 661 4375 ost.
815 4377 819 4385 ,
1272 4301 1276 4312 '

526 4420 597 4483 105.
625 4419 675 4482 Ad
699 4419 948 4483 conclusionem
974 4419 1045 4482 Pei·
1072 4417 1251 4482 (llari-stum
1276 4417 1464 4482 Dominum
1494 4424 1661 4483 nostrum

436 4526 550 4609 iunget.
574 4549 699 4596 [ricinus.
726 4547 832 4610 neque
856 4525 987 4590 adiiciet
1010 4525 1120 4589 :lmen
1144 4524 1200 4589 sed
1217 4524 1329 4590 statim
1347 4529 1570 4610 prosequetur
1587 4525 1661 4592 Per

441 4652 544 4716 quem
567 4636 652 4698 lmen
675 4637 801 4701 00000.
826 4634 982 4702 Doom'oe.
1007 4653 1144 4717 semper
1167 4633 1257 4698 0000
1274 4647 1386 4712 oreas,
1407 4633 1523 4716 hisque
1548 4631 1660 4699 verbis
