4175 5717
517 713 560 778 94
972 730 1039 794 ura.
1063 730 1099 778 11.

429 841 527 907 labra
547 844 730 924 gestantes,
745 840 901 923 quoniam
917 837 1168 904 caeremoniale
1184 836 1422 924 Episcoporum
1441 856 1654 924 nequaquam

428 949 493 1014 hoc
516 946 712 1034 praescribit
734 966 795 1032 pro
819 945 1063 1022 ebdomadario,
1088 943 1390 1012 sed-tantummodo
1405 965 1467 1031 pro
1487 945 1654 1032 Episcopo

431 1076 532 1141 quum
557 1053 665 1120 aderit
688 1054 721 1118 in
744 1054 851 1139 primo
875 1054 968 1118 chori
992 1053 1106 1123 sulio.

496 1191 499 1196 ·
518 1162 573 1226 22.
598 1161 757 1246 Vesperia
781 1160 1031 1247 prodetunctis
1056 1161 1238 1247 completis,
1263 1161 1292 1226 si
1315 1159 1458 1228 ecclesia
1479 1159 1587 1226 fuerit
1602 1179 1660 1240 ca-

428 1269 593 1336 thedoalis
617 1273 677 1334 aut
702 1268 892 1353 collegiata,
917 1266 973 1333 vel
998 1270 1025 1334 si
1050 1268 1169 1334 Clarus
1184 1269 1289 1354 ipsius
1306 1268 1474 1334 tenebitur
1490 1287 1658 1353 peragere

430 1376 583 1452 officium,
609 1374 791 1442 Celebrant
814 1361 948 1442 adiutus
979 1396 999 1440 a
1031 1375 1298 1441 Caeramoniario
1327 1374 1470 1460 deponet
1502 1373 1658 1460 pluviale

431 1485 487 1550 vel
503 1485 624 1550 stolam
640 1484 780 1570 nigram,
792 1489 892 1566 atque
908 1482 1096 1549 immediate
1111 1482 1308 1548 recitabitur
1323 1482 1379 1548 vel
1395 1487 1535 1549 canetur
1552 1481 1659 1550 Gom-

432 1592 621 1679 pletorinm·.
705 1619 709 1626 ·
1647 1637 1650 1642 -

518 1699 573 1765 23.
594 1697 633 1764 -si
655 1705 730 1785 post
754 1698 1013 1783 Complatorium
1037 1697 1229 1764 cantabitur
1254 1697 1454 1762 Matutinum
1470 1703 1506 1763 et
1521 1694 1660 1764 Laudes

432 1827 492 1894 pro
515 1807 693 1882 defunctio,
717 1805 780 1872 snb
803 1804 902 1871 linem
925 1805 1020 1870 illius
1042 1805 1084 1870 ab
1108 1805 1221 1889 aliquo
1237 1803 1361 1870 clerico
1378 1809 1523 1890 ponatur-
1537 1805 1575 1870 in
1589 1823 1661 1872 ure-

432 1914 487 1980 dio
511 1915 614 1980 choro
638 1913 742 2000 legile
766 1914 899 1980 maioris
923 1912 1052 1979 formae
1075 1912 1199 1978 nudum
1223 1933 1298 1980 cum
1322 1913 1495 1980 Breviario
1517 1911 1560 1980 ad
1594 1931 1660 1980 ca·

433 2021 559 2088 nendae
582 2022 755 2090 lectiones.
1321 2085 1323 2090 .

520 2129 574 2196 24.
597 2129 755 2196 Recitato
779 2127 1012 2213 Completnrio,
1037 2127 1220 2194 Calabram
1243 2126 1364 2195 redibit
1393 2126 1480 2214 apud
1501 2126 1659 2205 abacum,

433 2238 542 2322 ibique
566 2257 586 2303 a
610 2237 877 2304 Caeremoniario
902 2255 1020 2300 rursus
1045 2234 1203 2301 induetur
1225 2233 1377 2322 pluviali,
1400 2240 1460 2300 aut
1488 2233 1592 2300 stola·
1609 2235 1661 2302 ni·

433 2365 504 2432 gra
529 2344 710 2412 Celebrans
734 2351 768 2410 et
792 2343 911 2410 clerus
936 2344 970 2408 in
993 2343 1097 2408 choro
1120 2342 1340 2410 considebunt
1362 2342 1457 2410 brevi
1491 2348 1657 2428 tempore.

523 2453 578 2519 25.
601 2451 653 2518 Ad
676 2457 795 2516 nutum
819 2451 1087 2524 Gaercmoniarii
1111 2451 1167 2534 qni
1189 2451 1325 2516 assistet
1355 2449 1556 2527 Celebranti,
1587 2447 1660 2520 duo

436 2559 593 2627 cantores
617 2558 862 2646 superpelliceo
885 2558 992 2624 induti
1015 2557 1197 2644 procedent
1221 2559 1253 2622 in
1278 2557 1421 2624 medium
1443 2559 1584 2632 chorum
1616 2557 1662 2626 ad

437 2668 549 2754 legile,
573 2687 613 2732 ac
635 2663 903 2750 genuflexionem
925 2663 967 2730 ad
990 2666 1121 2742 Altera,
1146 2667 1370 2732 reverentiam
1386 2664 1429 2732 ad
1443 2666 1583 2734 chorum
1601 2686 1663 2734 ex·
1697 2685 1699 2690 ·

437 2781 630 2861 sequentur.
659 2827 662 2834 .
1617 2837 1619 2842 .

524 2884 578 2948 26.
603 2881 786 2949 celebrans
809 2882 922 2946 statim
944 2886 1100 2967 assurget
1122 2886 1157 2946 et
1180 2880 1309 2957 Clarus,
1334 2879 1399 2946 duo
1421 2886 1577 2948 cantores
1603 2902 1665 2950 au·

437 2996 503 3056 tem
527 3010 649 3056 canere
673 2990 832 3074 incipient
856 2988 1084 3054 invitatorium
1099 2988 1231 3073 aecem
1247 2989 1307 3054 cui
1320 2989 1438 3054 omnia
1452 2989 1575 3057 vivunt
1595 2997 1664 3058 etc.

438 3097 557 3164 Olenus
582 3096 803 3183 respondebit
827 3101 863 3162 et
885 3101 1040 3162 cantores
1064 3103 1206 3182 pergent
1229 3102 1366 3162 cantare
1395 3096 1641 3164 invitatorium.

524 3204 577 3269 27.
602 3204 773 3290 Completo
797 3204 982 3268 invitatorii
1004 3208 1116 3280 cantu,
1141 3203 1206 3270 duo
1229 3209 1384 3270 cantores
1408 3204 1538 3270 iteratis
1562 3223 1665 3296 rare-

400 3314 402 3319 '
438 3314 553 3377 rontiis
578 3312 618 3377 ad
643 3313 761 3378 Altare
785 3318 819 3377 et
841 3311 883 3376 ad
907 3311 1055 3386 chorum,
1080 3310 1236 3377 redibunt
1258 3309 1299 3378 ad
1323 3311 1434 3377 locum
1458 3332 1571 3378 suum,
1595 3375 1598 3380 .

526 3419 579 3485 28.
605 3419 796 3486 cautorum.
813 3419 936 3486 chorus
970 3419 1106 3504 incipiet
1139 3419 1251 3484 statim
1285 3437 1407 3484 canere
1440 3419 1666 3505 antiphonam

440 3533 518 3591 ante
542 3530 684 3613 primum
708 3532 919 3603 nocturnum,
944 3545 1048 3609 eaque
1072 3525 1237 3612 completa
1260 3527 1400 3611 primum
1424 3525 1593 3612 psalmum
1617 3529 1669 3598 in·

439 3634 576 3699 tonabit.
1537 3683 1540 3690 .

528 3741 582 3807 29.
606 3739 840 3826 Anthiphonae
862 3747 929 3806 tam
952 3740 1111 3830 Matutini
1134 3761 1231 3826 quam
1256 3741 1406 3820 Laudum
1429 3761 1496 3808 non
1524 3743 1669 3816 intona-

441 3849 567 3926 buntur
589 3867 614 3912 a·
632 3846 831 3913 Celebrante
852 3857 960 3932 neque
983 3867 1003 3912 a
1026 3848 1140 3926 choro,
1176 3855 1213 3915 ut
1247 3846 1284 3914 fit
1313 3848 1348 3914 in
1366 3847 1453 3914 -aliia
1483 3848 1668 3920 Matutinie

440 3954 653 4022 solemnibus.
1080 4007 1082 4012 .
1640 4017 1642 4024 .

529 4063 583 4130 30.
601 4062 755 4127 Intonato
773 4071 979 4128 acantorum
994 4064 1097 4130 choro
1113 4064 1218 4149 primo
1235 4063 1362 4149 psalmo
1377 4063 1476 4150 primi
1490 4067 1669 4148 nocturni,

325 4175 328 4180 '
443 4170 624 4238 Calabram
648 4175 683 4234 et
707 4168 825 4234 Olenus
850 4168 1042 4236 considcbit.

531 4279 583 4344 31.
608 4278 690 4342 Post.
711 4281 882 4342 cantatum
906 4279 1047 4362 primum
1072 4277 1233 4364 psalmum
1256 4279 1354 4364 primi
1378 4280 1544 4356 nocturni,
1572 4280 1670 4348 Gan-

444 4390 534 4450 tores
558 4389 711 4471 repetent
732 4382 880 4450 canendo
903 4385 1040 4470 primam
1063 4385 1285 4468 antiphonam,
1310 4392 1385 4472 post
1408 4388 1510 4473 ipsam
1540 4395 1671 4456 caum-

443 4489 527 4554 buot
550 4493 764 4578 antiphonam
787 4491 965 4557 secundam
988 4497 1023 4556 et
1046 4490 1227 4558 secundum
1251 4492 1414 4579 psalmum
1448 4493 1670 4574 intonabunt,
