4175 5717
527 745 589 814 124
979 763 1046 814 nra.
1072 763 1107 812 n.

435 874 609 940 riferarius
646 872 738 939 dabit
774 873 918 939 biretum
958 872 1145 939 Sacerdoti.
1185 870 1354 938 Redibunt
1391 872 1425 936 in
1463 869 1654 938 sacrarium

436 982 550 1047 clerici
574 982 723 1046 ferentes
746 981 925 1056 intorticia,
950 999 1032 1064 quos
1063 986 1222 1063 sequetur
1246 976 1407 1045 Sacerdos
1438 978 1546 1064 capite
1578 995 1660 1044 coo-

434 1096 530 1176 perto
560 1090 747 1174 iunctisque
777 1087 940 1164 manibus,
970 1105 1011 1154 ac
1041 1087 1281 1154 thuriferarius
1305 1085 1437 1154 incedet
1462 1105 1483 1152 a
1505 1085 1657 1152 sinistris

435 1215 517 1262 erus.

523 1306 576 1369 71.
604 1305 728 1372 Clerici
759 1305 910 1372 referent
941 1324 976 1370 se
1010 1303 1053 1369 ad
1083 1303 1202 1370 Altare
1233 1302 1459 1390 expositionis,
1492 1299 1657 1368 candelas

435 1413 636 1496 extinguent
673 1419 707 1478 et
745 1411 891 1478 Sacrista
929 1413 1069 1498 recipiet
1106 1431 1146 1478 ac
1180 1410 1307 1478 releret
1329 1411 1363 1475 in
1392 1410 1578 1476 sacrarium
1612 1427 1658 1474 ea

434 1521 544 1585 omnia
567 1539 650 1603 quae
674 1518 745 1585 illic
769 1526 957 1605 paraverat.

496 1626 575 1692 ¹7⁴2.
599 1626 690 1693 Haec
713 1625 888 1692 methodus
910 1627 1041 1692 servari
1064 1626 1188 1712 poterit
1210 1625 1325 1692 diebus
1348 1623 1522 1692 ferialibus
1550 1628 1587 1688 et
1618 1623 1658 1688 in

433 1734 694 1820 expositionibus
719 1733 908 1802 ordinariis.

522 1842 575 1907 73.
600 1842 672 1907 Non
712 1861 789 1906 raro
828 1840 960 1918 accidit,
985 1846 1023 1907 ut
1045 1842 1162 1906 maiori
1201 1840 1412 1906 solemnitate
1432 1837 1507 1905 deri
1530 1836 1660 1904 debeat

433 1950 606 2034 expositio,
631 1969 715 2033 quae
739 1950 853 2035 peragi
877 1949 1002 2035 poterit
1024 1968 1100 2014 cum
1124 1949 1285 2014 Ministris
1308 1947 1433 2034 paratis
1457 1945 1659 2014 celebranti

432 2055 673 2122 assistentibus.
698 2056 770 2122 Hoc
792 2076 873 2123 casu
895 2056 1120 2122 observentur
1144 2075 1228 2140 quae
1251 2055 1326 2122 heic
1350 2054 1553 2122 subiicimus.

521 2165 574 2226 74.
599 2163 637 2228 In
659 2165 807 2229 sacrario
831 2163 1060 2250 praeparanda
1082 2170 1162 2230 sunt
1191 2183 1252 2250 pro
1284 2163 1484 2230 Celebrante
1514 2166 1552 2228 et
1584 2160 1658 2228 Mi-

432 2272 547 2336 nistris
569 2270 637 2336 albi
659 2270 782 2337 coloris
807 2279 1009 2358 paramenta,
1034 2291 1152 2358 nempe
1175 2270 1325 2358 pluviale
1353 2291 1428 2337 cum
1459 2269 1549 2338 stola
1580 2269 1658 2336 dal·

433 2380 553 2444 metica
590 2398 665 2445 curn
703 2379 800 2455 stola,
839 2378 1011 2457 tunicella,
1051 2381 1117 2445 tria
1155 2380 1301 2465 cingula,
1341 2387 1412 2446 tres
1442 2378 1550 2456 albae,
1580 2383 1658 2446 tres

431 2490 572 2554 amictus
610 2508 650 2554 ac
673 2490 740 2554 tria
763 2487 892 2555 bireta:
916 2496 1061 2573 quatuor
1090 2491 1260 2556 intorticia
1295 2510 1355 2576 pro
1393 2487 1656 2557 benedictione:

431 2596 677 2682 superpellicea
700 2616 784 2681 quae
808 2599 888 2662 satis
911 2598 988 2663 sint.
1006 2597 1186 2664 Gurabitur
1201 2599 1302 2664 etiam
1318 2605 1357 2664 ut
1372 2595 1540 2666 sufficiens
1563 2595 1658 2664 adsit

432 2702 632 2769 clericorum
655 2705 908 2770 inservientium
931 2723 1102 2770 numerus.

519 2811 572 2876 75.
597 2811 683 2876 Tota
707 2811 836 2877 functio
859 2810 1145 2878 administrabitur
1169 2818 1208 2878 ut
1230 2813 1384 2899 superius
1411 2810 1573 2878 traditum
1600 2817 1656 2880 est

432 2937 537 3002 usque
561 2916 602 2982 ad
625 2917 889 2983 benedictionem
913 2917 970 2984 SS.
995 2917 1213 2984 sacramenti.

518 3026 570 3090 76.
610 3024 677 3091 Sub
717 3022 814 3091 finem
854 3026 1061 3091 Litaniarum
1100 3045 1159 3092 seu
1196 3046 1333 3113 precum
1371 3027 1654 3109 recitandarum,

430 3132 545 3197 clerici
569 3131 732 3217 designati
756 3134 789 3196 in
813 3134 960 3206 sacrario
990 3133 1158 3219 parabunt
1187 3132 1430 3212 Gelebrantem,
1463 3133 1655 3204 Diaconum

432 3245 466 3303 et
499 3238 741 3304 Subdiaconum
779 3241 981 3326 paramentis
1016 3242 1168 3326 superius
1204 3243 1396 3319 nominatis,
1421 3243 1477 3326 qui
1508 3241 1565 3308 ubi
1599 3263 1659 3330 pa·

429 3348 494 3411 rati
517 3348 645 3413 fuerint
674 3347 781 3413 bireto
820 3355 920 3434 caput
957 3350 1159 3438 cooperient.
1184 3348 1355 3416 ¹riderunt
1392 3351 1491 3416 etiam
1530 3348 1655 3420 clerici

430 3461 574 3537 quatuor
598 3472 746 3532 numero,
770 3455 825 3538 qui
849 3456 1036 3520 sustineant
1053 3457 1222 3521 intorticie
1245 3477 1284 3522 ac
1307 3457 1549 3524 thuriferarius
1575 3478 1656 3526 cum

430 3559 613 3624 thuribulo.
639 3559 823 3646 Expediret
845 3563 944 3626 etiam
969 3568 1007 3626 ut
1029 3561 1162 3628 adesset
1185 3563 1483 3630 Gaeremoniarius.

518 3667 571 3731 77.
611 3666 662 3732 Ad
701 3673 819 3733 nutum
857 3668 1124 3746 caeremoniarii
1150 3669 1331 3738 Celebrans
1362 3677 1396 3738 et
1430 3672 1581 3739 Ministri
1605 3672 1658 3742 di·

428 3772 603 3838 scedentes
638 3772 678 3838 de
715 3773 791 3840 loco
814 3794 879 3858 quo
913 3777 1021 3861 parati
1060 3776 1197 3854 fuerint,
1236 3777 1419 3864 procedent
1442 3780 1476 3844 in
1501 3779 1653 3850 medium

429 3882 613 3947 sacrarium
647 3887 681 3945 et
714 3881 814 3946 simul
847 3901 923 3947 cum
947 3882 1079 3950 clericis
1103 3883 1291 3950 ferentibus
1315 3886 1486 3952 intorticia
1509 3906 1549 3953 ac
1574 3889 1657 3958 thu·

430 3988 587 4053 riferario
626 3989 850 4054 reverentiam
888 3987 1032 4056 efficient
1070 3990 1111 4056 ad
1150 3991 1290 4058 Crucem
1314 3994 1383 4059 sive
1407 3992 1447 4059 ad
1471 3995 1654 4081 imaginem

430 4097 640 4181 praecipuam
663 4097 811 4171 sacrarii,
835 4096 933 4161 etad
957 4097 1076 4164 Altare
1100 4099 1282 4184 procedent
1304 4101 1368 4166 hoc
1382 4099 1518 4168 ordine.

519 4203 571 4266 78.
597 4202 745 4268 Praeibit
776 4203 1012 4268 thuriferarius
1042 4225 1117 4270 cum
1148 4208 1331 4284 thuribulo,
1353 4216 1537 4293 sequentur
1562 4232 1653 4298 qua-

428 4315 506 4374 tuor
530 4310 643 4375 clerici
680 4330 755 4374 cum
790 4311 966 4374 intorticiis
991 4313 1182 4378 incedentes
1213 4314 1290 4391 bini,
1322 4315 1441 4382 deinde
1474 4317 1655 4388 (laeremo-

431 4418 566 4495 niarius,
597 4424 763 4504 postremo
803 4417 984 4484 celebrans
1017 4420 1142 4486 medius
1175 4423 1264 4488 inter
1295 4423 1478 4502 Ministros,
1502 4433 1538 4492 et
1562 4430 1654 4498 ince-

430 4520 509 4587 dent
532 4526 639 4610 eapite
663 4532 829 4611 cooperto;
858 4526 1003 4592 Ministri
1035 4534 1147 4593 autem
1182 4528 1327 4598 fimbrias
1362 4532 1533 4618 pluvialis*
1555 4536 1654 4608 (lele-

431 4625 559 4693 brantis
582 4634 805 4702 sustinebunt.
