4175 5717
987 781 1052 829 tta.
1078 779 1124 830 tv.

868 993 942 1076 na
971 993 1241 1098 unrocus

532 1325 701 1408 Exequiae
724 1323 766 1388 ad
788 1331 932 1408 quatuor
954 1324 1065 1406 capita
1087 1321 1297 1406 rediguntur,
1321 1319 1480 1386 videlicet
1503 1319 1546 1387 ad
1568 1319 1661 1388 cada·

443 1435 531 1499 veris
565 1433 827 1518 deportationem
857 1432 889 1494 iu
918 1429 1103 1504 ecclesiam,
1128 1429 1169 1492 ad
1194 1429 1292 1494 funus
1316 1448 1417 1513 super
1441 1428 1597 1504 cadaver,
1620 1429 1660 1494 nd

442 1537 600 1624 suffragia
633 1541 743 1614 tertio,
775 1539 923 1622 septimo,
948 1537 1116 1602 tricesimo
1147 1543 1181 1600 et
1209 1537 1440 1601 anniversario
1472 1535 1536 1613 die,
1563 1543 1599 1600 et
1619 1535 1659 1602 ad
1734 1577 1735 1586 κ

444 1649 543 1713 sunus
567 1646 794 1732 parvulorum,
814 1645 965 1729 vestigia
980 1653 1157 1728 sequentes
1182 1643 1327 1746 ititualb
1352 1643 1504 1720 Romani,
1529 1651 1659 1708 nostras

441 1755 678 1818 instructiones
701 1755 733 1816 in
758 1761 902 1836 quatuor
924 1751 1083 1816 distincta
1107 1753 1216 1838 capita
1239 1750 1432 1816 dividemus.

573 2077 624 2133 DE
642 2075 868 2134 cunnvnats
887 2075 1198 2132 DEPORTATIONE
1218 2075 1271 2131 AD
1293 2073 1523 2132 ncccssstnnt

919 2385 1062 2450 CAPUT
1089 2386 1176 2450 vin.

446 2602 472 2666 l.
497 2524 645 2681 Usus,
671 2603 725 2667 ubi
749 2604 870 2686 vigeat,
887 2601 986 2667 dandi
1001 2621 1161 2687 campana
1177 2604 1309 2688 signum
1331 2603 1366 2666 in
1389 2619 1499 2687 agone
1516 2601 1657 2668 alicuius

441 2709 556 2786 fidelis,
580 2712 710 2775 servari
741 2712 875 2794 poterit,
900 2717 939 2774 ut
971 2716 1135 2776 exoretur
1170 2711 1326 2776 Dominus
1355 2729 1415 2794 pro
1446 2709 1541 2774 felici
1569 2709 1658 2776 illius

441 2820 595 2883 transitu.
620 2819 702 2882 Item
725 2818 838 2881 statim
862 2837 901 2882 ac
916 2819 1058 2882 animam
1075 2811 1247 2895 efflaverit,
1265 2819 1395 2902 signum
1419 2813 1582 2902 campana
1604 2815 1658 2882 da·

438 2925 538 2998 bitur,
563 2931 601 2990 ut
624 2945 724 3008 quum
747 2924 914 3002 audiatur,
932 2927 966 2988 in
986 2922 1180 3010 suffragium
1195 2927 1325 2991 animae
1348 2923 1496 2991 eiusdem
1520 2923 1657 2990 fundan-

439 3039 496 3095 tur
519 3052 645 3116 preces
670 3031 842 3108 sacerdon,
867 3035 922 3116 qui
946 3034 1080 3098 assistet
1112 3035 1181 3118 ipsi,
1207 3033 1361 3098 recitabit
1390 3051 1509 3120 preces
1541 3035 1575 3098 in
1599 3033 1657 3098 Ri-

439 3137 523 3202 tuali
546 3142 779 3225 praescriptas.

525 3247 557 3309 2.
582 3225 651 3320 Qui
669 3266 711 3310 ex
746 3247 871 3310 familia
906 3266 1020 3311 curam
1051 3254 1147 3332 geret
1178 3246 1336 3322 defuncti,
1369 3247 1501 3314 curabit
1534 3254 1573 3315 ut
1600 3267 1657 3316 ca·

437 3350 541 3416 dnver
571 3353 704 3418 lavetur
734 3363 768 3418 et
798 3352 978 3419 mundetur
1004 3375 1080 3419 eum
1111 3355 1221 3420 debita
1248 3356 1408 3432 decentia,
1432 3361 1468 3421 et
1499 3355 1657 3422 induatur

438 3460 585 3526 vestibus
622 3460 896 3526 convenientibus
935 3461 1114 3528 conditioni
1158 3462 1307 3529 defuncti
1346 3470 1380 3528 et
1419 3461 1654 3530 consuetudini

436 3568 696 3650 uniuscuiusque
720 3568 795 3633 loci.

524 3675 555 3739 3.
580 3674 761 3740 cavebitur
783 3680 905 3752 autern,
930 3696 972 3740 ue
995 3684 1169 3743 moveatur
1193 3677 1336 3743 cadaver
1359 3679 1471 3744 statim
1494 3697 1537 3745 ac
1561 3679 1655 3768 expi-

437 3783 562 3845 raverit
592 3781 779 3856 defunctus,
811 3782 867 3847 sed
895 3790 1095 3870 expectetur
1125 3785 1329 3870 aliquandiu,
1354 3805 1396 3851 ue
1423 3786 1515 3853 torte
1544 3789 1656 3854 extin-

434 3894 559 3972 guatur
581 3891 716 3974 spiritus
739 3889 863 3964 vitalis,
888 3892 916 3954 si
938 3890 1048 3956 adhuc
1071 3901 1263 3978 superesset
1285 3895 1319 3958 in
1345 3893 1414 3959 illo.

521 4001 551 4062 4.
577 3999 793 4064 Sacerdotum
809 4000 973 4065 cadavera
989 4000 1172 4069 induentur
1184 4009 1277 4070 veste
1293 4003 1394 4069 talari
1406 4009 1440 4070 et
1452 4005 1655 4091 paramentis

433 4105 557 4171 coloris
580 4107 730 4182 violacei,
755 4108 873 4191 quibus
897 4107 1089 4174 celebratur
1114 4112 1223 4188 Missa,
1249 4118 1283 4176 et
1307 4111 1414 4177 bireto
1430 4115 1534 4200 capiti
1558 4115 1657 4202 impo-

431 4215 504 4274 sito.
531 4214 639 4279 Ceteri
657 4215 873 4281 ecclesiastici
890 4217 1072 4282 induentur
1089 4221 1191 4284 sacris
1209 4220 1356 4285 restibus
1373 4221 1655 4288 convenientibus

432 4318 548 4394 ordini,
574 4341 638 4404 quo
662 4329 761 4387 erunt
785 4325 969 4398 constituti,
994 4333 1028 4389 et
1053 4325 1158 4391 bireto
1182 4329 1289 4413 capite
1313 4334 1481 4414 cooperto.

519 4427 549 4490 5.
576 4429 777 4514 Cuicumque
793 4429 946 4495 cadaveri
963 4434 1209 4518 componendae
1226 4436 1259 4498 in
1275 4442 1410 4520 pectore
1427 4441 1509 4504 sunt
1532 4455 1650 4504 manus

430 4531 463 4592 in
488 4533 625 4599 sormam
650 4535 776 4612 Crucis,
794 4538 848 4602 vel
866 4541 963 4604 etiam
989 4543 1112 4624 poterit
1135 4543 1224 4607 inter
1250 4563 1366 4607 manus
1383 4542 1523 4610 illorum
1547 4565 1652 4632 parva

430 4636 524 4702 Crux
550 4646 666 4726 aptari.

515 4748 546 4810 6.
571 4750 692 4814 Postea
714 4751 936 4819 collocabitur
960 4755 1103 4821 cadaver
1135 4777 1235 4844 super
1260 4757 1456 4824 linteamin
1489 4759 1565 4828 solo
1601 4762 1654 4830 vel
