4175 5717
516 739 560 804 82
963 755 1029 802 ma.
1055 755 1103 802 ιιι.

517 868 570 931 37.
598 863 795 931 (tentabitur
817 869 849 936 ι.
879 863 1030 930 Tantum
1046 881 1131 947 erpo
1147 881 1224 927 cum
1240 862 1350 928 altero
1369 861 1531 930 Genitori
1548 861 1647 930 Geni·

431 980 534 1056 toque
557 979 591 1037 et
615 973 744 1037 interea
767 971 958 1044 celebrans,
992 977 1030 1035 ut
1061 990 1171 1055 supra,
1203 967 1408 1036 thurificabit
1432 969 1490 1036 SS.
1526 968 1646 1036 Sacra-

430 1085 586 1150 mentum,
611 1086 725 1164 postea
747 1077 913 1143 secundus
936 1077 1081 1143 clericus
1105 1082 1276 1163 receptum
1299 1097 1319 1142 a
1349 1078 1456 1163 primo
1488 1075 1644 1142 thuribu-

431 1188 499 1250 lum
524 1186 707 1272 reportabit
731 1187 762 1251 in
786 1187 970 1250 sacrarium
992 1184 1048 1250 vel
1072 1183 1215 1270 deponet
1236 1183 1322 1270 apud
1346 1184 1497 1260 abacum,
1514 1205 1558 1252 ex
1580 1205 1645 1270 quo

429 1296 568 1381 accipiet
591 1293 743 1358 libellum
767 1294 926 1359 orat-ionis
949 1298 982 1358 et
1006 1293 1112 1378 primo
1135 1292 1259 1360 clerico
1283 1291 1394 1358 tradet
1420 1293 1528 1358 illum.

520 1403 572 1466 38.
598 1401 739 1467 cantato
762 1407 794 1474 y.
819 1401 954 1468 Panem
975 1401 1019 1466 de
1041 1403 1134 1466 coeto
1159 1405 1222 1465 etc.
1237 1407 1401 1486 'assurget
1413 1399 1596 1468 celebrans
1612 1405 1647 1468 et

431 1531 473 1574 ox
497 1509 593 1585 libro,
617 1529 714 1593 quem
738 1514 816 1573 ante
840 1529 915 1573 eum
931 1507 1142 1573 sustinebunt
1159 1508 1284 1593 primus
1299 1527 1339 1574 ac
1355 1509 1477 1574 tertius
1490 1508 1645 1584 clericus,

432 1617 580 1683 cantabit
602 1618 785 1681 orationem
809 1617 905 1682 Deus
929 1616 993 1700 qui
1013 1614 1114 1682 nobis
1137 1621 1201 1680 etc.
1224 1635 1300 1680 cum
1323 1614 1417 1682 brevi
1429 1615 1646 1682 conclusione

436 1724 503 1796 Qui
523 1725 610 1790 virts
633 1731 664 1791 et
688 1743 818 1808 repeton
841 1725 1043 1790 insaecula
1066 1725 1300 1789 soeculorum.

519 1833 571 1898 39.
597 1833 748 1898 Clericus
770 1831 936 1897 secundus
960 1831 1082 1896 librum
1106 1837 1276 1917 receptum
1299 1851 1320 1896 a
1342 1831 1447 1918 primo
1464 1831 1647 1918 reportabit

431 1941 472 2007 ad
496 1941 645 2016 abacum,
669 1939 755 2025 apud
778 1959 875 2024 quem
898 1958 1008 2024 genua
1031 1938 1214 2016 submittet
1231 1941 1356 2025 primus
1372 1945 1485 2005 autem
1502 1941 1647 2026 imponet

433 2050 579 2114 humeris
603 2046 811 2112 Celebrantis
834 2046 947 2111 velum
970 2046 1155 2124 humerale,
1179 2046 1265 2132 quod
1288 2049 1409 2112 tertius
1432 2055 1512 2114 ante
1532 2052 1664 2134 pectus,

432 2158 503 2222 eius
526 2155 700 2220 cohibebit.

519 2263 572 2327 40.
597 2261 779 2328 celebrans
801 2261 958 2326 ascendet
981 2259 1023 2325 ad
1054 2260 1174 2326 Altare
1203 2266 1238 2326 et
1266 2265 1404 2347 accepto
1435 2261 1493 2328 SS.
1526 2262 1648 2330 Sacra-

433 2378 554 2438 mento.
578 2369 840 2435 benedictionem
864 2369 986 2455 populo
1003 2369 1222 2454 impertietur,
1240 2375 1278 2433 ut
1300 2368 1443 2436 diximus
1468 2390 1540 2457 cap.
1558 2389 1649 2460 prae·

433 2479 563 2545 cedenti
586 2496 676 2543 num.
701 2477 744 2542 38
768 2484 802 2542 et
824 2476 877 2542 39.

520 2587 573 2651 41.
598 2587 720 2652 Postea
741 2585 889 2670 deposito
913 2585 1131 2674 Sacramento
1154 2604 1254 2671 super
1283 2584 1405 2662 Altari,
1437 2583 1648 2672 genuflexio-

434 2715 507 2760 nem
532 2695 633 2759 faciet
655 2713 694 2758 ac
717 2693 830 2758 velum
852 2694 924 2758 eius
948 2693 1097 2758 humeris
1121 2691 1327 2760 detrahetur.
1352 2693 1505 2780 Reponet
1534 2694 1650 2761 Sacra·

435 2809 580 2868 mentum
605 2803 638 2866 in
661 2801 891 2873 tabernaculo,
917 2799 972 2866 vel
1000 2803 1028 2866 si
1052 2805 1123 2866 tota
1153 2800 1206 2866 die
1236 2802 1421 2887 expositum
1452 2803 1648 2882 remanebit,

434 2916 578 2997 exponet
601 2912 707 2996 ipsum
731 2909 765 2973 in
789 2909 911 2974 throno
934 2928 993 2973 seu
1017 2907 1216 2974 baldachino
1239 2915 1437 2995 praeparato
1461 2931 1564 2998 super
1586 2911 1650 2978 Al-

435 3021 509 3085 tari,
535 3019 685 3084 Clericus
709 3015 874 3082 secundus
897 3015 1027 3083 deferet
1050 3015 1091 3081 ad
1115 3016 1234 3082 Altare
1257 3017 1458 3083 claviculam
1488 3019 1650 3086 taberna-

434 3132 511 3202 culi,
538 3129 592 3194 rol
615 3132 759 3213 apponet
781 3125 966 3191 scabellum
989 3125 1175 3210 gradatum,
1200 3126 1233 3190 in
1257 3125 1344 3210 quod
1367 3126 1470 3212 possit
1492 3125 1651 3196 ascende·

434 3259 470 3303 rc
494 3236 676 3303 Celebrans
700 3235 913 3320 expositurus
937 3233 993 3299 SS.
1019 3233 1281 3299 Sacramentum.

519 3343 572 3408 42.
597 3341 720 3407 Deinde
743 3340 828 3406 idem
856 3341 1000 3406 clericus
1029 3342 1171 3427 accipiet
1199 3341 1342 3407 biretum
1367 3341 1579 3410 Celebrantis
1614 3349 1648 3412 et

432 3451 543 3517 tradet
566 3452 671 3536 ipsum
693 3450 809 3535 primo.

521 3560 573 3626 43.
598 3559 633 3624 Si
656 3559 842 3644 expositum
865 3559 899 3622 in
922 3557 1044 3624 throno
1068 3559 1133 3623 erit
1164 3556 1221 3624 SS.
1253 3556 1515 3636 Sacramentum,
1548 3558 1648 3626 Gele-

435 3667 535 3732 brans
559 3673 727 3752 posteqam
748 3664 957 3731 descenderit
979 3664 1020 3730 de
1043 3665 1164 3740 Alteri,
1189 3685 1298 3750 genua
1321 3665 1496 3732 submittet
1519 3667 1553 3734 in
1577 3687 1648 3734 me-

432 3775 484 3839 dio
507 3772 613 3859 gradu
638 3771 748 3838 infimo
770 3791 811 3838 ιο
833 3771 927 3838 brevi
944 3778 1091 3858 tempore
1110 3772 1228 3850 orabit
1247 3779 1315 3838 tum
1331 3779 1487 3859 assurget
1503 3781 1538 3842 et
1558 3775 1648 3844 facta

433 3884 465 3946 in
489 3882 677 3968 pavimento
700 3877 934 3966 genuflexione
957 3880 1090 3968 duplici,
1115 3879 1335 3968 praecedente
1357 3880 1506 3948 secundo
1521 3882 1648 3950 clerico

431 3995 466 4055 et
488 3987 614 4054 medius
638 3988 727 4053 inter
748 3989 890 4074 primum
913 4008 953 4054 ιο
975 3991 1122 4064 tertium,
1146 3989 1201 4073 qui
1224 3986 1369 4054 fimbrias
1392 3989 1553 4076 pluvialis
1578 3993 1648 4060 eius

430 4097 536 4162 elatas
560 4095 780 4171 sustinebunt,
806 4095 926 4162 redibit
941 4097 975 4162 in
992 4098 1187 4173 sacrarium,
1204 4101 1305 4184 caput
1316 4097 1422 4163 bireto
1439 4101 1648 4184 cooperiens,

432 4225 530 4288 quum
556 4211 654 4268 extra
676 4209 887 4290 conspectum
912 4204 1015 4270 fuerit
1039 4204 1096 4270 SS.
1122 4205 1338 4270 Sacramenti.

519 4313 571 4376 44.
597 4312 653 4376 Sin
679 4314 767 4376 intra
789 4312 1043 4377 tabernaculum
1068 4314 1273 4379 reconditum
1299 4314 1402 4379 fuerit
1433 4313 1491 4380 SS.
1525 4315 1649 4382 Sacra·

431 4427 587 4495 mentum,
613 4419 793 4486 Celebrans
815 4426 989 4505 postquam
1013 4421 1053 4486 de
1077 4421 1188 4486 Alteri
1204 4420 1421 4497 descenderit,
1443 4421 1651 4507 genuflexio·

431 4548 506 4592 nem
529 4530 708 4614 simplicem
732 4533 765 4596 in
790 4533 978 4616 pavimento
1001 4533 1102 4598 saciet
1132 4553 1170 4598 ac
1202 4533 1309 4598 bireto
1339 4534 1446 4618 capite
1478 4541 1648 4624 cooperto,

431 4635 464 4699 in
488 4637 671 4704 sacristiam
697 4639 816 4707 redibit
838 4639 953 4707 ordine
978 4642 1041 4706 iam
1064 4640 1239 4730 descripto.
