4175 5717
523 707 563 773 12
975 725 1041 774 urs.
1066 726 1101 773 11.

431 837 685 904 Beredtcarnus
707 836 864 902 Dotatae
889 834 1116 920 Vesperarum
1139 832 1196 900 flet
1218 832 1291 900 flnis
1314 855 1334 899 a
1357 834 1450 900 chori
1473 833 1647 920 praefecto

431 942 561 1008 dicente
585 949 616 1018 i.
641 944 817 1010 Fidelium
840 944 979 1010 animae
1001 949 1064 1007 etc.
1089 941 1144 1006 vel
1159 941 1199 1007 ab
1216 940 1456 1019 ebdomadario,
1474 944 1571 1007 iuxta
1591 960 1650 1008 cu·

431 1052 547 1135 iusque
571 1050 732 1116 ecclesiae
755 1071 861 1117 usum.
886 1041 955 1116 Nis'i
978 1050 1231 1138 completorium
1255 1056 1424 1134 sequatur,
1441 1049 1572 1116 dicetur
1591 1069 1651 1116 an·

430 1158 566 1243 tiphona
589 1157 629 1223 de
653 1158 756 1224 Beata
779 1158 929 1244 Virgine,
954 1160 1049 1224 utin
1073 1155 1138 1224 flne
1162 1158 1320 1223 horarum
1351 1159 1514 1224 minorum
1545 1175 1649 1244 prae-

430 1266 589 1351 scriptum
613 1266 688 1332 fuit.

518 1373 570 1437 63.
595 1365 690 1448 Quod
714 1375 740 1440 si
764 1373 950 1439 immediate
974 1380 1134 1458 sequetur
1156 1371 1419 1458 completorium,
1436 1374 1492 1456 qui
1507 1371 1650 1438 ultimus

430 1482 463 1545 in
486 1481 589 1546 choro
612 1481 714 1556 sedet,
739 1483 773 1545 in
797 1480 939 1546 medium
962 1481 1115 1566 prodibit,
1132 1501 1171 1546 ac
1187 1479 1305 1546 debitis
1321 1479 1419 1545 iactis
1435 1481 1648 1554 reverentiis,

430 1587 611 1652 inclinatus
627 1608 745 1654 versus
761 1586 1037 1664 ebdomadarium,
1054 1588 1316 1653 benedictionem
1332 1593 1423 1673 petet
1434 1586 1547 1653 dicens
1559 1586 1650 1654 Iube

431 1693 564 1760 Demere
588 1703 650 1759 etc.
676 1694 936 1761 Ebdomadarius
952 1694 1164 1782 respondebit
1180 1694 1325 1762 Noctem
1340 1695 1496 1779 quietam
1511 1700 1574 1760 etc.
1598 1699 1650 1760 at-

430 1819 493 1884 que
517 1801 575 1867 ille
600 1803 754 1868 recitabit
777 1802 911 1868 brevem
934 1803 1113 1868 lectionem
1137 1802 1295 1878 Fratres,
1313 1801 1424 1869 sobrii
1437 1808 1499 1870 etc.
1517 1800 1569 1866 Ad
1584 1800 1649 1866 illa

430 1916 541 1973 autem
565 1909 668 1976 verba
695 1908 891 1978 Paculam
915 1909 1060 1977 Domine
1083 1917 1146 1975 eto.
1171 1889 1404 1994 genuflexione
1435 1915 1579 1996 peracta,
1605 1907 1648 1974 ad

430 2018 540 2082 locum
565 2037 661 2081 suum
684 2016 810 2083 debitas
833 2036 1019 2101 exsequens
1043 2019 1249 2082 reverentias
1265 2023 1468 2082 revertetur.

519 2125 571 2189 64.
597 2123 858 2190 Ebdomadarius
880 2124 967 2190 dicet
983 2130 1014 2198 t.
1031 2124 1258 2192 Adiutorium
1274 2131 1337 2190 etc.
1355 2143 1437 2190 voce
1452 2123 1648 2200 demissiori;

430 2239 529 2317 atque
553 2253 665 2298 omnes
689 2232 730 2298 de
753 2234 854 2318 cboro
879 2252 914 2297 se
944 2233 1133 2317 signabunt.
1167 2233 1276 2300 Pater
1306 2239 1428 2299 noster
1457 2237 1589 2297 secreto
1613 2230 1648 2295 in

431 2345 537 2404 totum
562 2339 765 2415 recitabitur,
791 2345 826 2405 et
847 2338 1098 2404 ebdomadarius
1114 2339 1201 2405 dicet
1217 2339 1467 2415 confessionem,
1485 2337 1526 2404 ad
1548 2357 1648 2422 quam

432 2443 644 2531 respondebit
666 2445 800 2522 chorus,
824 2451 863 2511 ut
886 2446 920 2511 in
943 2445 1027 2510 hora
1050 2446 1172 2510 Prima.

519 2552 572 2617 65.
595 2557 628 2626 t.
656 2553 824 2620 Converte
846 2553 1051 2618 intonabitur
1074 2552 1114 2618 ab
1139 2552 1370 2618 ebdomadario
1393 2573 1475 2618 voce
1502 2552 1648 2630 elatiori,

431 2666 465 2725 et
487 2659 610 2725 chorus
633 2651 811 2726 universus
832 2678 868 2724 se
892 2658 1013 2745 pollice
1036 2658 1177 2725 dextero
1200 2661 1235 2724 in
1251 2667 1387 2746 pectore
1402 2659 1556 2745 signabit.
1576 2659 1649 2754 Eb-

432 2766 641 2833 domadarius
665 2768 799 2851 signans
822 2787 857 2832 se
873 2766 1052 2852 subiunget¹
1067 2766 1212 2831 alterum
1229 2788 1364 2832 versum
1380 2766 1475 2834 Deua
1491 2767 1529 2833 in
1548 2768 1652 2834 aeliu-
1740 2807 1745 2820 ·

435 2876 563 2943 lorium
586 2881 649 2941 etc.
674 2873 763 2940 Idem
787 2873 1038 2940 ebdomadarius
1062 2875 1227 2940 intonabit
1241 2876 1454 2961 antiphonam
1475 2876 1651 2943 Miserere

433 2982 486 3046 vel
511 2982 663 3048 Alleluia
685 2988 834 3067 ternpore
857 2980 1014 3067 paschali.
1039 2982 1193 3047 Psalmus
1222 2980 1430 3075 intonabitur
1453 3004 1473 3048 a
1504 2983 1651 3070 cappel-

432 3090 511 3154 lano
534 3091 589 3174 qui
612 3109 655 3154 ex
678 3096 772 3176 parte
796 3088 1019 3154 ebdomadarii
1043 3096 1104 3166 est,
1130 3090 1250 3174 reliqui
1274 3109 1294 3155 a
1318 3091 1521 3177 Gappellano
1537 3091 1651 3158 altero

433 3198 488 3280 qui
511 3198 577 3262 erit
599 3216 642 3262 en
665 3203 760 3282 parte
782 3195 843 3261 illa
865 3214 931 3279 qua
954 3197 1131 3261 recitatum
1155 3197 1220 3262 tuit
1245 3196 1366 3264 Gloria
1396 3199 1501 3266 Patri
1528 3199 1651 3284 psalmi

432 3303 668 3369 antecedentis.
694 3303 885 3388 Antiphone
908 3309 1080 3388 repetetur
1096 3324 1116 3367 a
1132 3303 1334 3389 Gappellano
1351 3305 1408 3389 qui
1424 3311 1534 3371 estex
1550 3311 1651 3392 parte

434 3409 573 3475 adversa
597 3409 837 3476 ebdomadario.

521 3518 574 3582 66.
600 3518 786 3601 Consurget
808 3517 930 3583 chorus
953 3523 1053 3601 atque
1070 3517 1320 3584 ebdomadarius
1336 3519 1471 3605 incipiet
1485 3521 1651 3606 hymnum

438 3624 485 3691 Te
509 3625 598 3690 lucis
620 3629 683 3690 eto.
708 3644 803 3708 quem
827 3624 950 3690 chorus
966 3630 1187 3709 prosequetur
1202 3624 1356 3690 methodo
1372 3626 1550 3711 praedicta.
1567 3627 1654 3695 Post

433 3734 595 3818 hymnum
618 3731 868 3798 ebdomadarius
892 3731 1046 3797 recitabit-
1077 3731 1265 3817 Capitulum
1298 3731 1353 3799 Tu
1383 3740 1500 3801 aulem
1527 3741 1591 3800 etc,
1615 3742 1655 3802 et

433 3843 563 3907 interea
585 3840 650 3906 duo
673 3840 846 3925 penultimi
870 3839 1063 3926 cappellani
1087 3841 1224 3905 venient
1240 3841 1273 3904 in
1293 3839 1434 3906 medium
1459 3842 1598 3908 chorum
1616 3850 1655 3910 et

435 3955 510 4035 post
533 3948 722 4034 Capitulum
745 3948 856 4013 dicent
878 3949 1136 4034 Responsorium
1160 3968 1199 4014 ac
1222 3967 1356 4013 versum
1373 3956 1577 4033 sequentem,
1595 3952 1655 4017 cui

435 4055 646 4142 respondebit
669 4055 801 4120 chorus.

522 4165 575 4230 67.
600 4164 824 4249 Antiphonem
848 4162 952 4230 Saloe
974 4184 1038 4231 ros
1063 4164 1226 4230 intonabit
1240 4163 1501 4241 ebdomadarius,
1518 4171 1552 4230 et
1568 4185 1656 4232 can·

435 4275 537 4339 ticum
560 4270 667 4338 Nunc
688 4271 833 4339 dimittis
863 4270 1074 4335 inchoabitur
1097 4291 1117 4335 a
1148 4271 1351 4357 Gappellano
1376 4274 1431 4354 qui
1462 4291 1505 4336 ex
1535 4272 1655 4340 eadem

434 4379 654 4445 ebdomadarii
679 4383 774 4464 parte
797 4378 870 4442 erit.
895 4377 992 4441 Initio
1017 4378 1137 4442 cantici
1161 4397 1275 4443 omnes
1298 4379 1477 4463 signabunt
1499 4398 1544 4444 se.
1577 4379 1656 4446 An·

434 4488 572 4573 tiphona
594 4491 766 4572 repetetur
788 4504 809 4548 a
831 4482 1033 4569 Gappellano
1058 4485 1178 4568 quiex
1202 4491 1296 4570 parte
1326 4484 1558 4550 ebdomadario
1589 4505 1656 4574 op-

435 4595 541 4679 posita
564 4595 638 4669 erit,
662 4597 736 4678 post
758 4592 861 4677 ipsam
886 4591 1081 4656 recitabitur
1104 4593 1211 4656 oratio
1242 4585 1350 4661 Visite
1380 4599 1443 4659 etc.
1475 4591 1515 4658 ab
1546 4591 1655 4659 ebdo-
