4175 5717
519 723 584 790 214
982 745 1049 792 nm.
1075 745 1097 794 1.

513 850 589 917 277.
615 849 797 917 Comitatus
822 851 1055 918 Celebrantem
1079 854 1112 918 in
1135 852 1272 940 planum
1294 850 1337 917 ad
1352 869 1459 918 cornu
1476 849 1651 940 Epistolae

428 980 448 1026 a
471 959 578 1025 latere
600 958 758 1025 ascendet
780 959 821 1025 ad
845 959 975 1035 Altare,
1000 957 1266 1045 genuflexionem
1284 958 1385 1026 Cruci
1401 957 1532 1038 efficiet,
1548 977 1654 1044 quum

429 1065 604 1132 devenerit
625 1068 661 1131 in
683 1066 826 1133 medium
851 1065 1107 1155 suppedaneum,
1131 1069 1271 1153 accipiet
1295 1065 1436 1133 Crucem
1459 1063 1537 1134 velo
1565 1085 1655 1134 con-

428 1178 551 1240 tectam
568 1191 666 1258 quam
682 1172 885 1240 descendens
896 1173 943 1241 'de
960 1174 1067 1240 medio
1083 1175 1196 1241 Alteri
1211 1173 1342 1240 deforet
1357 1173 1399 1239 ad
1416 1172 1655 1242 Celebrantem

429 1285 524 1366 eique
547 1281 668 1358 tradet,
692 1289 786 1348 etse
809 1283 905 1348 sistet
927 1301 948 1347 a
970 1282 1119 1349 dexteris
1146 1281 1251 1348 illius.
1587 1357 1590 1364 ¹

516 1387 593 1454 278.
618 1388 701 1454 Turn
735 1387 967 1456 Celebrantem
998 1387 1168 1455 adiuvabit
1199 1389 1233 1455 in
1267 1388 1455 1475 detegenda
1485 1387 1655 1476 superiori

430 1497 547 1563 Crucis
569 1501 665 1583 parte
688 1515 793 1581 usque
816 1497 857 1562 ad
879 1503 1108 1563 transversam
1140 1498 1253 1584 ipsius,
1288 1517 1328 1564 ac
1360 1517 1479 1564 versus
1510 1495 1655 1564 Crucem

430 1624 540 1691 genua
563 1605 737 1670 submittet
758 1624 859 1690 quum
882 1612 1024 1671 canetur
1047 1611 1078 1680 ἡ.
1111 1604 1228 1673 Venite
1251 1606 1452 1673 adoremus.
1711 1681 1719 1692 ,

518 1711 593 1778 279.
619 1712 792 1798 Assurget,
816 1711 1059 1800 suppedaneum
1083 1732 1159 1778 cum
1183 1711 1384 1779 Celebrante
1400 1707 1603 1778 conscendet
1617 1709 1656 1776 in

430 1837 536 1886 cornu
561 1819 741 1906 Epistolae,
766 1819 999 1887 Celebrantem
1022 1820 1192 1887 adiuvabit
1226 1821 1260 1886 in
1294 1819 1480 1906 detegendo
1510 1817 1656 1886 dextero

432 1926 550 1994 Crucis
572 1927 709 1993 brachio
732 1947 798 1994 una
820 1947 896 1994 oum
919 1930 1027 2015 capite
1052 1925 1222 2005 Crucillxi,
1247 1929 1435 2014 iterumque
1458 1925 1501 1994 ad
1533 1923 1658 1994 Venite

433 2035 622 2102 adoream
645 2034 860 2121 geniculabit.
1106 2083 1112 2096 .
1613 2033 1616 2040 '

519 2142 587 2208 280
609 2141 784 2228 Assurget,
808 2163 927 2209 rursus
950 2143 1051 2210 vadet
1072 2141 1114 2208 ad
1137 2142 1279 2209 medium
1303 2142 1423 2209 Altera
1447 2159 1523 2208 cum
1554 2136 1657 2207 Cele-

432 2251 562 2328 brante,
586 2270 727 2335 eumque
750 2250 920 2317 adiuvabit
944 2251 985 2317 ad
1010 2257 1115 2318 totam
1139 2251 1282 2318 Crucem
1305 2248 1533 2336 detegendam
1557 2247 1659 2336 geni-

432 2357 559 2424 culabit
581 2360 682 2424 tertio
705 2357 747 2423 ad
776 2355 894 2426 Venite
915 2359 1117 2436 odoremus,
1141 2379 1181 2425 ac
1211 2357 1350 2445 genibus
1380 2355 1477 2425 flexis
1507 2353 1661 2422 manebit

432 2465 538 2532 donec
562 2465 743 2533 Celebrans
767 2465 907 2534 Crucem
929 2468 1086 2533 attulerit
1108 2473 1143 2533 et
1165 2470 1199 2532 in
1222 2469 1356 2534 cussino
1379 2465 1555 2532 locaverit

521 2576 597 2642 281.
622 2577 704 2643 Post
718 2577 902 2663 impositam
917 2578 1052 2642 cussino
1070 2577 1211 2643 Crucem
1227 2581 1427 2662 assurgente
1443 2572 1658 2650 celebrante,

433 2690 586 2770 assurget
609 2685 708 2750 etiam
731 2683 907 2762 Diaconus,
931 2687 987 2769 qui
1011 2690 1103 2751 stans
1128 2686 1162 2749 in
1179 2683 1390 2771 suppedaneo
1407 2687 1441 2748 et
1455 2681 1497 2748 ad
1514 2679 1659 2748 Crucem

433 2811 626 2869 conversus,
649 2789 918 2877 genuflexionem
934 2793 1010 2858 bum
1026 2791 1228 2859 Celebrante
1246 2797 1281 2857 et
1298 2790 1507 2858 Subdiacono
1522 2785 1658 2856 efficiet:

433 2898 474 2965 de
498 2898 609 2965 Alteri
631 2919 652 2964 a
674 2897 782 2964 latere
805 2897 992 2976 descendet,
1017 2898 1119 2966 vadet
1142 2899 1184 2965 ad
1208 2917 1388 2975 scamnum,
1413 2899 1523 2981 ibique
1553 2893 1662 2964 stabit

434 3005 570 3092 pedibus
593 3005 669 3071 loco
692 3025 751 3072 suo
775 3006 880 3072 donec
903 3008 943 3072 ab
959 3006 1153 3072 adoratione
1171 2991 1289 3074 Crucis
1307 3005 1490 3073 Celebrane
1506 3003 1659 3070 redierit.

523 3113 598 3178 282.
624 3113 707 3178 Tum
730 3114 934 3199 manipulum
957 3115 1109 3200 deponet,
1135 3113 1271 3192 sedebit,
1304 3111 1512 3180 excalceabit
1545 3109 1660 3198 pedes,

434 3225 590 3304 assurget
612 3233 752 3304 cumque
775 3219 983 3288 Subdiacono
1008 3223 1148 3289 Crucem
1171 3222 1346 3288 adoratum
1362 3221 1432 3298 ibit,
1449 3237 1551 3305 quum
1567 3237 1663 3286 mon·

435 3331 579 3392 stratum
601 3328 663 3414 ipsi
686 3326 790 3393 fuerit
813 3327 872 3415 (a).
898 3330 981 3396 Tres
1003 3328 1267 3417 genuflexiones,
1300 3325 1574 3414 quemadmodum
1604 3324 1661 3394 fe-

436 3434 522 3499 cerit
546 3433 736 3512 Celebrans,
761 3442 977 3521 exsequetur.

523 3541 599 3606 283.
623 3541 670 3608 De
693 3541 887 3609 adoratione
910 3564 1068 3611 reversus
1091 3543 1133 3611 ad
1157 3563 1337 3621 scamnum,
1362 3540 1500 3626 sedebit,
1524 3539 1660 3607 calceos

435 3647 497 3714 sibi
521 3655 660 3735 reponet
682 3655 716 3715 et
739 3652 943 3737 manipulum
966 3652 1093 3730 induet,
1110 3660 1212 3740 caput
1234 3652 1343 3719 bireto
1360 3649 1531 3737 cooperiet
1549 3653 1585 3715 et
1600 3645 1661 3716 Ce-

435 3753 581 3822 lebranti
604 3755 730 3842 legenti
755 3759 953 3845 improperia
976 3760 1199 3847 respondebit.

523 3863 599 3928 284.
624 3862 692 3930 Sub
715 3863 916 3932 adorationis
939 3865 1038 3932 finem
1061 3866 1197 3954 deteget
1213 3871 1323 3955 caput,
1339 3869 1505 3949 assurget,
1522 3861 1662 3930 bursam

436 3990 512 4036 cum
535 3970 702 4057 corporali
718 3977 753 4037 et
768 3970 993 4058 purificatorio
1009 3981 1128 4053 sumet,
1145 3982 1180 4041 et
1203 3976 1272 4040 ritu
1287 3978 1384 4040 sueto
1399 3971 1531 4038 deferet
1544 3989 1663 4038 ascen·

435 4077 517 4144 dens
540 4097 561 4142 a
583 4077 691 4143 latere
715 4079 748 4142 in
772 4080 1027 4166 suppedaneum
1053 4085 1097 4149 ibi
1121 4085 1155 4148 in
1179 4081 1286 4149 medio
1302 4077 1570 4170 genuflexionem
1585 4099 1663 4146 ver·

437 4205 494 4250 sus
518 4184 659 4252 Crucem
683 4187 792 4265 faciet,
817 4207 853 4254 se
877 4198 1053 4256 convertet
1075 4192 1117 4256 ad
1142 4192 1270 4268 Altare,
1296 4193 1329 4256 in
1347 4189 1454 4256 medio
1477 4187 1663 4275 explicabit

437 4294 612 4378 corporale
636 4301 670 4359 et
693 4293 734 4359 ad
757 4294 928 4362 dexteram
960 4298 1223 4384 purificatorium
1247 4305 1358 4386 ponet:
1383 4318 1419 4364 so
1442 4302 1555 4364 vertet
1578 4295 1662 4364 Cru-

511 4435 551 4505 (α)
572 4437 657 4502 Quod
677 4437 838 4496 celebrans
858 4448 887 4496 et
905 4441 983 4497 sacri
1003 4440 1132 4498 Ministri
1150 4441 1331 4515 manipulum
1352 4442 1500 4515 deponant
1529 4441 1559 4498 in
1584 4437 1660 4496 ado·
1685 4409 1691 4416 ’

439 4523 552 4580 rationo
573 4527 677 4585 Crucis
695 4546 752 4586 nec
779 4530 897 4587 rubrica
927 4531 1066 4596 Missalis,
1086 4548 1141 4587 nec
1171 4532 1396 4590 caeremoniale
1425 4530 1611 4606 praescribit·
1631 4530 1662 4588 id

439 4619 537 4669 tamen
557 4615 708 4674 decretum
728 4629 774 4677 est
791 4636 810 4677 a
828 4621 909 4682 S..C.
931 4621 1050 4679 Rituum
1073 4625 1104 4677 15
1123 4624 1204 4695 Sept.
1227 4625 1302 4681 1736.
