4175 5717
516 753 560 818 84
620 743 627 756 ’
973 769 1039 817 crs.
1065 769 1100 817 ιι.

429 899 538 957 ocum,
563 879 651 946 dicet
678 878 784 946 Orate
804 879 942 963 fratres
964 884 999 943 et
1021 893 1089 943 non
1112 877 1278 965 completo
1301 877 1441 957 circulo,
1470 881 1657 946 converte-

430 994 488 1053 tur
510 991 631 1053 iterum
656 986 697 1052 ad
721 985 851 1064 Altare,
875 983 1144 1071 genuflexionem
1168 985 1302 1052 iterabit
1324 993 1359 1052 et
1382 985 1501 1052 ritibus
1520 985 1657 1052 usitatis

431 1094 570 1162 Sacrum
594 1099 823 1181 persequetur.

518 1201 571 1266 38.
604 1201 770 1268 Diaconus
805 1201 996 1286 priusquam
1031 1199 1191 1266 ascendat
1223 1198 1265 1265 ad
1296 1199 1415 1266 Altara
1434 1201 1657 1268 recitaturus

434 1309 586 1377 Sanctus
609 1310 753 1392 itemque
777 1305 1005 1373 subdiaconus
1029 1305 1296 1392 genuflexionem
1320 1305 1465 1373 efficient
1487 1311 1522 1372 at
1544 1305 1588 1372 ad
1604 1305 1658 1388 ΙΙο-

431 1439 507 1486 cum
531 1431 628 1482 suum
652 1416 780 1480 reversi
803 1411 1071 1499 genuflexionem
1094 1413 1275 1480 iterabunt.

519 1525 572 1592 39.
598 1523 650 1589 Ad
674 1521 827 1590 Sanctus
848 1521 1010 1607 Acolythi
1033 1518 1175 1587 afferent
1190 1521 1369 1599 interficia,
1382 1519 1656 1607 genuflexionem

429 1636 464 1700 iu
487 1651 624 1698 accessu
648 1636 800 1714 utroque¹
814 1647 903 1713 genn
919 1635 1091 1714 peragent,
1108 1633 1322 1714 consurgant,
1340 1629 1566 1695 reverentiam
1583 1647 1660 1694 mu-

429 1747 523 1806 tuam
545 1739 711 1812 omittent,
735 1735 986 1821 geniculabuut,
1003 1741 1079 1821 post
1094 1735 1314 1802 elevationem
1330 1741 1441 1800 autam
1461 1743 1658 1820 assurgent,

431 1847 603 1913 iterabunt
625 1842 903 1931 genuflexionem,
927 1849 1100 1928 utsupra,
1125 1851 1160 1908 et
1182 1843 1217 1907 in
1240 1843 1424 1908 sacrarium
1440 1841 1611 1908 redibunt.

519 1955 572 2018 40.
598 1953 680 2018 Post
703 1951 856 2018 Sanctus
879 1970 984 2034 usque
1007 1947 1050 2014 ad
1072 1954 1175 2014 totam
1201 1948 1471 2015 communionem
1487 1949 1588 2016 nulla
1602 1969 1662 2016 oc·

431 2063 540 2128 currit
562 2061 714 2124 variatio.
740 2057 885 2122 Ministri
907 2054 1159 2142 genuflexiones
1183 2063 1345 2142 peragent
1366 2075 1388 2121 a
1410 2057 1574 2125 lateribus
1598 2057 1661 2124 Oe-

431 2169 604 2244 lebrantis,
629 2171 863 2252 praeterquam
885 2163 928 2230 ad
951 2164 1013 2229 illa
1036 2164 1140 2231 verba
1163 2165 1303 2233 Dimitte
1324 2163 1425 2232 cohib
1446 2170 1510 2255 ato.
1528 2165 1564 2230 in
1580 2183 1661 2230 ora·

433 2277 524 2342 tione
548 2275 721 2340 dominica.

519 2383 572 2447 41.
597 2379 778 2447 Gelebrans
808 2386 882 2466 post
909 2381 1129 2466 sumptionem
1159 2399 1225 2446 non
1256 2380 1444 2446 movebitur
1473 2377 1514 2446 de
1545 2379 1660 2447 medio

436 2489 556 2565 Alteri,
579 2487 695 2554 eodem
718 2489 793 2553 loco
816 2488 957 2574 accipiet
986 2485 1248 2573 purificationem
1273 2493 1308 2554 et
1334 2487 1538 2554 ablutionem
1562 2487 1663 2576 paul·
1695 2485 1702 2500 “

433 2596 504 2662 lum
527 2593 776 2662 conversusad
799 2595 1053 2661 Subdiaoonum.
1300 2633 1302 2638 -
1632 2637 1634 2642 -

523 2704 576 2770 42.
601 2705 766 2769 Diaconos
788 2703 973 2770 transforat
994 2703 1132 2770 blissale
1154 2710 1191 2769 et
1213 2702 1440 2770 Subdiaconns
1460 2701 1600 2770 accedat
1616 2703 1662 2772 ad

433 2812 680 2898 contegendum
703 2811 851 2888 calicem,
880 2808 1147 2896 genuflexionem
1178 2811 1303 2876 taciens
1328 2811 1361 2875 in
1392 2809 1509 2876 madio.
1542 2811 1664 2879 Diaco-

432 2941 496 2985 nus
518 2919 687 2985 collocato
710 2917 839 2984 Missali
863 2919 897 2983 in
920 2937 1027 2984 cornu
1052 2918 1222 3006 Epistulae
1246 2920 1316 2984 sine
1339 2915 1586 3003 genuflexione,
1604 2917 1664 2986 da·

433 3026 572 3092 scendet
595 3027 628 3090 in
653 3025 793 3111 gradum
816 3027 1032 3112 superiorem.

522 3135 574 3200 43.
601 3131 782 3199 celebrans
805 3139 980 3220 postquam
1006 3133 1152 3199 Galicem
1169 3133 1345 3199 tradiderit
1361 3131 1579 3211 Subdiaoono,
1598 3153 1665 3220 ge-

433 3240 604 3318 nuflectet,
633 3242 792 3307 transibit
813 3242 854 3306 ad
878 3241 968 3307 latus
1000 3241 1172 3328 Epistolae
1194 3261 1234 3307 ac
1263 3242 1356 3327 legat
1385 3247 1406 3315 t
1440 3241 1662 3312 Oommunio.

434 3349 665 3415 subdiaconus
688 3348 743 3414 ubi
767 3350 991 3435 composuerit
1013 3350 1152 3415 calicem
1175 3369 1250 3414 cum
1272 3350 1395 3415 ceteris
1419 3348 1529 3426 rebus,
1553 3369 1664 3435 genu·

433 3454 547 3522 flectet
581 3457 614 3520 in
648 3456 868 3543 suppedaneo,
899 3457 1040 3542 accipiet
1071 3456 1221 3534 calicem,
1252 3456 1432 3522 descendat
1460 3455 1502 3522 de
1533 3457 1662 3536 Alta'ri,

435 3562 704 3649 genu-flexionem
729 3565 762 3628 in
786 3563 893 3629 medio
917 3563 1061 3640 iterabit,
1085 3563 1228 3649 deponet
1251 3565 1388 3634 calicem
1418 3563 1453 3630 in
1483 3565 1590 3631 abaco
1619 3585 1665 3633 ac

434 3671 555 3738 redibit
578 3670 619 3735 ad
644 3670 757 3737 locum
782 3693 878 3737 suum
908 3678 983 3758 post
1013 3671 1207 3749 Diaconum,
1238 3671 1367 3736 nullam
1398 3671 1499 3737 aliam
1529 3673 1664 3740 faciens

434 3777 712 3866 genuflexionem.

521 3888 574 3951 44.
593 3885 775 3952 celebrans
791 3891 966 3972 postquam
983 3887 1110 3972 legerit
1124 3891 1156 3961 t.
1175 3887 1391 3964 Goanmunio,
1408 3891 1573 3972 sequente
1588 3887 1668 3954 Dia-

436 4014 530 4070 cono,
556 3984 740 4059 redibit'ad
764 3993 906 4060 medinm
931 3995 1050 4060 Altare
1073 4000 1204 4060 etcum
1228 3993 1289 4060 illo
1305 3992 1517 4079 genuflectet
1539 3993 1665 4062 deinde

434 4103 553 4167 Altare
577 4100 793 4176 osculabitur,
818 4100 951 4165 iterabit
975 4098 1254 4186 genuflexionem,
1283 4107 1502 4168 convertetur
1532 4101 1575 4166 ad
1607 4123 1666 4190 po-

436 4212 561 4296 pulum,
587 4215 625 4275 ut
647 4230 748 4296 supra
770 4208 1014 4294 descripsimus,
1040 4216 1075 4275 at
1097 4210 1247 4275 cantabit
1269 4209 1443 4278 Dominus
1465 4205 1664 4276 vobiscum.

523 4318 576 4382 45.
602 4317 691 4382 ldem
715 4322 934 4381 convertetur
958 4316 998 4380 ad
1023 4316 1154 4392 Altare,
1178 4315 1382 4401 genuflectet
1404 4337 1479 4382 cum
1510 4317 1663 4384 Diacono

435 4443 575 4508 cumque
600 4424 808 4491 Subdiaoono
835 4443 976 4507 quoque,
1002 4425 1028 4488 si
1054 4425 1080 4489 is
1104 4423 1242 4489 redierit
1264 4424 1305 4489 ad
1330 4424 1439 4489 locum
1463 4444 1573 4501 snum,
1599 4443 1665 4490 ve-

437 4530 507 4594 niet
528 4533 570 4595 ad
595 4533 732 4599 Missalo
756 4537 792 4597 et
813 4531 981 4597 orationes
1005 4531 1163 4596 cantabit.

522 4638 573 4702 46.
599 4639 691 4708 Post·
706 4640 876 4706 orationes
901 4639 1083 4706 celebrans
1099 4658 1172 4705 cum
1190 4639 1353 4707 Ministris
1370 4637 1525 4705 redibunt
1542 4636 1578 4703 in
1594 4657 1664 4706 me-
