4175 5717
528 690 550 752 6
986 701 1053 754 116,
1076 705 1098 752 1.

451 872 456 884 .
530 815 580 880 17.
596 813 711 889 Quum
735 832 816 878 vero
838 813 968 878 feretur
990 813 1124 880 neoto
1148 810 1379 886 caeremonia,
1410 807 1647 875 thuriferarius

438 922 615 989 sustinebit
636 921 843 986 thuribulum
866 927 944 985 ante
960 928 1076 1007 pectus
1091 940 1190 985 manu
1203 920 1338 985 sinistra
1353 920 1520 1003 stringens
1538 925 1649 985 extre·

438 1034 588 1099 mitatem
606 1029 839 1097 catenularum
854 1049 938 1113 quae
954 1030 1015 1095 sub
1031 1029 1151 1116 capulo
1167 1035 1255 1106 sunt,
1271 1027 1348 1093 dum
1363 1026 1649 1093 intercedentem

438 1140 564 1227 pectori
586 1138 720 1205 admota
742 1138 931 1216 naviculam
955 1137 1139 1203 sustinebit.
1240 1173 1243 1179 ·

438 1311 442 1318 .
528 1245 735 1331 1111631116
756 1245 924 1331 generalis
947 1250 1008 1321 est,
1033 1250 1072 1309 ut
1093 1244 1225 1310 feratur
1247 1242 1455 1308 thuribulum
1477 1244 1516 1309 io
1534 1261 1649 1309 caerc-

439 1355 566 1430 mom'c‚
590 1374 690 1437 quum
713 1355 748 1418 in
771 1374 810 1419 eo
832 1354 974 1439 positum
997 1354 1051 1418 sit.
1070 1354 1251 1427 incensum,
1283 1355 1317 1415 et
1346 1349 1477 1415 feratur
1505 1370 1580 1416 ooo
1608 1351 1648 1416 io

439 1462 660 1529 caeremonia
682 1459 812 1545 quando
835 1455 980 1526 nondum
1010 1461 1175 1544 ingestum
1204 1463 1256 1524 est
1284 1458 1466 1533 incensum,
1498 1477 1518 1521 a
1548 1457 1647 1523 Gele-

438 1570 555 1635 brante
577 1567 846 1634 benedicendum.
919 1623 921 1628 ,

528 1675 577 1741 19.
603 1675 853 1742 Thuriierarius
876 1695 976 1759 quum
1000 1674 1191 1740 celebranti
1214 1672 1423 1738 thuribulum
1454 1668 1579 1748 offeret,
1610 1678 1648 1735 ut

437 1786 471 1849 in
494 1803 532 1849 eo
556 1783 634 1849 titus
658 1784 798 1867 1136161,
822 1782 966 1847 Diacono
989 1787 1049 1848 611
1079 1781 1368 1847 caeremoniarum
1402 1780 1559 1863 16316116
1585 1798 1649 1843 16-

437 1890 581 1957 viculam
605 1888 725 1955 tradet.
749 1890 857 1974 1113116
880 1893 990 1955 autem
1015 1888 1199 1956 auriculari
1221 1906 1337 1952 manus
1360 1884 1519 1952 dexterae
1535 1904 1648 1970 appre-

437 1996 561 2062 hendat
582 1995 743 2060 annulum
766 1996 942 2062 catenulae
965 2016 1050 2080 quae
1074 1996 1139 2061 sita
1154 1997 1189 2060 in
1205 1993 1310 2060 medio
1326 2000 1387 2069 est,
1404 2000 1438 2058 et
1450 1992 1647 2079 operculum

435 2102 598 2168 thuribuli
622 2101 693 2167 fere
717 2123 820 2187 usque
843 2102 884 2168 ad
901 2105 1122 2168 summitatem
1138 2102 1370 2168 catenularum
1387 2100 1558 2166 sustollat:
1577 2107 1646 2165 tum

436 2210 542 2275 tribus
565 2209 676 2293 digitis
699 2210 831 2295 pollice,
856 2209 963 2277 indice
987 2216 1021 2275 61
1050 2209 1156 2276 medio
1187 2208 1332 2294 ejusdem
1361 2226 1478 2272 manus
1508 2208 1648 2292 accipiat

436 2336 537 2401 supra
560 2314 767 2381 medietatem
791 2323 861 2382 tres
885 2318 1069 2395 catenulas,
1094 2317 1211 2402 quibus
1227 2314 1436 2382 thuribulum
1451 2316 1646 2390 sustinetur,

434 2428 470 2487 et
491 2421 660 2508 applicans
684 2424 851 2490 sinistram
873 2427 1006 2511 proprio
1034 2427 1171 2511 pectori,
1206 2423 1346 2489 dextera
1375 2425 1525 2508 porrigat
1556 2421 1650 2487 Cele-

434 2528 545 2594 branti
568 2529 776 2597 thuribulum
800 2532 871 2597 fere
894 2531 935 2597 ad
958 2531 1169 2598 altitudinem
1193 2551 1309 2595 manus
1328 2531 1409 2606 eius,
1426 2536 1465 2595 ut
1479 2528 1648 2595 commode

433 2638 536 2722 possit
559 2637 592 2702 in
616 2656 655 2702 eo
678 2638 756 2704 thus
782 2639 947 2724 11361616.
979 2639 1159 2724 Postquam
1191 2636 1371 2702 Celebraus
1398 2637 1476 2702 thus
1506 2638 1540 2701 in
1571 2638 1647 2721 1316

433 2743 627 2827 imposuerit
649 2750 682 2809 et
705 2744 923 2821 benedixerit,
947 2739 1186 2811 thuriferarius
1218 2743 1353 2810 recedat
1382 2764 1512 2830 passum
1545 2764 1646 2808 unum

432 2856 468 2914 et
490 2850 682 2934 relinquens
704 2851 867 2918 annulum
890 2853 1067 2918 catenulae
1091 2851 1217 2918 mediae
1233 2872 1329 2936 quem
1345 2850 1447 2936 digito
1463 2851 1647 2917 auriculari

432 2956 591 3024 dexterae
614 2960 807 3037 sustinebat,
821 2958 954 3058 ,efficiat
977 2967 1015 3026 ut
1039 2960 1232 3046 operculum
1256 2958 1386 3025 decidat
1410 2978 1509 3044 super
1541 2960 1648 3024 thuri·

433 3064 547 3129 bulum
571 3065 655 3148 quod
681 3069 793 3132 statim
817 3068 961 3133 Diacono
984 3075 1044 3133 aut
1068 3067 1332 3133 Caeremouia1·io
1354 3066 1465 3131 tradet
1498 3073 1532 3129 et
1559 3067 1649 3130 navi·

432 3171 541 3235 611611
565 3172 605 3236 61
630 3193 669 3237 66
691 3194 790 3240 manu
814 3174 956 3240 dextera
979 3176 1126 3260 recipiat.

522 3279 576 3344 20.
590 3265 859 3347 Thurificationis
872 3290 967 3348 actus
982 3285 1016 3348 in
1028 3284 1204 3365 duplicem
1219 3280 1378 3347 dividitur
1394 3289 1429 3347 et
1442 3283 1645 3364 simplicata,

433 3386 612 3451 secundum
628 3408 845 3474 personarum
862 3396 896 3455 61
912 3391 1121 3456 1116116111
1138 3386 1365 3464 differentiam,
1379 3390 1475 3454 sicuti
1496 3409 1556 3454 suo
1572 3390 1647 3454 loco

430 3492 629 3561 docebimus.
654 3496 786 3582 Duplex
808 3496 1065 3564 thurificationis
1088 3503 1192 3573 actus,
1211 3496 1266 3561 vel
1283 3504 1321 3562 ut
1336 3498 1437 3574 aiunt,
1457 3497 1576 3563 ductus
1593 3518 1647 3584 pe·

431 3607 571 3686 1636111
593 3604 737 3672 tenendo
759 3624 859 3671 manu
883 3606 1018 3672 sinistra
1041 3606 1168 3691 pectori
1191 3604 1323 3670 admota
1337 3604 1521 3670 districtam
1537 3612 1648 3671 extre·

432 3710 580 3774 mitatem
603 3712 834 3778 catenularum
858 3733 959 3800 prope
983 3712 1149 3797 capulum,
1173 3713 1227 3777 'cui
1242 3733 1405 3798 appensae
1425 3721 1512 3790 sunt,
1529 3734 1568 3779 ac
1583 3717 1648 3781 tri-

433 3813 493 3881 bus
516 3815 636 3901 digitis,
659 3818 781 3903 pollice
805 3840 931 3905 nempe,
956 3819 1063 3885 indice
1087 3827 1122 3885 et
1144 3820 1251 3884 medio
1274 3820 1434 3886 dexterae
1457 3841 1573 3886 manus
1596 3841 1649 3886 ca·

432 3924 565 3990 tenulas
589 3925 779 4012 16116136
803 3928 843 3993 61
872 3929 940 4014 ipso
975 3927 1158 4003 thuribulo,
1190 3928 1275 4012 quod
1307 3929 1350 3992 sit
1379 3933 1455 4012 apte
1485 3929 1646 3993 clausum.

432 4028 580 4097 Dextera
602 4052 721 4117 regens
736 4035 946 4101 thuribulum
962 4036 1027 4101 erit
1037 4034 1199 4100 inclinata
1215 4055 1316 4121 prope
1332 4035 1441 4099 femur
1459 4034 1645 4100 dexterum:

432 4136 549 4205 deinde
572 4139 759 4206 elevabitur
781 4143 991 4209 thuribulum
1015 4144 1129 4227 ipsum,
1161 4141 1347 4208 vibrabitur
1377 4161 1416 4205 ac
1443 4141 1648 4227 deprimetur

431 4247 510 4326 quin
535 4267 678 4331 uuquam
701 4249 920 4333 relinquatur.
947 4250 1144 4315 Elevabitur
1171 4250 1328 4316 videlicet
1358 4269 1462 4332 usque
1491 4258 1570 4316 ante
1601 4251 1649 4316 fa·

430 4487 476 4546 lib.
496 4492 515 4547 l.
536 4510 599 4567 cap.
621 4498 749 4554 ll.num.
768 4502 792 4554 7.
813 4498 841 4554 in
860 4500 944 4572 praxi
966 4499 1072 4557 evadat
1091 4499 1223 4565 difficilis,
1253 4499 1346 4556 visum
1376 4498 1459 4555 nobis
1488 4507 1531 4556 cst
1561 4518 1646 4556 usum

430 4584 594 4649 generatim
614 4595 765 4659 receptum
785 4590 930 4662 persequi.
