4175 5717
969 734 1036 781 ΜΒ.
1061 735 1096 781 11.

674 947 726 1005 DE
747 947 1017 1006 EXPOSlTlONE
1035 948 1087 1006 AC
1107 946 1404 1006 BENEDICTIONE

867 1057 921 1114 SS.
940 1055 1201 1114 SACRAMENTI

921 1345 1066 1412 CAPUT
1090 1345 1148 1410 XI.

432 1580 459 1644 l.
483 1499 702 1666 Expositio
727 1578 784 1645 SS.
809 1578 1017 1646 sacramenti
1039 1599 1060 1644 a
1090 1577 1233 1645 rubricis
1263 1579 1467 1666 praecipitur
1497 1579 1532 1644 in
1564 1577 1657 1644 festo

429 1687 520 1753 etin
544 1692 663 1752 octava
687 1686 842 1772 Corporis
866 1687 1006 1751 Domini.

516 1795 548 1860 2.
573 1793 658 1860 Aliis
683 1793 886 1879 temporibus
910 1813 1011 1879 penes
1035 1793 1235 1880 Episcopum
1267 1793 1472 1859 ordinarium
1503 1799 1557 1860 est
1588 1791 1660 1860 edi·

429 1923 508 1968 cere
531 1902 630 1968 huius
653 1902 739 1965 ritus
763 1903 1038 1984 exsequutionem
1063 1895 1104 1966 et
1125 1907 1323 1986 potestatem
1355 1901 1468 1967 facere
1498 1900 1658 1966 ecclesiis

430 2011 530 2076 etiam
554 2007 773 2094 privilegiatis
797 2014 831 2073 et
854 2010 926 2074 eius
942 2007 1172 2074 iurisdictione
1188 2009 1359 2094 exemptis:
1377 2008 1576 2095 prudentiae
1589 2009 1660 2074 ita-

431 2138 494 2202 que
518 2117 611 2182 illius
635 2122 687 2181 est
710 2115 839 2181 obuiam
863 2118 912 2181 ire
935 2116 1150 2182 abusionibus
1174 2125 1208 2182 et
1231 2115 1453 2194 incommodis,
1478 2135 1564 2201 quae
1578 2115 1660 2183 inde

430 2244 566 2291 manare
590 2229 736 2310 possent,
760 2225 788 2289 si
812 2225 884 2309 pius
908 2223 963 2288 hic
986 2231 1021 2290 et
1043 2223 1314 2290 commendabilis
1338 2245 1418 2290 usus
1442 2224 1660 2310 frequentius

431 2355 529 2420 quam
552 2353 613 2420 par
636 2339 687 2398 est
710 2339 769 2399 aut
791 2335 901 2400 rarius
925 2342 1155 2420 perageretur.

520 2442 551 2506 3.
576 2441 695 2506 Altare
720 2442 754 2505 in
777 2461 842 2525 quo
860 2441 1113 2509 Sacramentum
1129 2447 1330 2528 exponetur,
1348 2443 1414 2508 erit
1428 2443 1661 2530 praecipuum

431 2553 464 2616 in
489 2549 639 2615 ecclesiis
663 2547 911 2615 cathedralibus
927 2556 961 2616 et
977 2550 1164 2635 collegiatis
1181 2549 1371 2616 servabitur
1388 2571 1467 2616 usus
1488 2569 1666 2636 exequen-

432 2659 493 2725 dae
517 2657 732 2742 expositionis
756 2657 792 2721 in
814 2656 924 2722 Altari
948 2657 1096 2733 laterali,
1121 2659 1270 2743 exceptis
1285 2657 1373 2722 sesto
1388 2663 1424 2723 et
1439 2663 1563 2724 octava
1581 2659 1665 2726 Ocr-

433 2749 523 2853 poris
547 2765 688 2840 Domini,
712 2769 747 2831 et
768 2763 881 2848 aliquo
904 2764 1017 2830 triduo
1039 2771 1099 2830 aut
1121 2765 1373 2830 circumstantia
1396 2764 1549 2830 solemni.

520 2873 551 2938 4.
576 2874 614 2938 ln
636 2873 711 2938 aliis
734 2873 834 2937 etiam
858 2872 1010 2938 ecclesiis
1034 2872 1149 2939 licebit
1172 2891 1340 2958 exponere
1363 2873 1397 2938 in
1421 2871 1535 2938 Alteri
1568 2873 1665 2942 late-

433 2980 510 3054 rali,
534 2979 591 3045 sed
616 2999 752 3046 necesse
776 2985 828 3044 est
850 2963 988 3044 servare
1019 2978 1214 3055 decentiam,
1239 2986 1273 3045 et
1304 2998 1425 3044 cavere
1456 2977 1488 3044 id
1518 2981 1665 3064 potissi·

434 3111 523 3154 mum
547 3108 589 3154 ne
612 3108 631 3152 e
653 3088 787 3173 publica
810 3087 865 3152 via
888 3093 923 3152 et
945 3085 1095 3152 domibus
1118 3086 1243 3172 templo
1259 3087 1418 3172 proximis
1430 3087 1665 3172 prospiciatur

434 3197 491 3262 SS.
517 3197 780 3262 Sacramentum.

815 3409 911 3482 Quae
932 3410 1003 3477 siat
1021 3411 1282 3492 praeparando

523 3626 554 3690 5.
580 3627 616 3690 ln
640 3625 751 3691 Alteri
781 3626 851 3690 sive
882 3645 983 3710 supra
1012 3624 1119 3710 gradu
1150 3624 1438 3704 candelabrorum,
1470 3645 1514 3692 ne
1545 3633 1666 3696 tamen

436 3734 563 3798 Altaris
588 3753 734 3798 mensam
759 3731 923 3818 impediat,
948 3738 1117 3798 statuetur
1139 3733 1283 3798 thronus
1315 3735 1437 3818 inquo
1467 3741 1667 3820 exponetur

436 3841 493 3907 SS.
520 3841 781 3906 Sacramentum.
807 3840 963 3906 Thronus
986 3858 1046 3905 seu
1069 3838 1304 3905 baldachinum
1322 3841 1387 3906 erit
1402 3859 1446 3905 ex
1464 3839 1578 3906 Alteri
1594 3841 1668 3908 ela·

434 3954 506 4014 tum
531 3946 643 4030 aliqua
666 3946 735 4011 basi
759 3966 819 4012 seu
841 3945 953 4012 fulcro
977 3947 1101 4012 altiori:
1126 3947 1301 4012 curabitur
1323 3953 1435 4014 autem
1459 3953 1497 4014 ut
1512 3946 1666 4016 altitudo

436 4056 550 4121 throni
574 4071 640 4119 non
665 4073 705 4118 ea
728 4055 780 4129 sit,
806 4059 843 4118 ut
867 4073 966 4139 super
989 4074 1137 4121 mensam
1161 4054 1290 4119 Altaria
1313 4053 1498 4122 ascendere
1517 4061 1667 4141 cogatur

437 4160 609 4234 Sacerdos,
634 4162 688 4242 qui
714 4159 945 4225 Ostensorium
971 4163 1002 4224 in
1027 4161 1141 4227 eodem
1166 4162 1288 4228 throno
1313 4162 1545 4229 collocaturus
1561 4164 1618 4230 sit.

525 4271 556 4334 o.
582 4266 776 4332 Huiusmodi
800 4268 943 4332 thronus
960 4270 1025 4332 erit
1041 4269 1200 4334 decenter
1216 4277 1355 4334 ornatus
1373 4270 1556 4337 caelaturis
1568 4271 1666 4338 inau-

436 4378 517 4440 ratis
543 4383 576 4441 et
600 4380 741 4460 argento
759 4357 926 4451 'obductis
952 4376 1082 4459 critque
1098 4377 1196 4440 etiam
1213 4377 1281 4442 albi
1294 4378 1427 4442 coloris:
1445 4377 1665 4461 quamobrem

438 4484 546 4546 minus
571 4484 733 4568 probatur
757 4503 837 4547 usus
862 4483 895 4546 in
920 4482 1113 4565 quibusdam
1139 4483 1290 4549 ecclesiis
1314 4492 1479 4570 receptus,
1504 4483 1667 4572 affigendi

439 4607 582 4669 pannum
607 4592 750 4655 sericum
775 4589 866 4653 rubri
890 4589 1013 4654 coloris
1046 4592 1079 4654 in
1111 4609 1194 4655 cavo
1225 4593 1327 4678 ipsius
1358 4592 1483 4670 throni,
1516 4601 1554 4659 ut
1585 4595 1664 4662 inde
