4175 5717
526 763 587 828 138
979 781 1046 828 ure.
1072 780 1119 828 ιν.

519 888 573 953 26.
600 888 751 954 Clericus
776 888 887 954 tradet
911 889 1065 955 Perocho
1094 893 1220 954 vestem
1252 887 1436 966 candidam,
1468 909 1569 974 quam
1597 907 1661 956 ex·

431 995 598 1079 plicatam,
623 996 770 1080 imponet
792 996 892 1080 capiti
916 995 1085 1082 baptizati,
1110 995 1223 1060 dicens
1248 994 1378 1078 Accipe
1400 995 1662 1063 vesterncaadi-

433 1103 516 1167 dam
539 1108 603 1167 eto.
632 1107 748 1186 postea
778 1101 870 1166 dabit
900 1103 929 1166 ei
962 1101 1136 1166 candelam
1167 1120 1352 1178 accensam
1383 1121 1451 1186 qua
1480 1109 1662 1189 acceptae

433 1208 621 1294 dompetra,
646 1207 734 1274 dicet
750 1207 879 1290 Accipe
896 1210 1094 1291 lampadem
1111 1213 1174 1274 etc.
1192 1209 1341 1292 Denique
1358 1207 1448 1276 dicet
1464 1210 1494 1274 ei
1512 1209 1558 1276 N.
1574 1209 1663 1276 cade
1705 1229 1708 1234 ·

430 1317 468 1381 ia
488 1333 578 1398 pace
600 1323 664 1380 etc.
688 1321 723 1380 et
748 1314 924 1399 compater
949 1314 1164 1402 respondebit
1188 1315 1311 1382 Amen.

519 1422 572 1487 27.
598 1421 761 1494 Discedet,
775 1427 945 1508 compater
968 1443 1042 1488 cum
1068 1421 1234 1506 baptizato
1262 1428 1296 1488 et
1325 1423 1504 1490 Parocbus
1529 1421 1663 1488 dimissa

431 1529 520 1592 ¹stola
542 1528 628 1600 alba,
653 1528 780 1594 lavabit
805 1548 922 1594 manus
945 1537 1044 1594 utens
1069 1528 1219 1596 medulla
1241 1531 1337 1616 panis
1360 1529 1402 1596 ed
1418 1528 1663 1616 abstergendos

430 1635 561 1720 digitos.

517 1743 571 1808 28.
585 1742 739 1809 Clericus
751 1764 870 1828 aquam
882 1743 1087 1829 praedictam
1103 1741 1252 1810 effundet
1263 1744 1296 1808 iu
1309 1745 1510 1822 sacrarium,
1523 1741 1663 1810 claudet

429 1851 555 1914 iontem
580 1856 614 1915 et
637 1851 747 1915 omnia
770 1871 831 1916 suo
855 1852 930 1916 loco
956 1855 1096 1936 reponet
1120 1850 1178 1936 (α).

678 2279 730 2336 DE
750 2279 845 2336 Rl'l'U
865 2279 1090 2336 SUPPLENDI
1116 2237 1405 2337 caerimonias

821 2387 863 2444 IN
882 2386 1088 2444 BAPTISMO
1103 2386 1261 2444 ADULTl.

929 2692 1074 2759 CAPUT
1099 2693 1158 2759 VI.

804 2910 855 2974 De
878 2909 986 2975 rebus
1005 2907 1285 2991 praeparandis.

435 3143 462 3205 l.
489 3065 548 3216 Iu
573 3143 728 3207 sacristia
751 3141 1007 3228 praeparabitur
1030 3140 1179 3227 pluviale
1204 3140 1389 3206 violaceum
1413 3159 1490 3206 cum
1515 3141 1610 3208 stola
1625 3143 1667 3206 si·
1709 3113 1711 3122 Ι

432 3249 502 3313 mili
526 3255 560 3314 et
583 3249 827 3334 superpellicea
850 3268 910 3333 pro
935 3248 1079 3313 clericis.

519 3355 550 3420 2.
576 3355 780 3441 Aperiantur
797 3353 941 3420 caucelli
956 3354 1143 3438 baptisterii
1160 3360 1194 3419 et
1208 3373 1312 3440 prope
1329 3353 1455 3420 fontem
1475 3351 1666 3441 baptisma-

432 3463 498 3526 lem
522 3467 693 3528 statuetur
715 3461 837 3526 abacus
861 3467 1039 3546 coopertus
1063 3461 1140 3526 alba
1164 3460 1307 3536 tobalea,
1332 3462 1365 3526 iu
1381 3479 1447 3544 quo
1463 3459 1667 3548 disponetur

432 3569 580 3653 pluviale
603 3568 670 3633 albi
695 3567 818 3634 coloris
842 3588 918 3633 cum
941 3567 1029 3632 stola
1053 3567 1163 3644 simili,
1189 3567 1328 3633 vascula
1352 3565 1427 3634 Olei
1451 3569 1565 3634 sancti
1598 3569 1667 3636 θι-

429 3674 707 3740 techumeuorum
731 3682 766 3739 ei.
781 3674 814 3740 S.
833 3674 1030 3741 chrismatis
1047 3675 1081 3738 iu
1099 3673 1196 3739 lance
1213 3679 1385 3759 argentea,
1407 3673 1664 3758 aliquantulum

430 3784 575 3867 gossipii,
600 3801 723 3848 urceus
747 3803 822 3848 cum
846 3783 948 3869 pelvi,
972 3782 1110 3848 mantile
1133 3781 1174 3846 ad
1199 3780 1423 3867 extergendas
1447 3800 1569 3848 manus
1594 3783 1667 3850 Pa·

305 3917 313 3934 ·
431 3888 532 3964 rochi,
558 3889 749 3974 paullulum
773 3888 943 3956 medullae
967 3890 1070 3976 panis,
1095 3890 1198 3955 vestis
1223 3887 1364 3954 candida
1386 3893 1421 3954 et
1445 3887 1602 3956 candela.

518 3997 549 4060 3.
563 3996 674 4062 Alteri
691 3999 809 4063 maiori
824 4003 1011 4085 apponetur
1026 3997 1167 4084 pallium
1183 3995 1370 4062 violaceum
1386 3999 1421 4061 et
1436 4015 1540 4082 super
1556 3997 1667 4066 abaco

431 4103 605 4170 vasculum
630 4105 710 4170 salis
733 4112 768 4171 et
790 4105 1054 4191 purificatorium
1085 4126 1143 4172 seu
1179 4102 1325 4172 mantile.
1351 4101 1502 4180 Rituale,
1528 4109 1565 4169 et
1601 4125 1667 4172 no-

430 4215 518 4276 mina
541 4213 697 4298 baptizati
723 4211 848 4298 scripta
871 4215 903 4274 in
928 4212 1072 4293 pagella.

502 4465 544 4532 (a)
573 4461 673 4520 Ritum
701 4457 855 4536 supplendi
879 4457 1086 4516 caeremonias
1113 4458 1246 4534 pluribus
1275 4459 1433 4522 infantibus
1461 4459 1665 4524 omittendum

432 4568 598 4617 «nossemus,
618 4569 654 4607 eo
673 4551 751 4625 quod
769 4549 854 4606 facilc
874 4547 988 4604 dcsumi
1008 4556 1107 4620 potest
1125 4567 1161 4604 cx
1184 4567 1248 4626 cap.
1269 4555 1303 4611 ll.
1323 4554 1409 4610 huius
1429 4552 1504 4611 libri.
1525 4555 1577 4612 ubl
1603 4557 1669 4628 agi·

431 4639 533 4694 turdo
555 4641 699 4710 baptismo
718 4638 849 4714 pluribus
870 4627 1027 4690 infantibus
1047 4635 1288 4697 administrando.
