4175 5717
533 739 594 810 140
989 765 1054 813 nra.
1082 764 1115 814 ιι.

522 874 552 938 5.
580 873 615 937 in
650 873 815 938 Matutino
847 873 1039 938 servabitur
1069 875 1155 940 ritus
1191 874 1369 961 peculiaris
1404 875 1546 942 huiusce
1580 871 1660 950 diei,

434 1001 550 1066 nempe
574 982 752 1066 incipietur
767 982 839 1046 sine
856 981 1002 1048 Domine
1019 981 1111 1047 todia
1127 1001 1204 1048 mec
1221 988 1284 1048 etc.
1302 984 1373 1048 sine
1389 983 1486 1050 Deus
1502 983 1541 1050 in
1556 981 1664 1049 odiu·

435 1090 574 1164 lorium,
598 1090 671 1153 sine
694 1090 886 1153 invitatorio
910 1095 944 1153 et
967 1089 1102 1174 hymno.
1128 1089 1164 1153 In
1190 1091 1291 1154 tertio
1315 1096 1481 1156 nocturno
1504 1089 1546 1154 ad
1570 1089 1663 1176 psal·

434 1217 523 1262 mum
554 1196 671 1262 Venite
694 1197 904 1271 occultemus,
929 1197 1033 1260 omnis
1059 1195 1178 1261 Glerus
1202 1196 1303 1261 stabit
1326 1198 1434 1282 capite
1458 1195 1598 1262 nudato.

521 1305 552 1370 6.
577 1304 682 1369 Ambo
706 1323 765 1369 seu
789 1323 928 1388 parvum
953 1303 1116 1389 pulpitum
1149 1305 1181 1368 in
1214 1303 1374 1369 Ecclesiis
1404 1302 1661 1370 cathedralibus

433 1412 686 1498 praeparabitur
709 1413 743 1475 in
768 1411 975 1497 presbyterio
1009 1430 1111 1496 prope
1142 1411 1362 1476 balaustrium
1393 1431 1452 1476 seu
1483 1410 1661 1477 cancellos

432 1541 484 1584 ex.
500 1520 606 1585 latere
632 1518 817 1602 Evangelii,
842 1525 877 1583 et
900 1523 1100 1602 contegetur
1124 1525 1223 1602 atquc
1240 1519 1460 1584 exornabitur
1476 1537 1589 1604 panno
1611 1539 1663 1584 se·

431 1630 511 1703 rico,
536 1645 701 1711 superque
725 1624 809 1690 illud
834 1630 977 1710 ponetur
1000 1625 1164 1710 pulvillus
1187 1626 1284 1691 albus
1300 1645 1376 1692 cum
1394 1623 1585 1692 Pontificali
1608 1645 1663 1692 ro-

433 1754 529 1799 mano
554 1738 637 1818 part.
663 1732 718 1807 ΙΙΙ,
743 1738 859 1818 aperto
882 1731 923 1796 ad
947 1732 1159 1817 signaculum
1194 1732 1455 1818 publicationum
1490 1733 1662 1799 festorum

432 1841 611 1906 mobilium.
637 1838 752 1905 Eidem
777 1837 965 1903 Pontificali
997 1840 1031 1903 in
1062 1839 1268 1905 commodum
1304 1842 1452 1906 cantoris
1483 1841 1662 1906 inseretur

432 1957 510 2024 nota
534 1969 633 2012 manu
658 1949 782 2033 scripta
804 1967 843 2012 ac
866 1946 970 2011 latine
994 1946 1123 2012 dierum
1147 1948 1265 2032 quibus
1289 1947 1460 2033 praedicta
1487 1948 1578 2014 festa
1607 1967 1663 2014 ce·

431 2057 617 2130 lebrantur‚
642 2043 787 2140 exempli
810 2054 918 2138 gratia
941 2079 959 2112 »
984 2053 1043 2118 Die
1061 2056 1220 2138 vigesima
1235 2055 1410 2120 Februarii
1431 2055 1609 2120 [lominica
1625 2056 1661 2121 in

431 2164 680 2248 Septuagesima
705 2187 723 2222 v
747 2160 824 2226 Dies
848 2161 1005 2227 (linerum
1029 2161 1082 2226 dic
1106 2180 1194 2225 nona
1219 2161 1374 2228 Martii»
1400 2163 1458 2228 Die
1492 2151 1663 2248 vigesima

431 2275 551 2355 quarta
575 2270 709 2354 Aprilis,
735 2267 865 2333 Pascha
888 2268 1158 2334 Resurrectionis
1185 2293 1203 2328 s
1227 2269 1286 2334 Die
1302 2271 1408 2355 prima
1424 2269 1513 2335 Junii
1529 2269 1665 2336 Ascen-

431 2380 479 2442 sio
504 2378 633 2442 Domini
656 2402 674 2435 »
699 2377 836 2441 Festum
860 2376 1077 2441 Pentecostes
1094 2375 1147 2441 die
1163 2376 1357 2442 duodecima
1374 2377 1463 2442 Junii
1478 2401 1497 2436 »
1516 2375 1664 2444 Festum

430 2486 628 2551 sanctissimi
654 2484 809 2569 Corporis
835 2483 959 2548 Christi
982 2482 1036 2548 die
1061 2485 1220 2568 vigesima
1243 2485 1345 2550 tertia
1368 2483 1456 2549 Junii
1483 2507 1501 2544 α
1524 2483 1590 2550 Die
1613 2485 1665 2550 vi-

429 2595 554 2678 gesima
577 2592 717 2676 septima
741 2588 935 2655 Novembris
959 2591 1025 2654 erit
1049 2589 1220 2656 Dominica
1242 2592 1349 2676 prima
1372 2590 1547 2656 Adventus
1574 2615 1593 2650 »
1621 2597 1664 2658 ut

429 2707 548 2765 cantor
570 2697 761 2763 adiumento
785 2703 884 2763 notae
908 2697 1000 2761 illius
1024 2697 1129 2782 possit
1150 2695 1220 2762 dies
1243 2697 1358 2763 festos·
1371 2697 1561 2784 praedictos
1578 2697 1664 2764 dili-

431 2813 551 2891 genter
574 2808 745 2871 nunciare.

518 2917 549 2982 7.
574 2915 611 2978 ln
635 2913 784 2978 sacrario
808 2918 942 2998 praeter
965 2918 1160 2997 paramenta
1184 2933 1243 2996 pro
1269 2913 1369 2978 Missa
1384 2913 1535 2991 solemni,
1560 2933 1664 3000 prae·

430 3024 602 3109 parabitur
625 3023 725 3087 etiam
749 3019 897 3104 pluviale
920 3019 987 3084 albi
1011 3020 1134 3084 coloris
1158 3039 1218 3104 pro
1240 3027 1389 3096 cantore,
1408 3021 1463 3105 qui
1479 3021 1570 3086 festa
1592 3041 1665 3088 mo-

431 3130 511 3194 bilia
534 3128 765 3215 publicaturus
789 3128 843 3190 sit..

519 3237 549 3298 8.
575 3236 675 3299 Missa
698 3234 855 3299 solemnis
887 3233 1113 3312 celebrabitur
1144 3235 1211 3299 ritu
1242 3236 1450 3320 praestituto,
1486 3239 1521 3300 et
1552 3255 1663 3321 quum

431 3345 621 3409 cantabitur
644 3342 865 3428 Evangelium
889 3342 930 3406 ad
954 3341 1014 3405 illa
1038 3342 1150 3407 verba.
1174 3341 1220 3409 Et
1238 3343 1462 3425 procidentes
1485 3343 1664 3414 adorave-

429 3459 516 3519 runt
533 3472 622 3526 eum,
641 3470 754 3514 omnes
770 3446 998 3534 genuflectent
1014 3469 1132 3514 versus
1148 3449 1330 3516 Diaconum
1346 3457 1520 3516 canentem
1546 3451 1663 3520 Evan-

429 3560 564 3644 gelium,
590 3558 755 3624 stantibus
779 3563 908 3622 tantum
931 3555 1110 3642 Acolythis
1145 3556 1347 3622 candelabra
1377 3557 1590 3643 gestantibus
1624 3569 1664 3628 et

431 3664 639 3731 Snbdiacono
662 3660 850 3730 sustinente
873 3663 1007 3728 librum.

517 3772 549 3837 9.
573 3772 655 3837 Post
678 3776 846 3836 cantatam
870 3769 1064 3855 Epistulam,
1090 3776 1210 3837 cantor
1231 3771 1405 3857 delegatus
1433 3771 1661 3858 publicationi

429 3882 592 3948 festorum
617 3876 797 3954 mobilium,
821 3877 876 3961 qui
901 3884 1012 3942 umen
1037 3877 1203 3963 oportebit
1237 3885 1275 3943 ut
1306 3877 1420 3945 ordine
1452 3879 1662 3950 Diaconatus

431 3988 632 4054 constitutus
657 3986 709 4061 sit,
734 3985 767 4048 in
803 3985 987 4049 sacrarium
1018 3985 1078 4049 ibit
1107 4005 1147 4051 ac
1179 4006 1281 4071 supra
1311 3985 1568 4073 superpelliceo,
1599 3991 1661 4058 vel

430 4117 532 4182 supra
555 4094 704 4169 rocheto,
728 4093 757 4157 si
781 4093 829 4158 uti
853 4092 978 4168 licebit,
1003 4093 1119 4159 induet
1149 4094 1208 4160 sibi
1239 4093 1389 4180 pluviale
1419 4095 1488 4162 albi
1517 4097 1661 4184 coloris,

431 4205 618 4286 iunctisque
642 4198 791 4264 manibus
816 4204 850 4264 et
873 4201 980 4284 capite
1004 4200 1111 4265 bireto
1135 4207 1302 4286 cooperto,
1321 4203 1558 4268 comitantibus
1574 4203 1661 4271 duo-

431 4311 491 4375 bus
515 4310 657 4385 clericis,
682 4306 715 4372 in
740 4306 878 4372 chorum
904 4305 1023 4371 redibit
1047 4308 1161 4393 paullo
1185 4315 1263 4373 ante
1286 4329 1383 4393 quam
1407 4315 1527 4377 cantus
1545 4311 1660 4378 Evan-

431 4417 510 4501 gelii
535 4419 725 4503 incipiatur.

522 4525 572 4589 10.
597 4523 850 4609 Presbyterium
874 4523 1055 4607 ingressus,
1079 4521 1283 4609 genuflectet
1304 4525 1345 4590 ad
1371 4526 1493 4593 Altare
1524 4526 1594 4615 (vel
1627 4533 1658 4596 si

431 4627 536 4694 fuerit
558 4631 743 4697 canonicus
767 4635 802 4695 et
817 4633 851 4694 in
868 4650 928 4695 sua
945 4630 1097 4696 Ecclesia
1113 4634 1336 4698 reverentiam
1353 4633 1468 4722 faciet)
1491 4635 1657 4704 salutabit
