4175 5717
515 736 582 802 212
977 751 1042 797 urs.
1070 751 1090 796 1.

514 861 589 927 256.
613 859 800 926 'l'lruribulo
823 857 953 924 reddito
976 859 1206 937 thuriferario,
1231 859 1331 926 vadet
1353 858 1395 925 ad
1421 858 1572 936 abacum,
1597 857 1654 924 ubi

428 969 632 1054 manipulum
655 966 807 1052 deponet.
1632 1007 1634 1014 -

515 1076 591 1140 257.
616 1071 657 1138 Se
680 1072 840 1157 adiunget
862 1071 1055 1138 celebranti
1079 1071 1304 1150 dextrorsum,
1329 1078 1364 1138 et
1386 1073 1477 1140 facta
1504 1071 1547 1138 ad
1571 1069 1642 1140 cru

429 1203 501 1250 cem
523 1178 764 1266 genuflexione,
788 1197 825 1244 se
847 1180 944 1244 sistet
965 1199 1041 1244 cum
1065 1199 1105 1245 eo
1128 1186 1206 1246 ante
1229 1200 1408 1268 pauperem
1431 1181 1586 1268 primum.

516 1289 592 1354 258
616 1288 794 1370 Postquam
818 1285 1002 1354 Celebrans
1025 1287 1141 1379 pedem
1164 1288 1288 1354 laverit
1303 1289 1469 1375 pauperis,
1486 1287 1656 1354 Diaconns
1682 1327 1686 1338 ·

432 1395 631 1461 ministrabit
653 1396 684 1459 ei
707 1396 963 1480 manutergium,
987 1415 1053 1479 quo
1076 1394 1192 1482 pedem
1216 1396 1309 1462 illius
1333 1397 1515 1482 absterget·
1542 1395 1659 1462 tradet

430 1506 544 1572 etiam,
559 1503 816 1587 eleemosynam,
847 1521 946 1586 quarn
976 1503 1044 1588 ipse
1081 1502 1263 1596 celebrans
1294 1499 1400 1570 eidem
1430 1505 1570 1591 pauperi
1600 1503 1660 1570 do-

431 1611 532 1677 nabit.
899 1605 903 1610 ’

518 1716 594 1782 259.
618 1717 690 1781 Hoc
711 1717 818 1800 ipsum
841 1715 995 1803 deinceps
1019 1718 1168 1783 servabit
1190 1737 1272 1804 erga
1301 1737 1464 1805 pauperes
1494 1717 1658 1802 reliquos.

519 1825 594 1890 260.
620 1823 801 1889 Ablutione
831 1823 921 1910 pedis
953 1817 1084 1890 dexteri
1115 1829 1277 1911 cuiusque
1296 1827 1462 1913 ¹pauperis
1489 1825 1658 1904 absoluta,

433 1932 644 1998 comitabitur
668 1929 900 1997 celebrantem
923 1931 965 1997 ad
988 1933 1137 2010 abacum,
1162 1934 1249 2022 apud
1272 1953 1369 2020 quem
1392 1936 1421 2000 is
1444 1934 1573 2002 lavabit
1591 1953 1660 2000 1116.-

433 2059 505 2105 nus.

520 2146 596 2211 261.
621 2144 672 2211 Ad
696 2143 815 2210 Altare
839 2165 914 2210 cum
938 2146 1139 2214 celebrante
1155 2147 1276 2215 redibit
1297 2148 1442 2214 alatere
1461 2147 1659 2226 ascendens,

434 2261 468 2319 et
491 2253 568 2318 dum
592 2259 758 2320 canentur
779 2271 898 2318 versus
922 2261 957 2319 et
979 2256 1097 2332 oratio,
1122 2275 1141 2320 a
1164 2255 1314 2323 dexteris
1337 2255 1548 2322 Celebrantis
1578 2273 1663 2322 con-

434 2365 540 2430 sistet.

467 2442 471 2449 Ι
522 2469 597 2536 262.
622 2470 704 2535 Fine
728 2457 818 2534 facto
834 2469 975 2534 canendi
990 2471 1186 2548 orationem,
1204 2470 1245 2536 de
1261 2468 1371 2539 Altarl
1389 2468 1581 2547 descendet.
1597 2487 1662 2556 ge-
1704 2481 1706 2486 '

436 2579 596 2647 nuilectet
617 2579 660 2646 ed
682 2580 834 2655 crucem,
858 2578 1000 2644 biretum
1023 2597 1100 2644 cum
1124 2579 1248 2645 osculis
1273 2581 1464 2646 Celebranti
1497 2580 1661 2665 porriget,

434 2709 531 2754 suum
554 2690 694 2776 accipiet
717 2693 751 2754 et
773 2687 942 2774 cooperiet
964 2693 1074 2773 caput,
1097 2687 1319 2773 incedensque
1342 2709 1362 2753 a
1385 2688 1535 2755 dexteris
1567 2685 1664 2755 cale·

436 2798 572 2868 brantis.
596 2798 651 2864 cui
673 2794 833 2863 fimbriam
857 2795 1014 2882 pluvialis
1046 2795 1234 2872 sustinebit,
1266 2796 1307 2863 ad
1337 2797 1522 2862 sacrarium
1548 2807 1665 2862 rever·

437 2911 538 2972 tetur.

524 3013 600 3079 263.
625 3013 698 3088 Quo
722 3031 823 3097 quum
846 3013 987 3088 venerit,
1012 3014 1204 3078 reverentia
1227 3011 1269 3078 ad
1293 3011 1433 3078 crucem
1450 3011 1504 3077 vel
1521 3009 1563 3076 ad
1584 3013 1666 3076 ima-

437 3125 546 3208 ginem
570 3121 769 3208 primariam,
794 3123 829 3185 et
850 3119 1068 3184 inclinatione
1091 3118 1132 3184 ad
1157 3119 1390 3185 Celebrantem
1405 3116 1533 3196 effecta,
1555 3119 1663 3186 sacris

437 3229 638 3295 indumentis
657 3233 812 3294 exuetur.
900 3307 902 3312 ,
1450 3233 1455 3244 '

736 3447 767 3528 ἓ.
795 3443 845 3509 12.
870 3443 978 3510 Faria
1008 3443 1064 3509 VI.
1088 3443 1133 3512 In
1156 3443 1363 3522 Parasceve.

1604 3605 1619 3642 0

528 3663 603 3730 264.
628 3663 778 3746 Aequum
802 3660 868 3726 erit
889 3659 976 3745 quod
1000 3659 1165 3726 Diaconus
1188 3661 1222 3724 in
1246 3660 1385 3725 huiusce
1401 3659 1464 3726 diei
1488 3659 1664 3726 functione

440 3774 641 3860 cogitatione
664 3770 825 3857 percipiat
846 3771 1004 3846 actiones,
1028 3789 1110 3853 quas
1134 3770 1198 3834 erit
1221 3773 1479 3852 exsequuturus.

528 3879 605 3947 265.
628 3877 719 3944 Hora
741 3877 941 3965 praestituta
964 3877 997 3940 in
1022 3877 1170 3942 sacrario
1193 3895 1229 3942 se
1252 3867 1382 3963 parabit
1412 3875 1546 3952 amictu,
1574 3873 1663 3951 alba,

442 3989 586 4076 cingulo,
611 3993 645 4056 et
667 3985 835 4071 manipulo
859 3983 1013 4068 stolaque
1036 3986 1142 4069 nigra;
1166 4001 1206 4049 ac
1228 3985 1255 4050 si
1279 3982 1432 4049 Ecclesia
1454 3983 1520 4048 erit
1536 3995 1605 4048 una
1618 3999 1664 4048 ex

441 4097 637 4184 praecipuis,
660 4094 828 4181 planetam
852 4109 980 4176 quoque
1004 4093 1092 4177 nigri
1115 4091 1238 4157 coloris
1261 4097 1339 4157 ante
1363 4093 1477 4178 pectus
1505 4089 1664 4176 plicatam

443 4205 558 4271 induet
580 4204 651 4270 sibi.

530 4313 605 4379 266.
630 4310 795 4377 Advertet
816 4308 903 4392 quod
925 4309 988 4373 hac
1011 4308 1064 4373 die
1088 4309 1297 4373 reuerentiae
1320 4306 1361 4372 ad
1392 4306 1530 4372 chorutn
1563 4309 1665 4390 atque

445 4421 560 4485 oscula
583 4439 700 4486 manus
724 4417 933 4484 Celebrantis
956 4423 990 4481 et
1013 4436 1138 4493 rerum,
1162 4435 1243 4499 quas
1267 4417 1327 4501 ipsi
1343 4413 1464 4490 tradet,
1480 4413 1666 4480 omittenda

447 4533 534 4593 sunt.

532 4635 608 4701 267.
632 4635 683 4701 Ad
706 4641 824 4701 nutum
855 4633 1113 4700 caeremoniarii
1145 4633 1336 4698 reuerentia
1365 4631 1406 4696 ad
1438 4630 1578 4696 Crucem
1607 4629 1663 4696 vel
