4175 5717
530 715 595 782 220
983 735 1049 788 ura.
1075 741 1109 794 n.

527 855 580 920 80.
605 853 738 918 Interea
761 851 987 918 Subdiaoonus
1012 852 1204 919 celebranti
1227 851 1382 940 expediet
1404 852 1518 921 uelum
1541 851 1663 922 huma-

442 964 522 1040 rale,
547 961 633 1048 quod
656 981 676 1026 a
699 961 965 1026 anremoniario
980 961 1161 1046 recipietur
1185 966 1219 1026 et
1242 962 1274 1026 in
1299 962 1401 1030 abaco
1422 967 1618 1048 reponetur.

527 1072 580 1137 81.
604 1071 770 1150 Diaconos
792 1088 949 1134 reversus
964 1068 1006 1134 ad
1021 1067 1195 1134 dexteram
1220 1069 1428 1136 Celebrantis
1444 1069 1662 1156 geniculnbit,

438 1177 556 1245 deinde
578 1199 653 1244 curn
677 1177 877 1244 Celebrante
902 1181 1031 1242 tantum
1047 1183 1211 1261 assurget,
1235 1176 1373 1263 genibus
1390 1175 1487 1244 flexis
1505 1183 1664 1244 manante

440 1286 656 1354 Subdiacone.
674 1283 855 1352 Celebrans
873 1285 1053 1360 incensum,
1071 1284 1216 1352 Diacono
1233 1287 1453 1362 ministrante,
1467 1287 1540 1352 sine
1557 1285 1664 1352 bane-

437 1395 582 1461 dictione
598 1395 723 1459 iuiiciet
738 1393 771 1456 in
787 1391 995 1460 thuribulum
1011 1411 1033 1459 a
1049 1393 1265 1460 thuriferario
1279 1399 1388 1462 stante
1405 1394 1465 1481 ipsi
1482 1392 1663 1462 obiectum.

438 1503 568 1568 Rursus
590 1497 794 1586 genuflectet
817 1499 999 1566 Celebrans
1023 1521 1098 1566 cum
1122 1501 1277 1578 Diacono,
1293 1509 1394 1586 atque
1410 1501 1466 1568 bic
1485 1509 1665 1590 accepturu

437 1630 457 1675 a
473 1609 691 1674 thuriferario
707 1607 915 1673 thuribulum
931 1610 1081 1694 porriget
1097 1609 1300 1688 Celebranti,
1317 1612 1373 1695 qui
1391 1609 1448 1678 SS.
1467 1609 1667 1678 Sacramen-

436 1724 507 1783 tum
530 1715 656 1802 triplici
687 1713 791 1780 ductu
821 1713 1035 1792 thurificabita
1060 1718 1156 1802 eique
1177 1717 1427 1786 Sacramentum
1451 1715 1666 1788 thurificanti

437 1826 582 1891 Ministri
606 1831 733 1912 partem
756 1826 972 1910 posteriorem
996 1825 1152 1910 planetae
1176 1825 1367 1892 sustollent.
1386 1825 1574 1894 Celebrans
1589 1825 1667 1898 Dia-

435 1955 529 2011 cono,
554 1935 718 2001 Diaconos
741 1934 960 2000 thuriferario
995 1935 1152 2000 restituet
1187 1934 1408 2002 thuribulum.
1435 1934 1666 2004 Tburifararii

434 2043 571 2110 coibunt
593 2043 627 2106 in
651 2041 792 2107 medium
808 2049 887 2106 ante
903 2039 1033 2116 Ait-are,
1051 2037 1278 2124 genuflectant
1293 2040 1520 2120 Sacramenta,
1539 2041 1666 2112 deinde

435 2150 524 2216 altar
547 2170 591 2216 ex
613 2149 682 2215 illis
706 2147 825 2214 redibit
848 2150 882 2216 in
905 2150 1089 2249 sacrarium
1112 2148 1152 2214 ad
1176 2149 1385 2216 thuribulum
1416 2148 1664 2236 deponendum,

434 2259 571 2324 functus
595 2259 658 2322 iam
683 2255 789 2323 officio
811 2276 883 2334 suo,
907 2256 996 2322 alter
1020 2256 1204 2322 remanebit
1227 2255 1313 2343 apud
1336 2257 1476 2325 abacum
1495 2278 1559 2345 pro
1575 2259 1667 2326 rali-

434 2385 500 2450 qua
522 2365 706 2431 functione.

521 2473 574 2538 82.
600 2472 782 2540 celebrans
807 2492 882 2539 cum
906 2472 1051 2538 Diacono
1075 2493 1094 2536 a
1117 2471 1245 2538 dextris
1272 2479 1307 2539 et
1330 2471 1541 2540 Subdiacono
1569 2495 1591 2540 a
1616 2477 1667 2542 si-

433 2583 548 2647 nistris
570 2580 730 2648 ascendet
751 2579 794 2648 ad
817 2579 936 2646 Altare
959 2584 994 2644 et
1017 2579 1073 2644 ubi
1097 2581 1252 2647 venerint
1269 2581 1302 2646 in
1324 2580 1583 2668 suppedaneum,
1602 2583 1665 2650 ite÷

433 2690 556 2755 rabunt
578 2686 854 2774 genuflexionem:
873 2686 1055 2754 Celebrans
1074 2708 1190 2754 manus
1207 2690 1352 2774 imponet
1373 2687 1494 2766 Alteri,
1511 2689 1666 2758 Ministri

433 2805 545 2863 autem
575 2795 812 2883 genuflectent,
837 2797 935 2862 etiam
970 2794 1137 2883 deinceps,
1162 2797 1284 2862 iunctis
1319 2796 1469 2864 manibus
1505 2817 1575 2864 non
1606 2819 1666 2866 eas

432 2908 637 2991 imponentes
661 2905 781 2970 Altari.
807 2903 1044 2980 Subdiaconus,
1063 2900 1296 2988 genuflexione
1320 2904 1419 2982 facta,
1438 2905 1598 2973 transibit
1620 2907 1664 2974 ad

432 3013 605 3080 dexteram
625 3013 760 3078 Diaconi
784 3021 818 3078 et
840 3008 1106 3097 genuflexionem
1123 3012 1267 3078 iterabit.
1284 3012 1475 3099 Acolythus
1493 3017 1664 3102 quispiam

431 3121 596 3207 ampullas
620 3141 695 3187 cum
718 3118 888 3206 pelvicula
910 3125 945 3184 ot
968 3121 1178 3206 manutergio
1202 3128 1320 3197 sumet,
1345 3127 1383 3186 ut
1407 3123 1439 3186 in
1465 3121 1577 3189 Missis
1604 3145 1666 3190 so-

432 3229 607 3306 lemnibus,
631 3247 753 3312 easque
776 3223 892 3294 afferet
914 3226 956 3293 ad
979 3227 1108 3304 Altare,
1127 3225 1330 3312 genuflectet
1346 3228 1455 3313 ibique
1472 3231 1667 3300 remanebit

433 3336 538 3402 donec
561 3358 617 3402 eas
641 3337 788 3421 recipiet.
813 3334 979 3401 Diaconus
1002 3355 1020 3400 e
1046 3335 1157 3402 (lalice
1182 3335 1282 3403 tollat
1297 3336 1410 3402 velum
1426 3335 1551 3414 album,
1572 3339 1665 3424 quod

433 3444 544 3510 tradet
567 3444 832 3511 Gaeremoniario
857 3449 891 3508 et
915 3444 948 3510 in
982 3443 1085 3509 abaco
1122 3448 1312 3529 reponetur:
1338 3441 1455 3512 deinde
1490 3444 1663 3516 Diaconus

433 3554 502 3638 ipse
525 3572 543 3617 e
568 3552 680 3617 Calice
704 3557 857 3637 patenam
880 3551 981 3618 tollet
996 3555 1031 3618 et
1046 3550 1180 3636 pallam:
1199 3557 1352 3637 patenam
1369 3553 1510 3640 accipiet
1526 3561 1561 3620 et
1578 3563 1666 3624 ante
1752 3561 1754 3568 '

433 3659 666 3726 Celebrantem
689 3660 867 3727 sustinebit
889 3661 980 3726 intra
1002 3658 1188 3744 corporale:
1214 3659 1395 3726 Gelebrans
1419 3661 1561 3748 accipiet
1588 3661 1663 3730 Ga-

433 3768 530 3832 licem
555 3773 590 3832 et
611 3786 741 3834 sacram
763 3767 912 3834 Hostiam
935 3787 979 3834 ex
1010 3766 1072 3832 illo
1103 3767 1204 3834 faciet
1234 3766 1356 3834 leviter
1387 3760 1523 3834 effluere
1555 3791 1664 3860 super

434 3883 597 3962 patenam,
610 3895 651 3942 ac
672 3876 700 3942 si
723 3895 806 3960 opus
822 3875 935 3953 luerit,
948 3877 1073 3961 poterit
1090 3896 1161 3942 eam
1178 3874 1281 3959 digito
1297 3874 1476 3952 extollere
1493 3875 1559 3944 hoc
1577 3899 1662 3948 casu

433 3980 573 4068 digitum
588 3979 775 4068 purificabit
798 3982 833 4046 in
855 3981 994 4050 vasculo
1011 3989 1210 4069 praeparato
1234 3989 1269 4050 et
1292 3989 1448 4068 exterget
1467 3979 1664 4072 purificato-

432 4093 497 4156 rio:
522 4092 569 4157 sic
592 4091 691 4156 etiam
715 4088 868 4156 advertat
891 4089 1066 4157 demittere
1090 4092 1239 4158 Hostiam
1263 4092 1297 4156 in
1320 4090 1458 4157 mediam
1487 4098 1659 4177 patenam.

518 4199 571 4264 83.
596 4199 761 4263 Diaconos
784 4196 875 4264 dabit
909 4205 1062 4283 patenam
1088 4199 1288 4274 celebranti,
1315 4200 1370 4281 qui
1393 4200 1536 4284 accipiet
1559 4199 1660 4268 illam

432 4311 572 4391 utraque
596 4327 694 4374 manu
719 4312 753 4372 et
776 4313 878 4392 ponet
900 4306 1049 4372 Hostiam
1073 4310 1107 4373 in
1131 4306 1237 4372 medio
1261 4308 1430 4392 corporali
1449 4308 1584 4374 nullum
1602 4309 1659 4376 fa·-

431 4415 521 4479 ciens
538 4415 655 4482 Crucis
671 4416 801 4500 signum
817 4421 852 4480 et
867 4422 1020 4502 patenam
1032 4423 1172 4501 reponet
1187 4434 1288 4501 super
1304 4415 1481 4500 corporale
1492 4433 1514 4480 a
1524 4415 1659 4486 dextris

431 4520 509 4584 suis.
534 4521 698 4590 Diaconos
722 4523 862 4608 accipiet
884 4523 1032 4600 calicem,
1051 4543 1157 4606 neque
1173 4543 1248 4588 eum
1266 4523 1439 4607 imponens
1455 4522 1569 4590 Altari
1593 4545 1659 4592 ne-

432 4642 495 4706 que
518 4633 697 4712 extergens
722 4629 955 4716 purificatorio,
980 4629 1156 4696 sustinebit
1180 4631 1324 4696 sinistra:
1349 4631 1530 4718 ampullam
1548 4633 1619 4699 vini
1636 4653 1659 4700 a
