4175 5717
967 756 1040 804 css.
1067 755 1166 804 xmn.
1526 739 1587 803 177

617 970 670 1028 un
689 968 872 1037 nunionis
889 968 1056 1041 aaronis
1075 932 1352 1040 unsnoulpss
1371 968 1513 1028 uranus

922 1231 1065 1348 daron
1089 1218 1229 1358 iiius
1266 1340 1269 1353 ,
1309 1239 1366 1336 .’.
1456 1241 1459 1248 ’
1513 1211 1516 1224 ’

461 1514 489 1579 12
514 1433 592 1588 Ν
594 1510 686 1578 ullus
708 1510 803 1578 hisce
823 1509 941 1577 diebus
963 1508 1143 1596 peculiaris
1176 1521 1250 1576 snae
1273 1506 1378 1577 'offert
1411 1513 1506 1590 ritus,
1536 1511 1578 1578 de
1610 1532 1675 1597 quo

457 1617 653 1705 singillatim
675 1616 832 1686 facienda·
850 1617 895 1683 sit
915 1617 1051 1684 mentio.
1136 1675 1138 1680 ,
1185 1625 1189 1680 ἱ

544 1726 575 1794 2.
599 1724 728 1792 Altaria
750 1730 888 1792 ornatus
912 1731 947 1791 et
969 1724 1102 1809 reliqua
1122 1724 1233 1790 omnia
1253 1724 1473 1811 disponentur
1496 1733 1533 1792 ut
1556 1727 1589 1790 in
1613 1726 1675 1791 Do-

456 1834 577 1900 minica
599 1831 822 1920 praecedenti.

542 1942 574 2008 3.
599 1940 753 2007 Inferiis
777 1940 833 2009 ΙΙΙ.
857 1945 893 2007 et
915 1939 974 2006 IV.
1000 1958 1063 2026 pro
1086 1944 1188 2006 cantu
1211 1940 1381 2007 Passionis
1397 1940 1587 2007 servabitur
1610 1960 1675 2005 me-

454 2047 577 2115 thodus
613 2049 818 2134 praescripta
851 2048 885 2111 in
922 2047 1094 2112 Dominica
1128 2046 1332 2113 Palmarum.
1372 2049 1408 2114 ln
1444 2048 1529 2113 teria
1562 2054 1673 2113 autem

454 2162 577 2241 quarta
599 2155 789 2222 cantabitur
812 2155 919 2241 prima
941 2154 1042 2222 lectio
1069 2175 1090 2221 a
1121 2155 1249 2221 clerico
1280 2156 1515 2243 superpellicio
1547 2155 1671 2234 induto,

453 2268 496 2344 ut
517 2264 669 2351 superius
693 2281 763 2349 cap.
788 2262 846 2329 Vl.
871 2283 960 2330 uum.
988 2263 1039 2329 10.
1063 2262 1356 2330 indicatumeat.-1

545 2374 575 2437 4.
602 2370 789 2438 Notandum
812 2376 924 2438 autem
956 2370 1087 2455 quoda
1109 2370 1247 2459 meridie
1271 2372 1378 2438 deniae
1409 2372 1465 2437 IV.
1495 2392 1599 2456 usque
1631 2370 1674 2437 ad

453 2479 656 2565 completam
689 2478 895 2546 functionem
928 2478 1062 2546 Sabbati
1086 2480 1206 2546 sancti·
1225 2478 1329 2546 :locus
1362 2500 1434 2547 asse
1456 2499 1534 2544 ·non
1564 2485 1676 2565 potest

453 2586 738 2673 expositioni-ss.
764 2586 968 2654 sacramenti
992 2606 1053 2678 pro
1077 2586 1378 2672 supplicationibus
1409 2587 1674 2663 novendialibus,

450 2716 516 2783 prc
541 2694 660 2762 triduis
684 2695 824 2779 aliisque
847 2693 1337 2772 functionibus-huiusmodi.··
1456 2733 1480 2756 ·.

545 2802 590 2868 5..
602 2800 752 2870 Officium
778 2822 858 2868 vero
882 2801 1070 2889 Superioris
1085 2807 1138 2869 est
1153 2801 1328 2889 providere
1345 2815 1386 2868 ne
1397 2800 1500 2887 ¹,quid
1509 2802 1673 2889 pro-iun·

449 2910 621 2980 ottonibus
644 2912 854 2996 sequentium
877 2910 1014 2978 dierum
1030 2909 1117 2978 desit
1137 2909 1224 2993 quod
1248 2930 1330 2996 opus
1353 2929 1426 2975 esse
1449 2910 1560 2996 possit.

944 3160 948 3166 ”
1000 3161 1129 3184 m?
1183 3166 1186 3174 ι

775 3380 830 3436 DE
849 3376 1064 3436 MATU'l'lNO
1084 3373 1360 3435 TENEBRARUM

917 3721 1060 3790 CAPUT
1085 3723 1210 3789 XXIV.

454 3983 485 4046 l.
512 3903 572 4054 In
599 3979 690 4044 feriis
715 3979 773 4044 IV.
800 3978 841 4043 V.
866 3983 899 4043 et
923 3978 981 4042 Vl.
1007 3978 1140 4044 maioris
1164 3976 1404 4055 Hebdomadas,
1430 4000 1568 4066 vespero
1594 3999 1671 4044 can·

453 4093 548 4154 tatur
572 4088 772 4152 blatutinum
798 4106 874 4152 cum
897 4084 1074 4161 Laudibus,
1099 4085 1185 4169 quod
1208 4092 1287 4152 anta
1310 4107 1462 4153 occasum
1487 4086 1566 4151 solis
1582 4106 1668 4149 com·

451 4194 609 4283 piendum
634 4196 707 4258 erit.
737 4193 787 4258 Ad
811 4194 1079 4260 annunciandum
1104 4195 1304 4260 Matutinum
1334 4194 1439 4259 feriae
1466 4194 1522 4259 lV.
1554 4193 1669 4277 pulsa.-

451 4305 579 4370 buntur
600 4303 763 4369 ecclcsiae
787 4322 964 4389 campanae
989 4301 1109 4368 festivo
1133 4323 1237 4380 moro,
1262 4323 1327 4367 non
1352 4304 1398 4372 ita
1417 4301 1544 4366 duobus
1560 4301 1670 4366 subse-

450 4410 627 4496 quentibus
653 4409 767 4474 diebus
793 4409 909 4493 quibus
935 4429 1174 4494 campanarum
1199 4430 1299 4476 sonus
1322 4409 1563 4476 intermittitur.
1585 4408 1619 4473 Si
1636 4410 1668 4474 in

452 4518 564 4584 Altari
600 4518 721 4581 maiore
757 4522 951 4581 servaretur
987 4517 1042 4583 SS.
1081 4516 1341 4604 Sacramentum,
1378 4515 1602 4600 transferetur
1632 4518 1673 4589 in,

453 4625 546 4692 aliud
570 4625 730 4690 sacellum
756 4626 827 4689 sive
852 4623 971 4690 Altare
995 4623 1149 4691 laterala.
1204 4695 1206 4702 ,
1654 4682 1656 4688 .

1539 4731 1580 4796 12
