4175 5717
517 737 581 802 254
971 755 1035 802 nra.
1061 755 1096 802 11.

431 867 505 940 erit,
530 863 710 929 subsistent
739 863 774 926 in
802 862 857 926 via
892 861 1200 938 Confraternitates,
1225 862 1360 948 insuper
1389 865 1424 927 et
1453 861 1644 948 Regulares

431 975 509 1056 quin
539 971 755 1056 abrumpatur
784 971 1003 1056 processionis
1027 969 1118 1041 ordo,
1142 988 1181 1034 ac
1211 973 1302 1034 totus
1328 968 1445 1036 Glerus
1479 969 1646 1034 secularia

430 1085 570 1152 tanturn,
595 1077 650 1142 rel
673 1079 772 1142 etiam
795 1096 871 1162 pars
896 1076 988 1141 illius
1011 1075 1162 1141 introibit
1184 1081 1218 1141 et
1240 1075 1444 1162 disponetur,
1467 1082 1505 1142 ut
1530 1095 1645 1162 supra.

518 1185 571 1249 51.
596 1185 629 1248 Si
654 1183 782 1249 cuidam
799 1203 841 1248 ox
858 1184 931 1248 istis
947 1183 1097 1249 ecclesiis
1113 1189 1202 1248 asset
1217 1182 1367 1248 addictus
1390 1181 1520 1261 clerus,
1534 1201 1651 1250 exem-

431 1301 506 1379 ptus
530 1293 570 1356 ab
595 1289 846 1355 interveniendo
869 1291 1081 1375 processioni,
1106 1290 1162 1355 bic'
1190 1297 1288 1356 extra
1312 1297 1439 1376 portam
1471 1289 1671 1356 ordinatus·

430 1401 574 1486 excipiet
596 1401 710 1484 ipsum.
737 1398 831 1472 Quod
854 1401 881 1464 si
905 1400 967 1464 iste
991 1399 1110 1468 Glerus
1134 1399 1189 1463 vel
1213 1399 1312 1464 etiam
1335 1400 1405 1465 eius
1429 1418 1504 1484 pars
1528 1397 1646 1464 locum

431 1510 569 1574 haberet
592 1509 625 1571 in
648 1508 869 1592 processione,
894 1504 1074 1571 subsistere
1098 1505 1235 1571 deberet
1257 1511 1355 1572 extra
1370 1513 1499 1592 portam
1523 1505 1565 1572 ad
1589 1525 1652 1572 ex·

431 1614 612 1701 cipiendam
636 1614 796 1698 reliquam
820 1615 1072 1699 processionem,
1097 1613 1174 1679 dum
1207 1614 1277 1679 sine
1308 1613 1559 1700 perturbatione
1586 1617 1653 1680 aut

435 1743 527 1788 mora
549 1722 581 1787 id
604 1720 676 1787 fieri
698 1723 811 1808 possit.

518 1830 571 1896 52.
596 1829 623 1893 ll
647 1834 741 1915 parte
764 1828 904 1894 dextera
927 1830 1099 1913 ingressus
1122 1829 1284 1894 ecclesiae
1307 1829 1416 1894 aderit
1441 1829 1568 1896 Rectam
1592 1830 1652 1894 in-

432 1940 530 2004 dutus
554 1936 787 2022 superpellicio
810 1943 845 2002 et
867 1937 973 2021 capite
997 1935 1130 2012 nudato,
1159 1955 1199 2001 ac
1232 1956 1334 2023 prope
1364 1938 1469 2022 ipsum
1498 1937 1652 2003 clericus

433 2066 507 2111 curn
531 2043 668 2109 vasculo
691 2063 795 2126 aquae
821 2043 1014 2109 benedictae
1037 2048 1072 2108 et
1095 2063 1167 2109 cum
1199 2045 1394 2128 aspersorio.
1418 2044 1546 2110 Rectam
1571 2063 1653 2131 por·

434 2154 521 2236 riget
543 2151 763 2236 aspersorium
788 2150 926 2235 singulis
950 2171 971 2214 a
994 2150 1115 2216 dextra
1138 2151 1373 2226 incedentibus,
1396 2153 1452 2234 qui
1479 2157 1654 2238 sumptam

433 2279 550 2343 aquam
574 2263 722 2322 sanctam
747 2277 845 2322 manu
869 2254 1008 2323 offerent
1038 2259 1128 2323 socio
1150 2277 1171 2322 a
1193 2257 1289 2323 laeva
1313 2254 1487 2323 incedenti.
1523 2257 1656 2324 Rector

434 2366 575 2449 denique
597 2365 744 2450 porriget
774 2383 846 2429 earn
880 2365 1033 2435 Diacono.
1059 2366 1112 2430 hic
1144 2364 1344 2442 celebranti,
1372 2371 1486 2450 postea
1520 2365 1654 2432 Rector

435 2475 503 2558 ipso
527 2471 743 2537 Subdiacono.

520 2579 574 2644 53.
599 2578 660 2644 Ubi
684 2579 863 2644 Celebrans
895 2598 969 2643 curn
1001 2581 1164 2645 Ministris
1195 2585 1272 2645 ante
1296 2579 1414 2645 Altera
1444 2581 1656 2666 pervenerit,

434 2693 551 2754 cantus
575 2688 780 2751 Litaniarum
802 2686 1027 2773 abrumpetur.

523 2795 576 2860 54.
602 2793 750 2860 Clericus
774 2793 926 2858 deferens
950 2795 1073 2861 librum
1097 2797 1257 2860 consistet
1279 2815 1381 2882 prope
1412 2795 1610 2862 Diaconum.

522 2901 575 2967 55.
602 2901 782 2967 Celebrans
805 2901 896 2967 sacta
917 2903 959 2968 ad
982 2903 1101 2968 Altare
1125 2903 1324 2978 reverentia,
1342 2901 1398 2968 vel
1414 2900 1658 2988 genuflexione

436 3015 464 3078 si
487 3011 595 3075 aderit
617 3008 673 3075 SS.
700 3009 961 3096 Sacramentum,
977 3010 1171 3096 procumbet
1191 3011 1223 3074 in
1241 3029 1350 3095 genua
1366 3009 1506 3076 etbrevi
1531 3011 1658 3090 orabit,

437 3117 523 3203 quod
547 3117 652 3201 ipsum
676 3116 778 3181 faciet
794 3122 828 3182 et
852 3116 979 3183 clerus.

523 3224 575 3288 56.
602 3223 798 3288 celebrante
834 3231 1041 3309 assurgente,
1067 3244 1179 3290 omnes
1211 3229 1424 3310 consurgent
1455 3229 1538 3292 tunc
1568 3247 1659 3294 vero

437 3339 590 3398 cantores
620 3332 832 3416 antiphonam
863 3331 976 3398 Sancti
1000 3331 1161 3397 Titularis
1185 3332 1376 3408 cantabunt
1411 3337 1568 3400 cantores
1603 3335 1659 3402 illi

437 3439 501 3505 duo
524 3439 578 3522 qui
602 3439 749 3503 Litanias
774 3440 935 3524 perviam
958 3438 1151 3516 cantabunt,
1167 3440 1323 3506 adiicient
1337 3440 1541 3506 versiculum
1566 3443 1659 3510 rela-

436 3548 540 3612 tivum
556 3553 590 3610 et
607 3546 786 3612 Celebrans
803 3549 985 3612 orationem
1008 3548 1155 3612 cantabit
1170 3553 1250 3612 tono
1265 3547 1377 3613 feriali
1399 3552 1434 3614 et
1456 3567 1532 3614 cum
1556 3549 1656 3616 bravi

435 3654 657 3719 conclusione.

523 3762 575 3827 57.
600 3762 680 3825 Post
702 3761 785 3825 haec
808 3761 847 3826 de
871 3762 1012 3827 ecclesia
1027 3763 1133 3829 exibit
1155 3764 1321 3849 processio
1345 3768 1379 3828 et
1401 3762 1453 3828 illi
1476 3763 1542 3830 duo
1567 3785 1654 3832 can-

435 3879 525 3937 tores
556 3869 747 3935 litaniarum
770 3875 904 3936 cantum
939 3877 1109 3938 resument
1138 3872 1358 3948 aversicu10,
1391 3891 1455 3957 quo
1485 3873 1652 3962 abruptae

346 4013 353 4024 ·
437 3979 584 4045 fuerunt.
699 4008 701 4012 ·

524 4085 577 4149 58.
601 4085 817 4149 Processione
840 4084 1037 4152 adveniente
1061 4086 1101 4151 ad
1124 4087 1307 4163 ecclesiam,
1332 4088 1365 4151 in
1389 4106 1453 4171 qua
1468 4089 1541 4175 ipsa
1564 4108 1652 4156 com·

436 4191 591 4278 piabit-ur,
609 4191 733 4255 Rector
753 4191 897 4256 eiusdem
922 4192 1055 4258 indutus
1087 4195 1338 4281 superpellicea
1369 4197 1518 4282 porriget
1549 4196 1651 4263 Claro

437 4320 553 4383 aquam
577 4297 791 4363 benedictam.

523 4406 576 4470 59.
602 4404 910 4483 Goniraternitates,
936 4407 1054 4474 Olenus
1086 4409 1250 4493 regularis
1274 4415 1308 4474 et
1341 4409 1504 4476 secularis
1536 4409 1651 4477 locum

437 4513 472 4576 iu
495 4513 636 4577 ecclesia
660 4520 791 4578 sument
821 4513 933 4578 eadem
963 4515 1117 4581 methodo
1148 4535 1187 4580 ac
1221 4517 1372 4603 superius
1403 4516 1563 4584 traditum
1595 4523 1652 4584 est

439 4637 538 4700 quum
561 4638 669 4685 sermo
692 4625 766 4685 erat
789 4620 829 4686 de
852 4623 1070 4707 processionis
1094 4623 1197 4688 initio.
