4175 5717
977 751 1043 798 ΗΒ.
1072 753 1118 798 ΙΙΙ.

792 964 910 1022 infala
937 964 975 1020 Vl
996 965 1036 1021 ΙΝ
1059 965 1303 1024 PARASCEVE.

947 1272 1090 1340 CAPUT
1116 1274 1158 1341 V.

440 1516 466 1577 l.
500 1437 661 1586 ,Alione
685 1514 789 1577 maius
812 1514 878 1576 erit
901 1531 944 1576 ex
968 1515 1039 1576 toto
1063 1510 1234 1588 nudatum;
1258 1511 1403 1580 aderunt
1437 1519 1569 1580 uncum
1602 1533 1664 1580 sex

435 1619 638 1714 candelabra
652 1641 695 1687 ex
711 1619 906 1686 aurichalco
929 1619 985 1684 vel
1008 1639 1052 1685 ex
1076 1639 1155 1685 aere
1171 1640 1247 1686 cum
1264 1620 1412 1688 candelis
1428 1641 1447 1687 e
1467 1641 1547 1688 cera
1567 1621 1665 1689 lutea

434 1749 494 1793 seu
518 1729 693 1794 communi.

521 1837 552 1901 2.
578 1836 670 1902 Grur
693 1838 782 1902 inter
804 1834 1016 1910 candelabra,
1041 1855 1127 1920 quae
1151 1841 1262 1902 tamen
1287 1837 1330 1902 sit
1364 1837 1448 1903 levis
1479 1843 1515 1903 et
1546 1838 1664 1905 velum

433 1946 521 2030 nigri
543 1945 667 2010 coloris
691 1947 738 2010 ita
759 1949 919 2030 aptatum,
946 1949 983 2008 ut
1006 1943 1107 2008 facile
1131 1944 1218 2010 solvi
1242 1964 1282 2010 ac
1305 1943 1382 2010 tolli
1406 1945 1521 2031 possit.

521 2053 551 2116 3.
577 2052 741 2118 Pulvinus
763 2071 782 2116 e
805 2071 915 2137 panno
939 2051 1091 2117 violaceo
1114 2073 1216 2140 super
1232 2050 1378 2118 secundo
1393 2052 1500 2138 gradu
1518 2053 1663 2120 Altaris.

522 2165 553 2226 4.
577 2161 710 2228 Abacus
734 2161 834 2226 etiam
868 2161 933 2226 erit
964 2158 1074 2226 nudus
1106 2167 1138 2227 et
1170 2182 1270 2247 quum
1302 2162 1344 2228 ibi
1376 2161 1528 2250 ponenda
1560 2171 1668 2232 arunt

436 2289 521 2355 quac
544 2290 626 2357 opus
649 2276 729 2336 sunt
751 2288 811 2355 pro
836 2268 1018 2344 functione,
1043 2274 1246 2356 contegetur
1269 2270 1411 2346 tobalea,
1437 2289 1523 2355 quaa
1547 2291 1671 2358 super·

432 2377 538 2444 ficiem
562 2383 693 2444 tantum
717 2378 924 2464 superiorem
947 2377 1128 2462 cooperiat.
1153 2377 1190 2442 ln
1215 2377 1276 2443 illo
1300 2397 1360 2464 pro
1377 2378 1552 2444 functione
1569 2399 1670 2466 prae·

430 2487 613 2574 parabitur.

520 2594 551 2660 5.
576 2593 811 2670 Tabaleauoa
824 2603 909 2678 quae
921 2612 1068 2660 mensam
1081 2597 1211 2658 tantum
1225 2593 1354 2660 Altaris
1366 2597 1538 2683 cooperire
1551 2593 1666 2663 debet.

521 2703 551 2768 6.
576 2701 692 2788 Legile
716 2701 770 2766 vel
795 2703 948 2767 cussinus
972 2702 1060 2788 nigri
1085 2700 1208 2767 coloris
1232 2722 1307 2767 cum
1331 2701 1470 2768 blissali.

521 2813 552 2875 7.
577 2811 686 2876 Bursa
708 2811 795 2896 nigri
817 2810 942 2876 coloris
966 2829 1041 2875 cum
1067 2809 1235 2896 corporali
1260 2816 1294 2875 et
1317 2809 1556 2896 purificatorio.

522 2919 552 2983 8.
578 2917 702 2984 Velum
725 2919 857 3004 nigrum
880 2937 941 3003 pro
965 2916 1082 2983 calice.

519 3027 550 3089 9.
575 3025 760 3091 Vasculum
785 3027 929 3090 vitreum
946 3045 1021 3090 cum
1037 3023 1249 3110 aliquantula
1265 3045 1352 3110 aqua
1368 3032 1401 3091 et
1417 3025 1665 3113 purificatorio,

429 3136 457 3197 si
481 3135 570 3198 forte
594 3133 776 3200 celebrans
799 3132 910 3219 digitis
934 3136 1091 3218 tangeret
1115 3131 1172 3199 SS.
1198 3131 1451 3199 Sacramentum
1481 3131 1562 3200 dum
1598 3157 1667 3202 ex-

432 3241 546 3306 trahat.
570 3243 675 3327 ipsum
699 3262 718 3306 e
742 3240 864 3307 Galice.

522 3349 572 3412 10.
598 3347 776 3434 Ampullae
799 3349 867 3413 vini
892 3353 926 3413 et
949 3367 1055 3432 aquae
1078 3348 1113 3413 in
1137 3349 1307 3435 pelvicula
1331 3357 1366 3415 et
1399 3352 1665 3438 manutergium.

523 3457 572 3522 ll.
598 3457 712 3522 Pelvis
735 3462 896 3543 argentea
920 3455 975 3522 rel
999 3476 1043 3520 ex
1068 3456 1136 3521 alio
1171 3456 1310 3523 metallo
1345 3455 1475 3523 decenti
1506 3459 1667 3546 ponenda

431 3585 533 3651 prope
558 3564 698 3630 Crucem
722 3584 783 3650 pro
807 3563 1042 3630 oblationibus.

520 3673 571 3739 12.
596 3673 703 3739 Plura
727 3673 932 3762 exemplaria
954 3674 1053 3738 huius
1078 3672 1155 3740 libri
1174 3693 1234 3760 pro
1253 3671 1432 3740 recitandis
1448 3675 1662 3763 improperiis

430 3787 463 3847 et
488 3781 613 3868 hymno
645 3779 781 3848 Vecillo
805 3787 868 3846 etc.

521 3889 571 3953 13.
596 3887 820 3954 l'lruribulum
844 3908 919 3954 cum
943 3889 1110 3954 navicula.

520 3996 570 4061 14.
595 3997 704 4082 Prope
727 3995 865 4062 abacum
889 3996 1145 4082 praeparabitur
1175 3997 1334 4083 plicatum
1370 4003 1517 4084 tapetum
1548 4001 1659 4066 viola-

430 4124 535 4180 ceum,
561 4104 717 4190 pulvinus
742 4105 868 4169 sericus
892 4103 1065 4170 violaceus
1090 4110 1123 4170 et
1148 4104 1259 4170 velum
1283 4104 1396 4171 album
1421 4107 1529 4171 serico
1553 4105 1658 4176 riola-

320 4263 324 4270 .
429 4231 488 4276 ceo
511 4218 705 4276 contextum
730 4232 790 4297 pro
815 4212 930 4276 Crucis
954 4211 1159 4278 adoratione.

519 4318 568 4381 15.
595 4319 687 4383 Crux
712 4319 968 4404 processionalis
992 4326 1147 4385 contecta
1171 4319 1248 4384 velo
1272 4320 1433 4386 violaceo,

521 4426 569 4489 16.
595 4427 720 4492 Hastae
743 4447 817 4492 cum
842 4429 985 4513 gossipio
1010 4435 1125 4494 cerato
1148 4427 1189 4493 ad
1213 4428 1440 4494 accendendas
1465 4429 1633 4496 candelas.

520 4533 569 4595 l'i.
596 4535 624 4599 Α
649 4536 756 4600 latere
781 4535 961 4621 Epistolac.
987 4557 1052 4621 quo
1077 4537 1152 4603 loco
1176 4537 1277 4602 statui
1296 4535 1382 4601 solet
1399 4556 1569 4602 scamnum
1595 4559 1657 4624 pro

430 4638 630 4707 Celebrante
654 4651 686 4708 et
712 4646 885 4718 Ministris,
910 4646 1017 4712 aderit
1043 4645 1225 4710 scabellum
1251 4644 1375 4709 nudum
1401 4645 1432 4710 in
1459 4665 1555 4710 usum
1592 4645 1659 4712 Ga-

433 4745 604 4813 lebrantis.
