4175 5717
521 728 566 801 90
986 747 1052 802 uta.
1077 749 1098 801 t.

433 850 590 920 mentum,
614 848 714 927 atque
737 844 772 908 in
802 843 934 909 incessu
964 842 1174 912 thuribulum
1204 842 1380 929 agitabunt
1408 842 1541 908 leviter.
1567 841 1652 918 Qua·

432 956 511 1017 tuor
534 951 589 1016 rel
612 952 756 1035 quinque
780 969 895 1035 passus
917 949 1062 1016 aberunt
1084 971 1104 1015 a
1128 950 1338 1016 celebrante.

524 1060 595 1124 110.
620 1057 729 1133 Quum
762 1064 899 1123 ventum
933 1059 999 1123 erit.
1028 1059 1063 1123 in
1098 1058 1271 1135 sacellum,
1295 1059 1329 1123 in
1364 1076 1429 1143 quo
1463 1062 1652 1143 exponetur

434 1164 490 1232 SS.
504 1165 765 1242 Sacramentum,
779 1184 815 1230 se
830 1171 909 1231 ante
925 1163 1044 1230 Altare
1060 1165 1271 1252 separabunt,
1284 1166 1377 1252 prior
1392 1164 1522 1230 scilicet
1533 1183 1651 1230 versus

433 1273 613 1359 Epistolae,
637 1272 726 1339 altar
748 1292 867 1339 versus
891 1272 1068 1358 Evangelii
1091 1272 1192 1349 latus,
1216 1272 1326 1357 ibique
1349 1271 1542 1338 subsistent

524 1381 595 1445 111.
621 1379 678 1446 88.
703 1380 919 1446 Sacramento
940 1399 1040 1466 super
1065 1378 1174 1446 Alteri
1198 1380 1233 1444 in
1256 1377 1408 1444 custodia
1424 1378 1579 1464 reposito,
1595 1396 1653 1442 an·

432 1495 564 1572 tequam
593 1488 676 1554 haec
707 1488 894 1565 claudatur,
918 1487 1157 1553 thuriferarius
1186 1489 1312 1574 primus
1342 1485 1384 1551 ad
1416 1485 1649 1552 celebrantem
1732 1522 1738 1535 ·

431 1594 578 1670 accedet,
594 1597 648 1680 qui
665 1616 740 1661 cum
764 1596 926 1661 Ministris
949 1596 1212 1671 consurrexerit
1229 1593 1419 1660 naviculam
1435 1593 1580 1658 Diacono
1595 1592 1653 1657 mi·
1683 1639 1685 1644 .
1758 1619 1760 1623 ·

432 1703 588 1769 nistrabit
617 1711 652 1768 et
681 1703 889 1770 thuribulum
920 1708 1072 1789 apertum
1103 1702 1235 1768 obiiciet
1266 1701 1468 1778 Celebranti,
1493 1701 1549 1784 qui
1578 1700 1650 1765 sine

432 1809 659 1875 benedictione
682 1816 778 1876 sueta
799 1811 954 1876 immittet
977 1812 1158 1876 incensum.
1183 1810 1330 1895 Recepta
1353 1830 1373 1874 a
1396 1809 1542 1874 Diacono
1558 1807 1650 1872 navi·

430 1915 518 1991 cula,
535 1916 744 2006 thuribulum
767 1917 878 1982 tradet
902 1917 1179 1996 caeremoniario,
1196 1917 1252 1983 hic
1273 1923 1385 1983 autem
1409 1915 1564 1990 Dicaeus,
1578 1914 1651 1980 Dia·

430 2043 533 2088 conus
558 2024 759 2101 celebranti,
784 2025 839 2108 qui
863 2024 920 2090 SS.
950 2024 1201 2091 Sacramentum
1225 2022 1441 2090 thurificabit.

521 2130 593 2195 112.
618 2131 703 2197 Hinc
725 2130 793 2197 bini
817 2131 1027 2198 thuriferarii
1051 2138 1193 2218 pergent
1208 2130 1249 2196 ad
1265 2132 1515 2196 extremitatem
1530 2127 1649 2195 sacelli

430 2259 530 2326 prope
555 2240 751 2323 ingressum,
773 2243 807 2304 et
830 2237 954 2325 duplici
977 2236 1212 2324 genuflexione
1235 2239 1326 2304 facta
1349 2237 1527 2325 praeibunt
1550 2236 1648 2303 cruci
1690 2247 1697 2256 ·

431 2355 465 2413 et
491 2347 713 2423 ceroferariis,
739 2347 793 2430 qui
824 2345 865 2411 ad
896 2348 1081 2412 sacrarium
1112 2346 1285 2413 redibunt:
1317 2346 1528 2413 thuriferarii
1559 2363 1649 2409 nunc

431 2475 530 2519 manu
554 2454 674 2520 dextra
696 2453 905 2520 thuribulum
929 2456 1063 2520 minime
1085 2456 1262 2539 agitantes,
1286 2455 1508 2521 sustinebunt.

522 2563 594 2626 113,
620 2562 728 2637 Quum
746 2563 782 2627 iu
798 2561 987 2627 Sacrarium
1011 2564 1176 2640 venerint,
1201 2562 1307 2627 functi
1332 2564 1365 2628 in
1389 2564 1452 2629 hac
1475 2563 1649 2627 functione

432 2669 537 2735 officio
562 2690 632 2744 suo,
656 2669 831 2736 thuribula
853 2669 1030 2755 deponent,

524 2778 849 2843 hamalarium
876 2776 1099 2844 denudatione
1129 2798 1195 2844 non
1226 2786 1277 2844 est
1305 2778 1523 2844 thuriferario
1553 2777 1649 2842 locus

432 2887 494 2950 nisi
518 2883 604 2969 quod
620 2886 663 2951 sit
679 2884 863 2951 destinatus
887 2884 1020 2951 aedituo
1037 2893 1072 2950 et
1087 2885 1220 2952 clericis
1235 2886 1392 2972 opitulari
1410 2887 1444 2951 in
1460 2883 1649 2951 deferendis

432 2993 472 3057 ad
496 2994 678 3057 sacrarium
703 2993 803 3058 rebus
826 2993 867 3059 ab
891 2994 1002 3059 Alteri
1027 2996 1173 3059 remotis

461 3157 463 3162 .
523 3100 594 3165 ll5.
619 3099 670 3166 Ad
695 3101 907 3168 Mandatum
924 3121 989 3167 uuo
1014 3107 1143 3167 tantum
1168 3123 1249 3188 opus
1273 3108 1325 3167 est
1347 3100 1576 3177 thuriferario,
1593 3102 1648 3184 qui
1750 3177 1760 3194 ς

431 3208 603 3273 thuribulo
635 3229 709 3273 cum
733 3209 890 3274 navicula
917 3216 1048 3295 sumpto
1079 3211 1113 3275 in
1143 3212 1302 3286 sacrario,
1328 3210 1382 3275 ubi
1413 3210 1520 3296 parati
1548 3216 1649 3273 erunt

432 3316 612 3381 celebrans
636 3324 671 3381 et
693 3318 848 3390 Ministri,
873 3317 1015 3402 praeibit
1037 3317 1205 3403 acolythis
1229 3319 1262 3383 in
1285 3337 1423 3383 accessu
1452 3316 1493 3382 ad
1518 3316 1647 3381 Altare.

524 3424 594 3488 116.
620 3423 692 3498 Quo
715 3445 816 3507 quum
839 3425 980 3502 venerit,
998 3422 1265 3509 genuflexionem
1282 3445 1438 3491 unacum
1456 3425 1493 3489 iis
1515 3422 1646 3498 efficiet,

433 3541 464 3596 ot
490 3530 522 3595 in
547 3530 646 3615 plano
671 3531 840 3616 Epistolae
864 3532 981 3596 lateris
1005 3532 1174 3597 subsistet.

524 3640 595 3702 117.
621 3639 799 3723 Postquam
824 3639 988 3704 Diaconos
1011 3639 1052 3704 ad
1078 3639 1195 3705 Altare
1218 3640 1373 3705 attulerit
1403 3640 1578 3726 Evangelii
1602 3649 1649 3707 te·

433 3755 538 3822 xtum,
563 3745 720 3812 ascendat
741 3746 783 3811 ad
808 3746 926 3812 Altera
956 3747 1205 3824 thuriferarius,
1230 3750 1285 3833 qui
1317 3749 1473 3813 navicula
1503 3749 1648 3814 Diacono

433 3853 565 3929 tradita,
590 3853 722 3919 obiiciat
744 3853 953 3919 thuribulum
978 3854 1179 3930 celebranti,
1193 3857 1248 3939 qui
1273 3857 1443 3921 incensum
1460 3876 1536 3921 cum
1552 3857 1649 3923 bene·

433 3962 577 4027 dictione
599 3962 733 4027 iniiciet.

523 4069 594 4134 118.
619 4068 770 4154 Recipiet
792 4068 991 4145 naviculam,
1013 4070 1192 4136 descendet
1214 4069 1255 4135 de
1279 4071 1388 4135 Altari
1412 4091 1513 4155 seque
1536 4074 1649 4158 acoly-

434 4176 499 4240 this
522 4175 690 4261 adiunget.

523 4285 594 4349 119.
619 4285 751 4349 Interea
774 4284 849 4350 dum
875 4288 1007 4350 canitur
1031 4285 1261 4371 Evangelium.
1280 4286 1470 4351 observabit
1486 4308 1569 4372 quae
1586 4309 1647 4373 pro

433 4390 534 4455 llissa
557 4391 698 4456 solemni
722 4400 798 4457 sunt
823 4395 1039 4479 praescripta.

381 4495 386 4506 ‘
524 4500 595 4563 120.
621 4501 701 4565 Post
716 4508 886 4566 cantatum
904 4500 1134 4586 Evangelium
1153 4499 1352 4568 Celebrante
1368 4522 1388 4566 a
1404 4502 1549 4569 Diacouo
1572 4503 1650 4569 thu·

435 4603 571 4676 rilicato,
598 4610 734 4694 recipiet
757 4609 975 4686 thuribulum,
1001 4616 1029 4674 et
1063 4605 1296 4691 genuflexione
1327 4609 1369 4674 ad
1400 4610 1518 4674 Altare
1546 4611 1646 4689 facta,
