4175 5717
622 618 665 682 82
1087 634 1152 681 um.
1175 636 1197 679 1.

621 741 674 806 35.
700 742 860 825 Tempore
883 739 1058 810 Memento
1073 741 1212 825 recipiet
1227 739 1435 805 thuribulum
1452 760 1526 805 cum
1543 740 1701 805 navicula
1714 745 1751 805 et

535 870 569 915 se
593 850 688 913 sistet
710 845 796 932 apud
820 846 939 911 Altare
963 866 1065 934 prope
1095 867 1200 912 cornu
1231 846 1401 933 Epistulae
1431 846 1504 911 iere
1527 846 1587 911 sub
1618 852 1749 932 tempus

535 956 692 1021 orationis
716 954 819 1020 Hauc
841 954 952 1038 ipitcr
974 959 1038 1019 etc.
1063 954 1257 1019 Naviculam
1281 953 1451 1039 praebebit
1481 952 1750 1019 caeremoniario

533 1064 628 1146 eique
643 1061 776 1127 obiiciat
791 1060 1011 1138 thuribulum,
1030 1062 1064 1125 in
1081 1060 1166 1145 quod
1184 1060 1244 1125 ille
1261 1061 1416 1125 immittet
1430 1061 1612 1135 incensum,
1628 1060 1751 1145 ipsum·

534 1190 597 1254 que
620 1168 829 1234 thuribulum
853 1166 964 1233 tradet
988 1167 1255 1234 caeremoniario
1278 1168 1334 1252 qui
1358 1165 1415 1233 SS.
1433 1165 1687 1233 Sacramentum
1706 1164 1749 1230 ad

534 1276 754 1342 elevationem
778 1251 1007 1341 tum'Hostiao
1029 1282 1100 1340 tum
1125 1274 1246 1342 Calicis
1270 1274 1464 1350 incensabit,
1488 1272 1545 1340 vel
1567 1271 1752 1340 incensabi-

536 1391 591 1448 lur
614 1383 654 1447 ab
679 1384 748 1467 ipso
772 1383 999 1447 thuriferario.
1025 1381 1060 1447 Si
1084 1402 1149 1447 non
1174 1379 1567 1456 thurificabitadvertat,
1585 1381 1673 1445 sicut
1695 1401 1751 1445 su-

537 1511 596 1575 pra
618 1489 794 1564 inbuimur,
820 1494 858 1553 ut
880 1490 1110 1574 campanulam
1133 1490 1174 1554 ad
1199 1489 1429 1554 Elevationem
1453 1487 1573 1574 pulset.

623 1596 676 1661 36.
702 1597 783 1660 Post
806 1595 1037 1660 Elevationem
1054 1595 1261 1662 thuribulum
1286 1597 1413 1662 referet
1427 1594 1468 1660 ad
1485 1595 1623 1661 abacum
1644 1594 1699 1659 vel
1717 1594 1750 1657 in

537 1706 729 1778 sacrarium,
761 1708 796 1767 et
826 1704 859 1767 in
890 1702 1028 1767 chorum
1060 1702 1181 1768 redibit·
1210 1704 1281 1768 sive
1315 1702 1401 1787 apud
1435 1702 1584 1778 abacum,
1615 1699 1753 1767 functus

537 1812 623 1875 omni
648 1812 685 1887 in⁴
705 1810 806 1875 Missa
829 1808 969 1874 solemni
992 1830 1052 1874 suo
1076 1829 1214 1876 munere
1237 1809 1382 1895 speciali.
1732 1875 1738 1884 ,

623 1919 675 1984 37.
701 1918 830 1982 Poterit
853 1921 963 1981 autem
987 1916 1167 1984 succedere
1193 1919 1227 1983 in
1252 1917 1496 1983 Gaeremonarii
1514 1918 1618 1982 vicem
1641 1914 1683 1979 ad
1699 1933 1752 1979 co-

538 2029 717 2094 mitandum
742 2027 985 2094 Subdiaconum
1008 2048 1108 2110 quum
1133 2026 1284 2092 osculum
1308 2019 1397 2112 pacis
1424 2026 1484 2092 ille
1507 2027 1540 2091 in
1564 2026 1667 2092 choro
1695 2024 1753 2088 mi·

538 2136 704 2202 nistrabit.

624 2243 676 2306 38.
697 2243 752 2307 Sin
778 2249 888 2307 autem
913 2240 969 2306 fiet
993 2241 1194 2319 Communio,
1220 2241 1429 2307 manentibus
1453 2240 1666 2307 ceroferariis
1689 2259 1752 2325 ge·

537 2348 679 2416 nuflexis
703 2370 778 2414 cum
801 2350 978 2414 intorticiis
1001 2350 1101 2414 etiam
1125 2355 1199 2435 post
1234 2349 1475 2425 Elevationem,
1502 2347 1656 2413 advertet
1672 2353 1753 2412 uta

537 2458 744 2524 Subdiacono
768 2458 905 2542 recipiat
929 2456 1040 2521 velum
1065 2456 1238 2522 humerale
1269 2456 1451 2523 sublimem
1483 2456 1592 2523 Pater
1621 2460 1751 2529 uester,

535 2572 570 2631 et
593 2570 667 2649 post
689 2565 1003 2663 consummationem
1026 2563 1067 2628 ad
1091 2563 1210 2629 Altare
1233 2564 1363 2630 deferat
1385 2563 1559 2650 ampullas.

765 2782 796 2863 g.
822 2780 852 2842 4.
877 2778 922 2846 In
944 2779 1067 2846 Missis
1090 2778 1302 2846 solemnibus
1323 2778 1518 2864 feriabbus.

623 2996 675 3059 39.
700 2995 747 3059 lle
771 2994 869 3059 rebus
894 3014 953 3080 pro
977 2994 1078 3059 Missa
1100 2994 1240 3059 solemni
1264 2997 1416 3080 superius
1440 2995 1591 3060 indicatis
1623 2994 1670 3057 nil
1696 2995 1753 3058 im-

538 3102 730 3168 mutandum
754 3104 910 3167 occurrit.
939 3101 974 3165 ld
1006 3103 1039 3166 in
1071 3103 1260 3167 memoriam
1289 3123 1494 3177 revocamus,
1523 3108 1568 3177 ut,
1601 3101 1754 3185 quemad·

537 3210 667 3275 modum
692 3211 724 3274 in
748 3210 857 3274 Missis
881 3209 1093 3284 solemnibus,
1119 3211 1153 3273 in
1176 3209 1294 3293 quibus
1317 3208 1374 3275 fiet
1391 3210 1594 3285 Communio,
1613 3209 1752 3293 recipiat

538 3318 649 3381 velum
677 3316 850 3381 humerale
885 3337 904 3380 a
934 3316 1142 3408 Subdiacono
1170 3322 1204 3381 et
1234 3322 1308 3402 post
1342 3318 1657 3382 consummationem
1687 3336 1754 3380 am-

538 3424 647 3510 pullas
669 3422 710 3488 ad
731 3423 850 3488 Altare
872 3422 1003 3489 deferat
1026 3421 1084 3508 (a).

626 3532 677 3594 40.
704 3530 797 3605 Quod
821 3529 861 3594 ad
885 3528 1174 3615 genuflectendum
1199 3532 1318 3595 attinet
1349 3532 1580 3596 adorationes
1615 3541 1645 3593 et
1680 3537 1754 3616 post

537 3640 767 3708 elevationem,
792 3657 864 3701 sese
888 3637 1113 3703 accomodabit
1136 3640 1257 3703 rationi
1281 3659 1346 3721 qua
1369 3640 1491 3703 chorus
1516 3644 1640 3703 utetur.

604 3855 635 3935 ξ.
659 3851 690 3915 5.
716 3851 759 3917 lu
782 3850 904 3916 Missis
927 3853 1077 3918 cantatis
1100 3852 1238 3920 duobus
1261 3851 1505 3921 assistentibus
1531 3852 1685 3919 Clericis.

627 4066 678 4129 41.
705 4064 789 4139 Quia
811 4065 845 4127 in
869 4064 1058 4131 huiusmodi
1081 4067 1190 4132 Missis
1207 4087 1272 4133 non
1290 4073 1341 4134 est
1357 4066 1451 4133 locus
1467 4068 1640 4133 thuribulo
1657 4067 1754 4133 nulla

535 4179 586 4240 est
608 4171 864 4258 praescribenda
886 4173 973 4237 actio
997 4173 1225 4252 thuriferario,
1252 4175 1307 4258 qui
1332 4195 1375 4239 ex
1398 4175 1450 4240 his
1473 4176 1677 4241 excluditur.

608 4333 650 4402 (a)
670 4331 701 4388 Si
720 4330 768 4387 alii
787 4331 896 4396 clerici,
907 4348 964 4386 non
979 4349 1050 4387 vero
1059 4318 1199 4405 acolythi,
1209 4332 1366 4403 gestabunt
1378 4332 1534 4400 intertiata,
1545 4334 1751 4391 thuriferarius

536 4408 738 4493 acolythorum
759 4422 822 4478 vice
843 4412 900 4477 noh
920 4421 1067 4492 iungetur,
1079 4429 1111 4479 ut
1129 4423 1185 4479 hac
1205 4430 1235 4479 ot
1253 4423 1441 4495 praecedenti
1455 4425 1644 4499 paragrapho
1657 4426 1752 4482 adno-

538 4511 670 4566 lavimus.
