4175 5717
520 703 564 767 :to
701 709 706 718 ’
987 725 1053 770 cre.
1077 726 1096 771 r.

519 827 657 892 23810
696 829 851 914 Vesperis
881 829 1093 904 solemnibus,
1129 831 1246 914 quibus
1281 832 1435 897 intererit
1466 803 1653 919 Episcopus

430 933 564 1000 indutus
589 954 700 1020 cappa,
725 934 809 1000 idem
833 935 914 1000 ordo
937 937 1116 1012 tenebitur,
1141 939 1289 1022 exceptis
1319 939 1358 1002 iis
1391 957 1473 1023 quae
1505 937 1653 1004 diximus

432 1041 473 1105 da
496 1048 646 1127 tempore
669 1062 733 1126 quo
757 1045 860 1108 sacris
884 1046 1086 1130 paramentis
1109 1043 1257 1110 induitur
1280 1053 1313 1111 et
1336 1045 1414 1111 dum
1448 1046 1578 1114 accedit
1608 1045 1653 1112 ad

430 1149 547 1213 Altare
572 1155 707 1235 propter
730 1149 1018 1217 thurificationem.
1045 1152 1208 1236 Assurget
1232 1172 1312 1218 vero
1335 1173 1436 1238 quum
1451 1154 1653 1241 antiphonas

432 1257 588 1322 Canonici
613 1258 821 1322 intonabunt.

549 1479 581 1551 ,8.
606 1472 728 1537 2510
753 1474 928 1541 Matutino
952 1483 984 1541 et
1007 1477 1043 1540 ia
1069 1475 1251 1541 Laudibus
1270 1419 1539 1564 pontificalibics.

522 1685 597 1752 239.
622 1686 742 1752 Glerus
765 1689 909 1753 manebit
938 1687 1135 1774 genuflexus
1169 1689 1274 1755 donec
1308 1691 1489 1776 Episcopus
1519 1709 1656 1775 quoque

432 1793 600 1860 submissis
623 1797 763 1881 genibus
786 1799 919 1862 steterit
941 1805 1019 1863 ante
1043 1798 1172 1863 Altare.

517 1901 592 1968 240.
618 1904 804 1990 Consurget
826 1912 936 1970 autem
959 1926 1060 1990 quum
1084 1906 1266 1992 Episcopus
1290 1908 1486 1972 surrexerit.

520 2012 595 2076 241.
620 2011 892 2079 Genullexionem
917 2013 1115 2100 Episcopum
1139 2034 1257 2079 versus
1287 2021 1434 2101 peraget,
1459 2034 1559 2099 quum
1593 2015 1655 2082 ille

433 2120 598 2183 transiens
622 2141 682 2205 per
705 2120 846 2185 medium
869 2120 1021 2184 chorum,
1043 2123 1113 2185 sive
1129 2119 1320 2207 priusquam
1337 2120 1494 2187 ascendat
1509 2122 1543 2184 in
1559 2121 1656 2188 11110-

433 2245 521 2304 num,
546 2227 807 2293 benedictionem
833 2228 932 2294 Clero
956 2227 1131 2313 largietur.

521 2333 596 2399 242.
621 2335 682 2399 Ubi
707 2336 886 2421 Episcopus
911 2336 944 2398 in
969 2335 1090 2400 throno
1114 2335 1246 2410 sederit,
1272 2334 1398 2401 sedebit
1420 2342 1455 2401 et
1472 2335 1607 2402 Glerus.

519 2441 595 2507 243.
620 2442 809 2528 consurget
830 2449 1028 2527 assurgente
1053 2443 1214 2528 Episcopo
1238 2449 1271 2508 et
1295 2444 1395 2509 stabit
1417 2442 1494 2508 dum
1519 2442 1657 2510 dicetur

433 2550 553 2625 Pater,
576 2550 659 2626 Ace,
686 2551 809 2626 Grada,
833 2550 874 2614 ad
898 2552 1137 2616 intonationem
1162 2551 1327 2627 llatutini,
1351 2551 1428 2616 dum
1459 2550 1657 2618 cantabitur

433 2659 662 2722 invitatorium
685 2665 718 2722 et
742 2659 897 2743 hymnus.
923 2657 1084 2722 Advertit
1110 2664 1145 2722 ut
1181 2656 1446 2743 genuflexionem
1478 2657 1578 2722 faciat
1612 2658 1656 2724 ad

434 2765 494 2830 illa
518 2765 620 2830 verba
649 2765 766 2832 Venite
787 2766 977 2831 adoremus
1001 2772 1033 2831 et
1052 2766 1283 2848 procidamus
1305 2772 1386 2832 ante
1409 2766 1522 2832 Deam
1546 2766 1578 2830 in
1606 2767 1656 2832 in·

436 2873 601 2938 vitatoria.

523 2980 597 3043 244.
623 2981 703 3045 Post
728 2981 966 3044 intonationem
991 2980 1086 3064 primi
1110 2979 1226 3065 psalmi
1250 2966 1442 3044 considebit.

521 3087 597 3151 245.
623 3087 811 3172 consurget
834 3086 874 3150 ad
899 3086 1549 3171 intonationemantiphonarum,quam
1586 3087 1657 3154 Ca·

437 3196 546 3260 nonici
571 3196 604 3259 in
628 3195 731 3259 choro
755 3203 976 3278 exequentur,
999 3201 1037 3258 ut
1061 3195 1212 3280 superius
1236 3199 1385 3259 notatum
1409 3199 1470 3259 est.
1633 3206 1635 3209 ·

524 3303 599 3367 246.
625 3289 706 3366 Post
729 3307 898 3366 cantatum
915 3322 1048 3366 versum
1066 3307 1245 3385 consurget
1261 3307 1295 3365 et
1318 3300 1445 3365 sedebit
1460 3320 1560 3384 quum
1578 3301 1657 3389 Epi·

436 3433 555 3498 scopus
578 3411 702 3477 sederit
724 3418 894 3496 postquam
919 3411 1049 3474 cantori
1072 3411 1195 3493 primae
1219 3409 1419 3495 antiphonae
1445 3407 1656 3475 benedictio-

442 3539 515 3583 nem
540 3519 725 3604 impertitus
748 3518 861 3582 fuerit.

523 3626 598 3690 247.
624 3625 788 3709 Indipsum
812 3624 1042 3689 observabitur
1067 3625 1098 3687 in
1125 3624 1261 3707 reliquis
1279 3623 1461 3698 nocturnis,
1479 3623 1572 3688 etad
1591 3624 1659 3710 pri·
1679 3605 1688 3616 ’

437 3755 521 3799 mam
544 3734 722 3798 lectionem
747 3733 836 3797 tertii
861 3733 1016 3797 nocturni
1041 3731 1223 3796 considebit
1238 3736 1313 3816 post
1328 3737 1495 3795 cantatam
1512 3730 1659 3796 lectiun-

439 3843 549 3908 culam
573 3839 759 3924 Evangelii.
1556 3926 1560 3934 Ι

525 3949 601 4014 248.
626 3947 734 4012 Stabit
756 3946 796 4010 ad
820 3966 939 4011 nonam
962 3931 1150 4022 lectionem,
1175 3966 1271 4029 quam
1295 3945 1443 4010 cantabit
1471 3943 1657 4031 Episcopus

438 4067 472 4122 et.
496 4056 572 4122 dum
596 4060 736 4120 canetur
764 4053 809 4120 Te
832 4054 953 4128 Deam,
979 4052 1272 4119 animadvertendo
1302 4051 1386 4136 quod
1421 4048 1658 4136 genuflecten-

437 4166 513 4230 dum
538 4161 652 4230 estad
676 4167 708 4235 t.
737 4162 782 4227 Te
805 4181 889 4245 erpo
913 4181 1130 4246 quaesamus
1154 4169 1216 4226 eto.
1241 4160 1317 4224 dum
1349 4179 1369 4223 a
1403 4159 1506 4224 choro
1540 4166 1600 4224 aut
1637 4179 1659 4226 a

439 4272 631 4337 cantoribus
655 4269 855 4334 cantabitur.

360 4362 364 4370 ¹
525 4379 600 4446 249.
625 4375 861 4442 Perseverabit
883 4382 974 4441 stare
997 4394 1062 4459 quo
1086 4383 1234 4461 tempore
1258 4375 1438 4460 Episcopus
1462 4394 1497 4439 se
1525 4375 1660 4460 parabit

439 4493 574 4573 propter
594 4485 727 4552 Laudes
749 4482 926 4570 canendas,
952 4485 984 4547 in
1007 4483 1125 4567 quibus
1150 4482 1416 4547 observabuntur
1432 4502 1515 4566 quae
1532 4481 1573 4547 de
1591 4484 1659 4550 Ve-

441 4596 544 4681 speris
567 4593 810 4682 pontificalibus
834 4591 985 4680 superius
1008 4592 1211 4658 notavimus,
