4175 5717
543 693 585 736 ·tr
983 695 1049 740 tta.
1074 693 1095 740 l.

450 867 453 872 .
555 825 706 868 :corson
741 803 941 868 iestrorsum
965 806 998 864 et
1022 799 1211 865 reverentia
1240 800 1379 866 chorum
1408 801 1577 882 salutabit,
1611 807 1652 870 ut

505 939 543 966 ····
598 917 609 972 ι’
623 933 710 978 urst.

537 1043 573 1080 --κ
614 1023 648 1083 ti
686 1019 793 1084 tha-e
816 1014 1004 1102 procedens,
1027 1012 1230 1100 genuflectet
1251 1014 1293 1080 ad
1317 1014 1466 1093 Crucem,
1489 1017 1651 1084 extremi·

459 1173 464 1182 .
505 1167 521 1186 t
545 1159 605 1190 „et
616 1177 623 1188 .
634 1149 721 1190 rores
735 1127 874 1190 restium
884 1121 1093 1188 celebrantis
1109 1121 1275 1198 sustollet,
1292 1123 1449 1188 ascendet
1465 1144 1539 1190 cum
1552 1143 1593 1190 eo
1606 1123 1649 1192 ad

533 1271 559 1298 -.
656 1255 676 1296 ·.·.
700 1231 805 1318 gradu
829 1231 992 1316 superiori
1008 1235 1082 1315 post.
1105 1231 1209 1316 ipsum
1227 1229 1459 1296 celebrantem
1475 1231 1648 1298 consistet.

535 1351 562 1408 tl
600 1345 738 1408 t'szrtsro
761 1359 780 1402 a
804 1336 1004 1402 Celebrante
1032 1335 1189 1414 OremuS,
1214 1339 1285 1402 sine
1309 1335 1543 1423 genuflexione
1572 1359 1653 1406 con·

493 1477 562 1514 scr:
592 1447 832 1534 <appelationis
855 1442 896 1508 ad
920 1442 1091 1509 dexteram
1115 1444 1218 1508 illius.

525 1565 570 1620 st
599 1547 705 1630 d'oruu
729 1551 957 1618 subdiaconus
979 1547 1122 1617 afferens
1153 1551 1290 1617 calicem
1313 1553 1445 1619 venerit
1463 1551 1503 1618 ad
1527 1553 1650 1620 Altafe

446 1697 460 1720 ·.
493 1689 565 1730 :sss
590 1661 780 1748 deposuerit
796 1660 828 1722 in
845 1658 955 1723 Altari
979 1660 1059 1744 ipso,
1076 1660 1240 1724 Diaconus
1264 1660 1402 1726 calicem
1425 1660 1558 1748 deteget
1582 1661 1652 1728 voli

443 1773 613 1838 terret-slis
635 1768 857 1843 extremitate,
882 1785 946 1849 qua
968 1768 1033 1830 erit
1057 1773 1261 1832 contectus·

520 1882 572 1944 ol.
598 1879 631 1944 Si
657 1879 745 1940 inter
769 1874 907 1941 Sacrum
931 1875 1086 1939 omissum
1110 1876 1175 1939 erit
1198 1875 1396 1960 symbolum,
1419 1875 1650 1944 Subdiaconus

433 2009 530 2073 capot·
553 1985 657 2050 colico
681 1979 796 2048 afferet
820 1980 953 2045 bursam
976 2000 1051 2046 cum
1075 1982 1251 2067 corporali.
1277 1984 1313 2046 ln
1337 1983 1401 2050 hoc
1424 2003 1502 2051 casu
1527 1985 1650 2052 Diaco-

433 2119 493 2160 nos
518 2109 586 2180 post
613 2095 758 2156 :strictum
782 2108 801 2153 e
826 2087 925 2152 bursa
948 2089 1060 2153 velum
1084 2089 1266 2166 humerale,
1292 2097 1403 2157 sumet
1419 2111 1499 2168 eam,
1525 2113 1650 2180 corpo-

432 2202 505 2266 rslo
522 2199 595 2264 iudo
618 2196 784 2272 extrahet,
809 2201 910 2281 ponet
939 2196 1084 2261 eamdem
1110 2217 1227 2262 versus
1262 2217 1367 2265 cornu
1400 2199 1585 2286 Evangelii,
1611 2205 1651 2266 ut

432 2309 582 2394 euporius
607 2305 801 2378 monuimus,
815 2309 849 2367 et
872 2304 1046 2389 corporale
1070 2307 1103 2369 in
1127 2306 1233 2371 medio
1257 2305 1446 2393 explicabit.

519 2415 571 2478 ttz’.
598 2412 718 2476 Postea
742 2408 866 2496 pallam
890 2418 1146 2497 contengentem
1163 2420 1316 2500 patenam
1332 2434 1407 2480 cum
1431 2415 1539 2481 hostia
1561 2435 1652 2482 amo·

434 2523 519 2586 volut
545 2526 579 2585 ot
602 2521 703 2604 ponet
731 2518 764 2581 in
796 2517 917 2592 Altari3
949 2525 1101 2603 patenam
1130 2540 1204 2586 cunt
1228 2521 1336 2587 hostia
1365 2528 1474 2587 sumet
1505 2527 1649 2608 utraque

431 2649 538 2700 tritanu,
563 2647 622 2692 seu
645 2625 769 2712 pollice
793 2629 827 2690 et
851 2623 957 2690 indice
981 2646 1098 2692 manus
1122 2630 1304 2712 utriusque,
1330 2628 1475 2694 earndem
1493 2623 1648 2714 patenam

430 2757 503 2802 ttttttt
521 2735 629 2800 hostia
646 2733 795 2820 porriget
811 2731 1011 2808 Celebranti,
1029 2733 1206 2800 advertens
1223 2743 1261 2800 ut
1280 2735 1449 2800 sinistrum
1474 2735 1649 2802 brachium

430 2864 524 2910 suum
549 2847 713 2929 supponat
736 2840 873 2907 brachio
897 2840 1037 2906 dextero
1062 2842 1263 2926 celebranti,
1286 2842 1362 2908 dum
1396 2862 1469 2909 eam
1503 2844 1563 2930 ipsi
1592 2843 1650 2908 mi·

430 2951 591 3019 nistrabit.

517 3065 569 3125 titt.
596 3061 629 3126 Si
653 3059 839 3146 particulae
862 3057 1110 3123 consecrandae
1127 3064 1224 3123 erunt
1248 3078 1287 3123 ac
1311 3060 1337 3124 si
1359 3064 1467 3144 erunt
1481 3060 1572 3124 intra
1594 3061 1649 3146 pi·

430 3171 548 3240 xidem.
573 3167 762 3234 observabit
786 3186 825 3231 ea
848 3184 932 3250 quae
955 3164 1110 3250 deinceps
1135 3165 1302 3232 trademus
1319 3167 1351 3231 in
1372 3166 1580 3253 paragrapho
1602 3167 1648 3235 de

433 3279 683 3346 (transcursione
709 3276 803 3343 Cleri
824 3274 861 3341 in
884 3275 998 3340 Misso
1020 3276 1174 3341 solemni.

516 3391 568 3452 tte.
593 3387 673 3450 Post
696 3385 780 3450 haec
801 3384 942 3469 accipiet
964 3383 1111 3457 calicem,
1137 3403 1232 3466 quem
1257 3402 1356 3469 super
1378 3383 1497 3448 Altare
1513 3389 1592 3450 ante
1608 3405 1646 3452 se

431 3495 574 3568 habebit,
599 3512 723 3580 ponens
759 3492 926 3566 sinistram
958 3510 1060 3576 prope
1090 3489 1211 3555 nodum
1242 3490 1354 3555 caliois
1388 3491 1499 3576 ipsius;
1530 3490 1647 3578 pollici

430 3605 584 3668 sinistrae
609 3601 753 3686 imponet
777 3596 1047 3684 purificatorium,
1066 3599 1121 3681 qui
1146 3597 1258 3662 calicis
1274 3596 1388 3681 pedem
1411 3599 1590 3682 cooperiat,
1608 3605 1648 3664 ut

432 3709 631 3774 ‹lolondatur
654 3709 679 3770 si
706 3707 793 3771 sorte
817 3725 882 3790 qua
903 3711 1000 3791 gutta
1023 3705 1090 3769 vini
1122 3703 1175 3769 vel
1201 3724 1305 3788 aquae
1336 3703 1375 3770 de
1405 3704 1561 3790 ampullis
1585 3705 1648 3772 de-

431 3817 565 3882 eidctht..

519 3923 571 3986 tt'r.
598 3921 788 4007 hmpullarn
821 3921 886 3984 vini
911 3940 931 3983 a
954 3918 1162 3984 Subdiacono
1198 3921 1415 3986 minist-ratam
1447 3921 1480 3984 in
1507 3921 1647 3988 calicem

432 4030 584 4098 inluudot
606 4033 764 4112 ‹puttnturu
793 4027 989 4092 monstrabit
1023 4025 1215 4102 Celebrans,
1240 4032 1274 4091 et
1303 4027 1482 4112 ampullam
1505 4035 1565 4094 aut
1596 4049 1648 4094 re-

432 4146 531 4226 ponet.
555 4139 585 4200 in
612 4134 788 4222 pelvicula,
813 4140 871 4199 aut
894 4132 1006 4199 tradet
1028 4132 1306 4199 caeremoniario.
1325 4134 1420 4218 Aqua
1442 4135 1476 4199 in
1506 4136 1647 4202 calicem

430 4269 450 4310 u
474 4245 678 4312 Srrlsliacono
703 4242 821 4316 inlusa,
846 4241 985 4307 dextera
1007 4248 1116 4306 sumet
1139 4238 1409 4326 purificatorium,
1434 4262 1498 4326 quo
1531 4249 1646 4329 guttas

431 4375 563 4440 sparsas
588 4353 620 4415 in
647 4347 857 4414 interioribus
881 4349 994 4413 calicis
1017 4347 1167 4434 partibus
1190 4347 1369 4434 absterget.

520 4465 571 4522 titt.
598 4455 864 4524 l’uriflcatorium
889 4457 921 4521 in
946 4454 1058 4520 Altari
1090 4454 1266 4539 relinquet,
1291 4457 1428 4522 calicem
1456 4462 1564 4524 sumet
1593 4479 1649 4546 ap-

434 4589 558 4656 ponens
588 4566 759 4632 ‹lcrxtoranr
788 4583 912 4650 cuppae
939 4569 973 4628 ot
1000 4562 1165 4627 sinistram
1201 4562 1316 4628 subtus
1347 4564 1471 4650 pedem,
1502 4565 1648 4634 Calicem
