4175 5717
519 693 562 756 62
980 709 1047 756 nra.
1073 710 1093 755 r.

519 816 594 882 596.
620 797 728 892 Quum
751 815 874 881 sederit
899 816 1090 902 Episcopus,
1115 813 1306 880 considebit.

519 924 594 990 597.
620 925 656 989 In
681 924 877 989 recitatione
908 924 1095 988 orationum
1125 929 1184 987 aut
1214 922 1247 988 in
1279 922 1474 988 inritat-ione
1501 919 1648 1008 ipsarum

429 1031 539 1097 stabit.

520 1138 595 1204 598.
621 1137 728 1213 Quum
753 1138 934 1226 Episcopus
950 1138 1095 1224 aliquam
1112 1146 1250 1226 peraget
1266 1137 1467 1225 peculiarem
1484 1136 1650 1202 actionem

431 1254 470 1312 ut
493 1267 521 1310 e.
546 1266 576 1331 g.
602 1245 813 1312 traditionem
830 1246 1128 1313 instrumentorum
1145 1245 1186 1311 ad
1203 1244 1402 1310 ordinandos
1417 1244 1649 1320 relativorum,
1682 1257 1684 1264 ·

434 1356 606 1420 unctiones
630 1373 730 1440 super
753 1353 884 1419 Altaria
906 1360 969 1419 etc.
995 1354 1114 1420 clerus
1137 1352 1328 1420 considebit.

520 1461 595 1527 599.
620 1460 654 1526 Si
678 1480 787 1547 genua
810 1457 921 1527 flectet
945 1462 1137 1549 Episcopus,
1161 1459 1450 1548 adgeniculabitur
1465 1464 1499 1524 et
1519 1457 1651 1534 Glerus,
1732 1533 1735 1538 Ι

433 1575 467 1633 et
490 1571 523 1632 in
547 1568 739 1652 quibusdam
761 1569 947 1635 actionibus
970 1569 1051 1635 licet
1075 1570 1256 1656 Episcopus
1278 1574 1480 1653 assurgeret,
1504 1562 1654 1631 manebit

434 1673 630 1762 genuflexus
655 1676 783 1753 Glerus,
809 1683 847 1742 ut
869 1679 903 1742 in
924 1677 1155 1744 benedictione
1179 1697 1275 1762 quam
1299 1676 1401 1742 donat
1417 1674 1600 1760 Episcopus
1615 1670 1653 1735 in

434 1783 739 1849 consecrationibus
763 1783 823 1849 sub
847 1786 972 1849 exitum
997 1786 1215 1851 Litaniarum.

522 1891 598 1956 699.
622 1891 721 1957 Hisce
745 1892 934 1958 constitutis
957 1894 1136 1978 principiis,
1161 1893 1241 1959 satis
1271 1892 1337 1956 erit
1359 1892 1392 1955 in
1424 1883 1656 1982 occasionibus

436 2004 536 2064 nutus
560 1998 679 2082 aliquis
705 1999 993 2064 caeremoniarum
1017 1999 1180 2085 Magistri,
1205 2005 1243 2065 ut
1266 2018 1331 2083 qua
1353 1997 1516 2084 positione
1540 1993 1658 2060 censi-

435 2106 587 2172 stendum
611 2106 670 2171 sibi
695 2108 749 2183 sit,
774 2107 892 2173 clerus
917 2106 1017 2172 facile
1040 2107 1218 2192 intelligat.

755 2430 806 2485 DE
826 2428 975 2486 ORDINE
1001 2427 1333 2488 PRAECEDENTIAE

579 2537 618 2594 IN
640 2537 775 2596 CHORO
795 2538 846 2595 ET
866 2537 906 2593 IN
926 2535 1266 2594 PROCESSIONIBUS
1295 2531 1510 2592 SERVAND'O

934 2861 1077 2927 CAPUT
1103 2862 1160 2926 tv.

442 3172 468 3234 l.
496 3089 556 3239 In
573 3168 799 3233 functionibus
815 3166 1050 3233 ecclesiasticis
1067 3167 1298 3254 praecedentia
1314 3174 1348 3232 et
1364 3166 1458 3232 locus
1469 3165 1659 3231 distinctior

438 3276 479 3341 ad
502 3276 669 3360 digniores
693 3282 821 3363 spectat
843 3280 878 3340 et
900 3277 1115 3359 antiquiores.

526 3384 556 3447 2.
583 3384 732 3468 Dignitas
755 3404 773 3449 e
797 3381 902 3468 gradu
926 3382 1111 3448 desumitur
1133 3403 1197 3468 quo
1221 3384 1358 3466 quisque
1385 3387 1437 3447 est
1467 3381 1657 3466 insignitus,

437 3494 483 3555 ita
507 3497 544 3555 ut
568 3492 600 3554 in
625 3490 879 3557 Gathedralibus
902 3491 1088 3577 Dignitates
1111 3490 1311 3578 praecedant
1335 3491 1529 3566 canonicos,
1546 3489 1658 3555 Gano-

438 3600 502 3663 nici
521 3597 752 3663 beneficiarios
769 3605 802 3665 et
818 3599 1070 3674 Mansionarios‚
1088 3599 1303 3664 Mansionarii
1325 3597 1544 3683 Cappellanos
1561 3595 1656 3662 chori

439 3713 472 3772 et
496 3707 647 3772 clericos.
673 3707 862 3791 Antiquitas
885 3714 996 3773 autem
1012 3707 1197 3773 desumitur
1213 3727 1233 3772 a
1248 3707 1300 3773 die
1316 3706 1541 3793 possessionis,
1558 3725 1656 3789 quam

441 3816 664 3899 unusquisque
687 3814 917 3881 beneficiarius
948 3816 1044 3882 inivit
1073 3815 1114 3881 de
1145 3817 1331 3901 respectiva
1361 3810 1557 3901 praebenda,
1589 3831 1656 3877 non

442 3944 523 3990 vero
546 3923 586 3988 ab
609 3929 719 3989 aetate
742 3930 802 3989 aut
824 3924 864 3989 ab
887 3925 1120 3989 anterioritate
1142 3924 1360 3990 ordinationis
1384 3920 1401 4005 (
1419 3922 1446 4008 ).

511 4141 553 4208 (a)
574 4139 604 4196 Si
626 4138 837 4196 interceptum
857 4140 1074 4199 canonicorum
1094 4149 1145 4199 aut
1164 4141 1428 4200 Beneficiariorum
1449 4149 1529 4198 esset
1556 4141 1657 4199 Canu·

444 4230 525 4285 nicus
545 4239 595 4286 aut
613 4229 829 4287 Beneficiarius
847 4231 983 4296 clericus,
996 4249 1084 4305 quum
1105 4234 1180 4289 aiter
1199 4232 1367 4291 canonicus
1380 4239 1431 4289 aut
1442 4231 1659 4289 Beneficiarius

444 4321 644 4376 nontinaretur
662 4320 710 4395 qui
730 4321 878 4379 Sacerdos
897 4328 977 4378 esset
995 4330 1046 4379 aut
1064 4323 1093 4378 in
1112 4322 1206 4380 saeris
1224 4323 1384 4380 Ordinibus
1406 4321 1589 4388 constitutus,
1609 4321 1658 4378 bic

445 4409 539 4463 lorum
561 4416 587 4463 ot
608 4402 809 4484 antiquitatem
828 4428 919 4482 super
937 4412 1047 4469 clerico
1060 4411 1195 4487 accipiet,
1208 4412 1342 4484 quamvis
1352 4412 1401 4468 iiie
1414 4411 1578 4485 antiquiore
1592 4428 1661 4483 pos·

444 4496 575 4554 sessione
595 4499 640 4554 sit.
660 4501 827 4557 Notandum
847 4507 944 4557 autem
967 4501 993 4556 in
1014 4501 1089 4560 baruc
1110 4520 1171 4558 rem
1192 4513 1244 4561 ost,
1271 4503 1348 4574 quod
1377 4517 1569 4574 unaquaeque
1598 4500 1658 4557 Ec·

443 4586 534 4645 etesia
553 4595 601 4643 aut
622 4590 786 4661 Capitulum
806 4609 876 4647 snas
889 4590 978 4648 babet
989 4591 1212 4648 constitutiones
1225 4591 1519 4664 consuetudinesque.
1533 4590 1569 4646 ad
1584 4607 1659 4663 qua·
1684 4583 1693 4608 ¹
