4175 5717
522 689 584 752 lltt
965 707 1029 753 nrn.
1056 705 1103 752 ιιι.

433 818 524 880 rabit
548 835 673 888 manus,
698 814 858 880 mundans
882 814 1035 900 pollicem
1053 814 1227 879 dexterum
1244 811 1392 879 medulla
1407 813 1501 900 panis
1516 813 1636 878 etmali

432 923 558 989 medici.

519 1030 572 1096 85.
597 1029 729 1095 Interea
751 1028 947 1096 recitabitur
970 1048 1121 1115 sequens:

523 1265 602 1330 Ant.
628 1261 799 1330 Centirma
822 1264 895 1338 hoc,
919 1263 1017 1338 Deus,
1031 1263 1118 1347 quod
1142 1263 1298 1348 operatus
1317 1283 1351 1328 es
1369 1265 1402 1327 in
1420 1262 1515 1329 nobis
1532 1280 1552 1327 a
1567 1271 1643 1328 tem·

433 1393 488 1476 plo
512 1397 627 1455 sancte
651 1396 718 1465 tuo,
740 1389 826 1473 quod
849 1395 901 1454 est
923 1391 957 1454 in
979 1387 1174 1454 Jerusalem.
1199 1395 1230 1462 ι.
1254 1389 1369 1454 Gldria
1393 1388 1490 1454 Patri
1505 1393 1541 1452 et
1558 1385 1642 1452 Filio

433 1525 467 1580 et
484 1514 622 1600 Spiritui
638 1514 771 1580 Sancto.
798 1525 833 1594 ιι.
858 1515 950 1580 Sicut
966 1519 1039 1581 erat
1063 1517 1095 1580 in
1120 1513 1281 1601 principio
1297 1521 1331 1580 et
1347 1533 1438 1580 nunc
1454 1521 1489 1580 et
1505 1533 1641 1599 semper,

434 1645 515 1707 etin
533 1641 657 1706 saecnia
681 1641 890 1706 saeculdrum.
916 1641 1029 1706 Amen.
1057 1637 1228 1707 Gonflrma
1251 1639 1324 1718 hoc,
1337 1641 1436 1716 Deus,
1453 1637 1543 1724 quod
1567 1659 1644 1726 epe·

436 1769 528 1834 ratus
552 1789 587 1833 es
612 1768 644 1832 in
668 1767 762 1832 nobis
787 1787 807 1831 a
829 1766 952 1852 templo
977 1771 1093 1832 sancto
1116 1772 1185 1840 tuo,
1208 1764 1294 1850 quod
1318 1771 1369 1831 est
1391 1767 1425 1832 in
1450 1763 1646 1832 Jeruisalem.

522 2019 575 2083 86.
601 2019 770 2084 Parcchus
794 2017 949 2084 detrahet
971 2020 1102 2083 mitram
1127 2018 1299 2104 Episcop0‚
1331 2018 1386 2102 qui
1416 2025 1586 2104 assurget,
1614 2037 1648 2084 se

435 2133 610 2192 convertet
634 2125 675 2191 ad
699 2126 817 2191 Altare
840 2132 875 2190 et
897 2124 1019 2191 iunctis
1043 2124 1203 2202 manibus,
1226 2123 1323 2190 dicet:

524 2384 556 2452 ι.
602 2377 749 2444 Ostende
772 2377 874 2450 nobis,
898 2377 1045 2450 deine‚
1070 2375 1325 2442 misericerdiam
1349 2382 1451 2442 tuam.

525 2513 560 2584 ιι.
609 2503 653 2568 Et
675 2503 824 2567 salutare
847 2507 941 2568 tuum
964 2501 1006 2566 da
1028 2501 1131 2566 nobis.

525 2635 556 2702 ι.
602 2627 748 2702 deine,
772 2625 892 2692 exaudi
916 2625 1097 2692 oraticnem
1122 2645 1236 2692 meam.

526 2765 561 2834 ιι.
608 2755 648 2818 Et
675 2753 801 2817 clamor
824 2773 915 2817 meus
938 2752 980 2818 ad
1003 2759 1036 2818 te
1060 2752 1181 2819 vdniat.
1220 2823 1223 2830 ,

525 2887 556 2954 ι.
603 2878 760 2945 Diminus
784 2873 962 2944 vobiscum.

527 3016 561 3084 ιι.
609 3005 653 3070 Et
675 3025 750 3069 cum
773 3001 893 3088 spiritu
918 3010 985 3069 tuo.

956 3367 1134 3436 OREMUS

440 3609 593 3764 Deus,
617 3691 671 3772 qui
696 3691 863 3775 Apdstolis
894 3694 960 3758 tuis
992 3693 1150 3760 Sanctum
1181 3692 1299 3761 dedisti
1331 3694 1491 3783 Spiritum
1523 3703 1562 3762 et
1585 3669 1652 3785 'per

440 3832 496 3878 eos
521 3813 698 3898 eorumque
722 3817 931 3884 successdres
954 3821 1084 3884 caeteris
1108 3818 1259 3886 fidelibus
1284 3820 1477 3887 tradendam
1502 3843 1652 3890 essevo-

441 3940 541 4006 lnisti:
566 3940 692 4026 respice
707 3938 869 4028 propitius
885 3944 924 4009 ad
941 3946 1137 4013 humilitatis
1154 3951 1276 4012 nostrat
1291 3945 1501 4024 famulatum,
1518 3954 1556 4013 et
1571 3969 1654 4035 praa-

439 4071 500 4138 ιιι,
525 4073 562 4130 ut
585 4086 699 4131 eorum
723 4067 832 4144 corda,
857 4090 995 4153 quorum
1020 4074 1150 4140 frontes
1174 4094 1270 4140 sacro
1294 4071 1480 4140 chrismate
1497 4073 1655 4142 delinivi-

439 4210 521 4262 mus,
546 4199 580 4252 et
603 4193 695 4274 signo
720 4201 842 4258 sancta
867 4198 982 4264 Crucis
1007 4200 1218 4282 signavimus,
1244 4198 1327 4263 idem
1345 4197 1488 4283 Spiritus
1505 4198 1653 4267 Sanctus

439 4315 471 4377 in
495 4317 541 4378 eis
566 4319 801 4402 superveniens
825 4326 984 4411 tempium
1007 4325 1123 4408 gldriae
1147 4345 1214 4390 suae
1239 4325 1414 4410 dignanter
1434 4325 1654 4393 inhabitando

439 4439 602 4524 perficiat.
627 4442 689 4517 Qui
713 4466 787 4511 cunr
811 4448 912 4513 Patre
935 4455 970 4512 et
991 4445 1104 4514 eodem
1130 4447 1254 4533 Spiritu
1280 4450 1401 4516 Sancto
1425 4450 1511 4516 rivis
1535 4459 1573 4519 et
1597 4473 1654 4520 re-

438 4585 521 4651 gnas
545 4567 631 4633 [teus
656 4589 714 4656 per
738 4573 847 4641 dnrnia
869 4572 994 4638 saecula
1016 4571 1224 4642 saeculdrum.
1249 4585 1285 4654 ιι.
1311 4576 1424 4641 Amen.
