4175 5717
525 755 586 822 170
979 779 1045 827 nra.
1071 777 1105 827 11.

518 885 571 948 75.
597 885 772 952 Processio
794 885 958 972 dirigetur
992 894 1092 952 extra
1122 888 1308 954 ecclesiam.
1341 887 1375 956 Si
1409 883 1656 956 transeundum

431 993 497 1056 erit
519 999 597 1057 ante
622 991 740 1057 Altare
765 993 821 1058 SS.
855 993 1073 1069 sacramenti,
1108 993 1166 1060 fiet
1196 995 1237 1061 ab
1268 995 1418 1062 omnibus
1449 993 1657 1084 genuflexio,

431 1111 571 1186 excepto
595 1099 804 1166 Subdiacono
827 1108 981 1186 gestante
1005 1103 1157 1169 Crucem.
1183 1103 1371 1170 Notandum
1395 1105 1503 1181 etiam,
1522 1101 1613 1190 quod
1629 1103 1658 1170 ai

430 1211 645 1276 celebrentur
668 1209 789 1274 Missae
813 1211 847 1274 in
871 1209 1046 1276 Altaribns
1080 1211 1272 1289 minoribus,
1304 1231 1372 1278 non
1407 1217 1459 1279 est
1488 1209 1660 1298 pulsanda

430 1317 627 1404 campanula
651 1315 692 1381 ad
716 1315 869 1384 Saucius
885 1317 1050 1401 nequead
1067 1318 1298 1396 elevationem,
1315 1339 1357 1384 ne
1376 1317 1495 1386 Olenus
1511 1325 1660 1404 cogatur

430 1421 656 1510 genuflectere
680 1443 719 1489 ac
742 1426 988 1508 processionem
1012 1425 1223 1511 abrumpere.
1307 1481 1309 1486 .

518 1533 569 1596 76.
595 1533 813 1596 processione
837 1551 880 1596 en
903 1531 1049 1598 ecelesia
1072 1530 1276 1617 egrediente,
1315 1551 1428 1598 ornnes
1460 1533 1661 1618 cooperient

431 1645 538 1726 eaput,
564 1639 712 1724 exceptis
747 1636 966 1714 Subdiacono,
992 1639 1181 1724 Aoolythis,
1214 1638 1433 1704 thuriferario
1463 1643 1497 1704 et
1530 1637 1662 1706 Caere-

431 1748 600 1811 moniario.
625 1747 798 1812 Processio
821 1751 981 1830 sequetur
1004 1751 1133 1832 partem
1149 1745 1322 1812 dexteram
1338 1751 1455 1833 portae
1470 1765 1510 1812 ac
1535 1743 1663 1812 redibit

429 1861 507 1920 ante
531 1861 661 1940 portam
684 1855 797 1938 ipsam,
821 1853 929 1938 quoad
952 1851 1024 1918 fleri
1050 1855 1173 1938 poterit
1195 1859 1332 1940 propter
1355 1855 1497 1940 spatium
1522 1853 1662 1940 plateae

430 1983 489 2027 seu
514 1963 596 2037 viae,
620 1981 704 2045 quae
721 1961 903 2046 principem
918 1960 1083 2026 ecclesiae
1100 1966 1230 2046 portam
1246 1967 1447 2047 prospectat.
1465 1961 1661 2046 Antequam

430 2089 473 2134 ex
497 2069 641 2134 ecclesia
664 2073 789 2134 exeant
811 2075 976 2144 cantores,
1002 2067 1067 2133 duo
1084 2087 1126 2133 ex
1144 2069 1216 2134 istis
1233 2069 1418 2134 consistent
1432 2068 1520 2155 apud
1537 2075 1663 2154 portae

432 2177 624 2241 interiorem
648 2181 787 2262 partem.

520 2287 572 2350 77.
598 2285 743 2368 Egressa
765 2285 987 2369 processione,
1012 2282 1192 2349 claudetur
1215 2290 1312 2369 porta
1327 2281 1520 2370 principalis
1535 2301 1577 2350 ac
1593 2281 1664 2350 duo

432 2401 587 2460 cantores
611 2396 739 2456 stantes
763 2392 862 2468 intra,
887 2391 1042 2456 conversi
1068 2397 1169 2456 erunt
1191 2390 1232 2455 ad
1255 2397 1384 2476 portam
1408 2392 1522 2476 ipsam.

521 2501 574 2564 78.
599 2499 826 2564 Processionis
849 2505 998 2583 tempore
1021 2497 1246 2582 pulsabuntur
1268 2497 1390 2563 festivo
1414 2517 1505 2564 more
1542 2517 1664 2594 omnes

431 2607 594 2672 ecclesiae
617 2625 809 2690 campanae.

518 2713 571 2777 79.
596 2713 731 2777 Interea
754 2711 902 2778 Sacrista
924 2714 1071 2777 amoveri
1096 2711 1222 2778 iubebit
1244 2711 1382 2779 abacum
1405 2732 1508 2799 prope
1532 2711 1660 2782 altare

432 2824 541 2896 situm,
567 2823 600 2885 in
624 2840 688 2905 qao
712 2819 865 2886 iacebant
887 2818 1027 2904 palmae,
1052 2827 1086 2885 et
1117 2820 1193 2905 poni
1224 2820 1256 2884 in
1286 2819 1397 2885 Altari
1427 2818 1574 2887 tabellas
1613 2841 1668 2888 se-

430 2937 609 3002 cretarum,
634 2934 668 2994 et
693 2929 725 2992 in
750 2947 885 2992 scamno
910 2925 1120 2992 celebrantis
1144 2945 1183 2992 ac
1208 2927 1439 2992 Ministrorum
1462 2931 1664 3014 praeparari

432 3055 491 3121 pro
516 3035 715 3101 celebrante
733 3033 937 3119 manipulum
955 3041 988 3098 et
1005 3033 1184 3118 planetam,
1203 3053 1262 3119 pro
1275 3033 1438 3099 Ministris
1456 3035 1666 3122 manipulos.

519 3144 572 3209 80.
598 3143 634 3207 ln
659 3142 885 3208 Processionis
903 3139 1012 3205 reditu
1029 3140 1071 3206 ad
1087 3147 1217 3227 portam
1234 3140 1406 3217 ecclesiae,
1424 3140 1664 3210 Subdiaconus

432 3252 593 3315 consistet
616 3252 649 3315 in
673 3249 786 3314 limine
809 3269 885 3314 cum
909 3247 1087 3334 Acolythis
1112 3269 1133 3313 a
1156 3248 1329 3325 lateribus,
1354 3245 1394 3314 ac
1417 3249 1665 3318 thuriferarius

434 3377 535 3443 prope
560 3356 765 3442 acolythum
789 3359 941 3443 primum:
967 3355 1087 3421 Clarus
1112 3355 1321 3421 ordinabitur
1347 3355 1485 3422 induas
1509 3357 1585 3424 alas
1611 3361 1667 3424 iis-

433 3465 506 3528 ‹lem
530 3463 629 3529 lineis
653 3485 728 3530 cum
753 3464 900 3550 postibus
924 3469 1050 3549 portae,
1076 3464 1167 3528 etin
1191 3464 1306 3549 plures
1331 3464 1431 3528 etiam
1455 3463 1604 3546 ordines,
1634 3467 1666 3534 si'

434 3591 570 3636 necesse
594 3572 706 3637 inerit:
732 3571 913 3637 Celebrans
937 3590 1012 3636 cum
1036 3571 1182 3638 Diacono
1206 3570 1364 3637 subsistet
1398 3573 1432 3636 in
1465 3571 1576 3639 medio
1608 3573 1668 3641 ad·

437 3700 555 3745 versus
580 3686 719 3766 portam.

522 3787 575 3852 81.
599 3787 671 3851 Hoc
695 3786 749 3850 vel
773 3786 840 3850 alio
864 3785 970 3862 modo,
988 3790 1025 3851 ut
1041 3785 1243 3852 commodius
1261 3786 1440 3864 videbitur,
1457 3791 1569 3854 stante
1586 3807 1666 3876 pro·

435 3898 594 3974 cessione,
618 3895 684 3960 duo
708 3900 862 3959 cantores
886 3896 1067 3978 quierunt
1091 3896 1180 3960 intra
1203 3894 1389 3972 ecclesiam,
1415 3894 1606 3962 cantabunt
1629 3901 1664 3972 l.

438 4006 568 4079 Gloria,
594 4006 674 4070 laus
697 4009 728 4069 et
752 4003 865 4070 aanor
887 4009 950 4068 etc.
976 4003 1140 4070 (lautores
1165 4010 1199 4070 et
1223 4003 1343 4070 Olerus
1366 4005 1422 4088 qui
1438 4011 1541 4070 erunt
1557 4011 1665 4074 extra

436 4111 682 4200 respondebunt
705 4109 853 4174 canendo
873 4108 1027 4174 eumdem
1043 4111 1257 4178 versiculum.
1274 4108 1399 4176 Deinde
1415 4107 1481 4177 duo
1502 4117 1665 4182 cantores

435 4223 525 4286 intra
547 4217 789 4287 continuabunt
812 4236 932 4282 canere
956 4214 1101 4282 alterum
1126 4217 1330 4281 versiculum
1354 4216 1471 4283 Israel
1485 4237 1522 4284 es
1541 4225 1582 4285 tu
1595 4225 1663 4288 etc.

438 4330 599 4395 Cantores
623 4332 657 4393 et
680 4325 798 4392 Olerus
821 4330 920 4389 extra
944 4324 1193 4408 respondebunt
1218 4324 1349 4402 Gloria,
1376 4323 1454 4391 aas
1478 4331 1511 4392 et
1544 4325 1666 4396 bonor

438 4443 500 4501 etc.
524 4443 622 4522 atque
646 4437 693 4500 ita
715 4433 879 4518 deinceps.
904 4432 1028 4498 Omnes
1053 4429 1212 4517 praedicti
1236 4431 1396 4498 versiculi
1421 4432 1476 4497 vel
1510 4452 1590 4519 pars
1623 4435 1667 4501 il·

438 4543 548 4607 lorum
571 4543 771 4619 cantabitur,
796 4544 895 4626 prout
917 4537 1043 4603 libebit.

525 4650 578 4714 82.
601 4649 710 4726 Quum
733 4647 898 4735 completa
922 4648 986 4712 erit
1009 4645 1181 4729 responsio
1205 4665 1225 4710 a
1249 4646 1348 4714 Glero
1366 4653 1464 4713 extra
1480 4648 1663 4718 ecclesiam
