4175 5717
527 745 569 810 42
981 761 1047 809 nm.
1072 757 1107 810 11.

437 877 470 934 et
494 869 726 934 Subdiaconus
751 871 890 955 recipiet
914 877 1055 954 uterque
1071 870 1111 935 ab
1135 869 1305 956 Acolythc
1322 869 1465 935 biretum
1481 887 1545 954 quo
1561 865 1662 934 modo

437 979 590 1062 superius
608 976 767 1042 traditum
784 983 844 1052 est,
863 983 897 1041 et
912 979 1081 1042 sinistram
1098 981 1272 1042 extensam
1288 976 1503 1064 applicabunt
1517 976 1660 1062 pectori,

436 1084 577 1150 dextera
599 1091 711 1149 autem
733 1084 876 1150 biretum
900 1091 979 1149 ante
1001 1092 1119 1170 pectus
1147 1084 1377 1150 sustinebunt.
1393 1103 1429 1149 sc
1462 1083 1663 1150 salutabunt

435 1193 476 1258 ad
501 1195 642 1258 invicem
666 1199 700 1257 et
723 1194 757 1257 in
781 1212 915 1258 scamno
939 1192 1168 1258 considebunt.
1193 1192 1354 1279 Acolythi
1378 1199 1459 1259 tunc
1475 1192 1662 1258 sustollent

437 1302 622 1386 respective
650 1299 861 1365 dalmaticam
891 1306 951 1364 aut
984 1299 1181 1365 tunicellam
1216 1320 1259 1365 ex
1291 1307 1385 1386 parte
1416 1301 1594 1386 posteriori
1621 1305 1664 1381 ,et

437 1427 537 1493 super
561 1406 752 1493 postergale
768 1407 893 1472 scamni
917 1405 1111 1484 extendent,
1129 1427 1171 1472 ne
1195 1407 1341 1471 Ministri
1364 1406 1543 1492 praedictis
1565 1425 1664 1492 para·

435 1516 555 1580 mentis
579 1514 751 1579 insideant.
778 1514 941 1579 Diaconus
964 1521 999 1579 et
1023 1513 1251 1579 Subdiaconus
1278 1521 1378 1600 eaput
1401 1514 1510 1580 bireto
1533 1533 1661 1600 coope-

437 1624 533 1696 rient,
558 1641 739 1706 manusque
756 1628 912 1688 extensas
935 1623 969 1687 in
986 1622 1061 1686 sinu
1078 1627 1211 1706 ponent,
1230 1621 1463 1688 Celebrantem
1479 1623 1660 1688 imitantes.

436 1729 596 1814 Acclythi
627 1731 756 1795 interea
786 1732 921 1795 venient
949 1736 1028 1795 ante
1060 1728 1302 1806 Celebrantem,
1334 1749 1431 1814 quem
1466 1730 1661 1796 reverentia

436 1836 600 1922 profunda
629 1836 728 1901 simul
758 1837 980 1913 honorabunt,
1009 1843 1079 1902 tum
1108 1836 1264 1903 redibunt
1293 1836 1335 1902 ad
1369 1837 1518 1915 abacum,
1547 1837 1661 1923 ibique

436 1946 558 2009 iunctis
582 1944 733 2011 manibus
756 1944 903 2016 stabunt.

522 2053 575 2116 67.
601 2051 720 2119 clerus
744 2052 778 2116 in
802 2052 905 2117 choro
929 2051 1113 2117 conridebit
1136 2060 1170 2117 et
1193 2052 1300 2118 bireto
1324 2059 1417 2139 teget
1439 2060 1549 2140 caput
1574 2071 1661 2119 can-

434 2167 525 2224 tores
549 2166 687 2234 tantum,
712 2160 767 2244 qui
791 2166 869 2224 ante
893 2159 995 2246 legile
1019 2166 1150 2235 canent,
1176 2159 1311 2225 stabunt
1334 2162 1442 2247 capite
1464 2159 1602 2226 nudato.

522 2267 574 2330 68.
600 2265 777 2331 Sublimem
791 2274 910 2332 cantus
928 2267 1036 2332 ultimi
1053 2267 1173 2352 Kyme,
1191 2266 1233 2332 ad
1250 2273 1368 2332 nutum
1384 2267 1661 2344 Gaeremcniarii,

434 2380 638 2459 consurgent
660 2374 759 2439 simul
784 2375 948 2440 Diacouus
966 2382 1000 2440 et
1023 2373 1260 2452 Subdiaconus,
1285 2376 1340 2458 qui
1364 2374 1441 2440 dum
1464 2380 1661 2460 assurgent,

433 2489 533 2567 caput
556 2484 706 2567 aperient
728 2489 762 2547 et
784 2484 955 2548 sinistram
977 2484 1105 2569 pectori
1129 2483 1351 2569 applicabunt:
1369 2482 1426 2548 ubi
1441 2483 1661 2549 surrexerint

433 2589 576 2654 biretum
599 2590 633 2652 in
650 2608 783 2654 scamno
800 2609 860 2654 suo
876 2588 951 2654 loeo
968 2589 1171 2674 relinquent.
1190 2589 1371 2655 Celebrans
1388 2588 1527 2655 nudabit
1543 2597 1660 2675 caput,

432 2696 576 2762 biretum
599 2695 710 2762 tradet
725 2696 880 2773 Diacon0‚
898 2698 953 2780 qui
969 2699 1110 2783 accipiet
1126 2704 1160 2763 et
1175 2706 1276 2783 ponet
1292 2696 1376 2762 illud
1394 2717 1495 2784 super
1519 2717 1658 2764 scamno

433 2822 497 2887 quo
521 2803 595 2867 loco
620 2802 713 2868 sedet
736 2802 929 2881 Celebrans,
947 2811 1120 2891 postquam
1137 2806 1200 2869 iste
1215 2807 1452 2870 assurrexerit.
1470 2805 1658 2872 Celebrans

432 2909 540 2975 bireto
556 2908 679 2974 tradito
704 2908 858 2987 Diacono‚
882 2918 1047 2996 assurget
1065 2911 1217 2976 Minister
1233 2919 1344 2976 autem
1369 2918 1520 2997 uterque,
1537 2931 1658 2978 assur-

432 3024 532 3101 gente
556 3017 626 3094 illo‚
650 3017 818 3103 planetam
841 3020 912 3084 eius
936 3038 954 3083 e
977 3018 1161 3110 postergali
1184 3020 1309 3084 scamni
1333 3020 1512 3085 extollent.

521 3126 573 3192 69.
598 3127 806 3211 Assurgente
835 3126 1044 3204 Celebranta
1070 3133 1251 3211 consurget
1274 3128 1372 3193 etiam
1397 3127 1529 3193 Clarus.

519 3235 572 3299 70.
598 3234 778 3300 Celebrans
802 3254 876 3299 cum
902 3235 1047 3300 Diacono
1070 3234 1284 3300 dextrorsum
1308 3241 1342 3300 et
1373 3234 1581 3300 Subdiaeono
1614 3237 1657 3302 si·

432 3344 631 3407 nistrorsum
655 3341 824 3406 discedent
847 3341 888 3406 de
911 3361 1055 3406 scamno.
1080 3341 1252 3407 Accedent
1266 3341 1513 3426 aliquantulum
1529 3341 1571 3407 ad
1588 3341 1656 3408 Al-

431 3457 515 3525 tare;
532 3468 572 3513 ac
587 3450 613 3513 si
629 3449 751 3513 chorus
768 3450 832 3513 erit
847 3456 926 3514 ante
941 3448 1062 3513 Altare
1078 3449 1192 3534 ipsum,
1205 3469 1327 3535 paucos
1344 3469 1460 3535 passus
1476 3470 1494 3515 e
1517 3469 1656 3516 scamno

429 3558 597 3641 progressi
621 3575 656 3621 se
680 3564 878 3621 convertent
908 3555 949 3620 ad
973 3576 1046 3620 eam
1070 3556 1163 3620 chori
1193 3564 1330 3642 partem,
1355 3576 1439 3642 quae
1467 3577 1510 3622 ex
1541 3556 1654 3623 latere

432 3663 603 3749 Epistulae
618 3666 681 3730 sita
697 3672 757 3742 est,
775 3671 810 3730 et
824 3663 866 3729 ad
883 3664 1018 3729 Glerum
1043 3663 1086 3728 ibi
1110 3671 1252 3729 stantem
1268 3665 1394 3730 facient
1413 3667 1654 3731 reverentiam:

430 3779 501 3836 tum
526 3771 705 3856 procedent
728 3771 810 3836 duos
834 3778 946 3837 tresve
969 3772 1054 3837 alios
1077 3791 1193 3856 passus
1217 3792 1336 3838 versus
1352 3772 1495 3838 medium
1517 3771 1654 3848 Altare,

432 3887 466 3943 et
489 3877 581 3944 Cleri
603 3898 624 3942 a
646 3878 754 3943 latere
778 3879 953 3963 Evangelii
977 3887 1106 3964 partem
1130 3879 1334 3956 salutabunt,
1351 3879 1472 3946 dehinc
1487 3886 1566 3947 ante
1594 3883 1656 3948 Al·

430 3991 503 4050 tarc
528 3984 793 4069 progredientur.
818 3986 902 4050 Dum
926 3993 1026 4051 erunt
1057 3987 1238 4052 salutaturi
1267 3987 1357 4054 Cleri
1391 4007 1540 4054 ecornu
1570 3989 1656 4077 Epi-

431 4092 537 4156 stolae
561 4100 698 4177 partem,
724 4093 887 4158 [liaconus
910 4093 1062 4178 paullum
1097 4093 1300 4160 accelerabit
1322 4094 1472 4180 gradum,
1497 4103 1532 4161 et
1563 4095 1656 4164 Sub-

430 4197 587 4264 diaconus
611 4200 779 4285 paulisper
803 4200 986 4265 retardabit
1009 4204 1056 4266 ita
1080 4204 1174 4266 utin
1197 4203 1409 4268 salutationis
1436 4210 1514 4270 actu
1549 4225 1654 4271 unam

430 4308 521 4388 quasi
545 4307 667 4371 lineam
692 4327 766 4372 cum
791 4305 991 4373 Celebrante
1015 4306 1198 4375 efforment:
1231 4330 1249 4375 e
1278 4329 1440 4377 converso
1468 4311 1656 4380 salutaturi

429 4413 570 4477 alteram
595 4414 685 4479 (lieri
710 4434 727 4479 e
751 4414 859 4479 latere
883 4416 1059 4501 Evangelii
1090 4423 1228 4502 partem,
1261 4417 1488 4485 Subdiaconus
1522 4419 1656 4486 accele-

431 4519 518 4583 rabit
539 4521 678 4604 gradum
702 4530 736 4588 et
759 4523 924 4588 Diaconus
948 4523 1172 4590 remorabitur
1196 4533 1234 4590 ut
1257 4546 1355 4591 unam
1376 4526 1589 4611 eamdemque
1615 4527 1656 4594 li·

431 4644 526 4794 peam
542 4647 617 4692 eum
635 4629 834 4698 Celebrante
850 4629 1003 4708 efficiant,
1021 4632 1292 4716 quemadmodum
1309 4634 1349 4700 de
1365 4643 1460 4720 parte
1476 4635 1653 4721 Epistolne

455 4732 554 4799 ictum
579 4744 639 4802 est.
