4175 5717
434 1403 550 1460 LIBER
587 1405 633 1461 111.

433 1584 565 1642 CAPUT
585 1585 606 1642 1.

434 1673 566 1731 CAPUT
587 1674 620 1730 11.

433 1763 565 1821 CAPUT
587 1764 633 1820 111.

433 1853 565 1911 CAPUT
587 1853 635 1909 iV.

432 1939 565 2001 CAPUT
585 1944 621 1996 V.

431 2031 562 2090 CAPUT
583 2031 632 2088 Vi.

431 2121 562 2178 CAPUT
583 2121 645 2177 Vll.

432 2209 564 2268 CAPUT
585 2211 660 2268 vttl.

430 2389 564 2448 CAPUT
585 2391 634 2448 tx.

431 2479 563 2537 CAPUT
582 2481 620 2537 X.

430 2569 563 2627 CAPUT
582 2569 633 2625 XI.

430 2658 562 2715 CAPUT
582 2657 647 2714 Xil.

429 2840 548 2897 niens
568 2841 615 2897 rv.

429 3110 563 3168 meur
582 3109 602 3166 1.

430 3378 562 3437 cnrur
582 3379 615 3435 n.

430 3647 563 3705 onrur
582 3646 629 3704 111.
675 3617 678 3622 ’

431 3736 563 3793 csrur
584 3736 632 3792 rv.

431 3915 565 3971 enrur
584 3914 620 3969 v.

430 4093 563 4151 cnrur
582 4092 631 4148 vr.

430 4269 561 4328 curor
582 4269 644 4326 vn.

429 4362 561 4419 enrur
581 4360 656 4415 vm.

430 4450 562 4507 CAPUT
582 4449 632 4505 IX.

429 4540 560 4596 CAPUT
579 4540 617 4596 X.

866 941 1198 1046 uNDEx

999 1151 1086 1164 —

998 1171 1085 1184 —

715 1407 773 1462 Pro
793 1407 961 1481 praecipuis
981 1409 1177 1466 functionibus
1192 1410 1218 1466 in
1235 1411 1386 1468 Parueciis
1405 1413 1508 1469 rurali·

786 1495 841 1554 bus
859 1497 941 1554 clero
959 1497 1131 1556 carentibus
1149 1500 1326 1572 peragendis
1399 1545 1404 1556 .
1442 1504 1541 1572 rag.
1631 1507 1650 1560 3

715 1587 746 1642 ln
765 1585 840 1644 festo
859 1587 1078 1644 Puriflcntionis
1097 1589 1130 1645 Β.
1150 1589 1265 1646 Mariae
1284 1590 1414 1662 Virginis
1446 1635 1451 1647 .
1490 1611 1504 1642 ι
1631 1595 1648 1648 4

714 1675 804 1732 Peria
822 1677 863 1733 lv
882 1675 1021 1734 Cinctum
1049 1719 1451 1735 ..........
1489 1701 1503 1728 ›
1614 1684 1645 1739 11

718 1765 748 1821 ln
767 1765 922 1822 Dominica
942 1767 1110 1823 Palmarum
1139 1810 1453 1824 ........
1491 1789 1506 1818 »
1617 1773 1649 1826 16

713 1853 802 1910 Feria
821 1857 857 1910 V.
877 1857 977 1912 Coena
996 1855 1113 1912 Domini
1138 1901 1452 1912 ........
1491 1881 1506 1908 r·
1611 1863 1648 1916 25

711 1942 800 2000 Faria
819 1944 859 2001 Vi
878 1944 907 1999 in
928 1946 1097 2002 parasceve
1136 1991 1141 2001 .
1179 1965 1185 2001 :
1224 1988 1451 2004 ......
1490 1967 1504 1996 »

709 2033 753 2089 De
774 2034 904 2090 Sabbato
924 2036 1036 2092 Sancto
1091 2078 1451 2091 .........
1489 2057 1503 2086 1·

712 2122 756 2179 De
776 2123 906 2180 Sabbato
927 2124 1121 2180 Pentecostes
1180 2167 1451 2180 .......
1453 2132 1456 2136 ’
1490 2147 1503 2172 »
1612 2129 1647 2184 61

715 2211 760 2268 De
779 2211 970 2285 Expositione
995 2219 1025 2268 et
1049 2213 1260 2270 Benedictionc
1285 2231 1351 2270 cum
1375 2214 1427 2270 Ss.
1448 2219 1505 2270 Sa-

786 2309 938 2358 cramento
963 2344 1452 2359 ............
1490 2322 1504 2354 r
1612 2306 1649 2362 69

713 2391 757 2448 Do
779 2389 975 2447 Processione
995 2391 1023 2446 in
1042 2390 1119 2448 sesto
1139 2393 1192 2448 SS.
1206 2393 1348 2465 Corporis
1361 2393 1467 2449 Christi
1488 2413 1502 2443 >-
1612 2395 1648 2450 76

712 2481 756 2536 De
775 2479 885 2536 ceteris
904 2479 1148 2536 Procesnionihus
1181 2523 1452 2539 ,,,,,,,
1490 2501 1505 2532 r
1611 2484 1647 2538 83

711 2569 755 2625 De
775 2567 915 2641 Exequiis
958 2611 1451 2626 ............
1489 2592 1503 2620 »
1611 2575 1646 2628 87

710 2658 754 2714 De
775 2659 869 2714 Sacra
888 2656 1063 2714 visitatione
1089 2701 1450 2716 .........
1488 2680 1503 2710 »
1611 2663 1647 2718 ut

713 2842 771 2897 Pro
791 2841 1053 2897 sacramentorum
1078 2839 1329 2897 administratione
1352 2841 1389 2897 ad
1416 2860 1504 2914 paro-

784 2928 871 2986 chum
890 2937 1053 3001 spectante,
1069 2937 1099 2986 et
1117 2946 1171 3002 pro
1190 2930 1448 2988 Benedictionibus
1467 2933 1503 2988 dc

783 3018 920 3092 Episcopi
939 3018 1078 3075 mandato
1096 3018 1238 3076 iaciendis
1266 3063 1450 3084 .....
1489 3041 1503 3070 »
1597 3024 1646 3077 113

712 3109 756 3165 De
776 3107 926 3180 Baptismo
944 3108 1032 3164 uniue
1052 3108 1172 3165 Parvuli
1185 3109 1388 3167 administrato
1407 3126 1426 3165 a
1446 3111 1503 3166 Pa·

785 3196 876 3254 rocho
895 3197 942 3254 vel
960 3197 998 3252 ab
1017 3195 1076 3254 aiio
1095 3198 1258 3257 Sacerdote
1278 3216 1315 3255 ex
1336 3199 1399 3255 eins
1418 3216 1502 3254 man·

1491 3309 1504 3336 »
1598 3292 1646 3345 113

713 3378 757 3434 De
777 3376 927 3451 Baptismo
946 3375 1073 3449 plurium
1093 3376 1245 3435 infantium
1264 3376 1467 3434 administrato
1486 3395 1504 3431 a

788 3466 923 3524 Parocho
933 3465 980 3523 rei
993 3466 1030 3522 ab
1043 3465 1101 3522 alio
1115 3467 1277 3524 Sacerdote
1292 3482 1329 3523 cx
1343 3465 1407 3523 cius
1419 3483 1505 3523 man-

782 3557 850 3614 dato
870 3600 1451 3614 ..............
1488 3577 1503 3609 »
1597 3562 1645 3615 1111

710 3647 755 3704 Ue
769 3646 921 3720 Baptismo
934 3645 1099 3704 adultorum
1110 3663 1129 3701 a
1139 3645 1274 3703 Parocho
1284 3646 1503 3705 administrato»
1596 3651 1646 3704 125

712 3736 757 3792 De
777 3735 989 3792 Benedictione
1003 3735 1090 3792 fontis
1103 3735 1282 3807 baptismalis
1292 3744 1378 3792 extra
1387 3736 1504 3794 Sabba-

782 3831 843 3880 tum
862 3826 1004 3884 Sanetum
1024 3832 1055 3881 et
1074 3825 1267 3884 Pentecostes
1310 3868 1316 3879 .
1354 3868 1360 3880 .
1399 3869 1405 3880 .
1443 3869 1449 3880 .
1487 3844 1501 3876 r
1596 3828 1639 3880 131

711 3914 756 3970 De
775 3912 832 3970 ritu
850 3913 1004 3986 supplendi
1024 3913 1229 3971 caeremonias
1249 3914 1277 3969 in
1296 3914 1446 3988 Baptismo
1458 3914 1493 3969 in·

782 4001 869 4058 fantis
913 4045 1450 4059 .............
1488 4025 1501 4051 ›
1596 4006 1645 4060 135

713 4092 757 4148 De
777 4091 834 4147 ritu
854 4092 1007 4164 supplendi
1027 4091 1232 4150 caeremonias
1252 4091 1279 4147 in
1300 4092 1450 4164 Baptismo
1469 4108 1503 4146 a·

782 4179 852 4236 duiti
1596 4184 1644 4236 138

710 4268 754 4324 De
773 4268 1025 4326 administratione
1046 4271 1099 4327 SS.
1119 4268 1226 4325 Viatici
1264 4311 1270 4323 .
1309 4312 1315 4322 .
1353 4312 1360 4323 .
1489 4293 1500 4313 n
1596 4273 1643 4322 titt

712 4359 756 4414 De
774 4357 931 4415 cadaveris
950 4357 1154 4431 deportatione
1174 4359 1210 4413 ad
1230 4357 1403 4414 Ecclesiam.
1444 4401 1448 4412 .
1488 4380 1501 4402 ι
1597 4362 1644 4413 150

709 4448 754 4504 Dc
773 4448 877 4505 funere
897 4466 988 4522 super
1006 4448 1136 4505 cadaver
1178 4490 1450 4503 .......
1489 4467 1501 4494 r
1597 4451 1640 4503 151

706 4539 751 4595 De
772 4538 904 4612 exequiis
924 4538 953 4593 in
972 4538 1075 4595 diebus
1095 4538 1189 4601 tertio,
1209 4539 1342 4608 septimo.
1353 4536 1502 4593 tricesimo

783 4635 811 4681 et
832 4626 1036 4684 anniversario
1091 4667 1450 4682 .........
1488 4644 1503 4672 »
1596 4630 1643 4682 tot
