4175 5717
981 739 1049 785 luri:
1073 739 1120 785 lll.

831 953 881 1008 DE
902 954 1087 1010 1δἈΒΒΑΤΟ
1107 954 1274 1012 SANCTO.

935 1263 1079 1330 CAPUT
1104 1263 1160 1329 Vl.

810 1481 906 1554 Quae
927 1481 999 1547 rint
1016 1481 1286 1564 praeparanda.

496 1639 500 1646 '
534 1637 562 1688 ‘i

441 1717 468 1781 l.
503 1639 645 1790 Extra
675 1721 804 1801 portam
835 1715 1024 1800 primariam
1059 1713 1222 1780 ecclesiae
1257 1714 1514 1800 praeparabitur
1550 1733 1665 1780 mensa

437 1829 595 1909 cooperta
617 1821 694 1888 albo
718 1821 846 1887 mantili
872 1827 905 1886 et
929 1841 1030 1908 super
1054 1841 1093 1886 ea
1115 1825 1293 1908 ponentur.

525 1931 556 1996 2.
581 1929 698 2015 Legile
722 1949 860 2015 parvum
885 1949 958 1993 cum
983 1928 1111 1992 Missali
1135 1933 1261 2014 aperto.

525 2037 555 2100 3.
580 2037 693 2102 Pelris
717 2039 879 2121 argentea
903 2034 956 2099 rel
982 2039 1143 2120 argenteo
1168 2033 1281 2100 colore
1298 2035 1451 2112 obducta,
1468 2055 1546 2102 curn
1564 2037 1667 2122 quin·

437 2165 500 2229 que
524 2146 637 2230 granis
662 2145 788 2209 incensi
814 2143 918 2209 Gereo
942 2139 1126 2228 infigendis.
1149 2133 1153 2142 '
1399 2149 1402 2155 '

525 2253 555 2316 4.
580 2251 802 2317 Thuribulum
826 2270 900 2315 curn
924 2249 1090 2316 uaricula.

522 2360 553 2424 5.
580 2359 764 2425 Vaseulum
789 2378 895 2442 aquae
919 2363 1056 2422 sanciae
1081 2377 1155 2422 cum
1179 2359 1377 2444 aspersorio.

524 2469 555 2534 6.
580 2468 781 2552 Manipulus,
806 2465 894 2531 stola
917 2470 950 2530 et
975 2464 1153 2530 dalmatica
1176 2465 1244 2532 albi
1269 2465 1403 2533 coloris.

524 2579 555 2642 7.
580 2577 727 2642 Laterna
751 2595 826 2640 cum
850 2574 972 2658 exigua
995 2572 1135 2638 candela
1159 2579 1193 2639 et
1217 2580 1404 2652 ramentum
1421 2573 1667 2662 sulphuratum

436 2685 476 2751 ad
500 2683 747 2750 accendendum
770 2683 894 2747 lumen.

524 2793 554 2857 8.
580 2793 688 2878 Prope
711 2789 859 2856 eamdem
883 2809 1029 2854 mensam
1053 2789 1307 2876 praeparabitur
1330 2789 1425 2854 iocus
1449 2809 1527 2856 cum
1550 2792 1669 2880 carbo·

435 2899 529 2965 nibus
553 2897 781 2975 accendendis,
808 2902 844 2962 ut
868 2896 966 2974 lnira,
991 2905 1025 2962 et
1049 2917 1123 2962 cum
1148 2897 1275 2983 forcipe
1299 2897 1410 2963 ferrea
1433 2897 1475 2964 ad
1500 2899 1669 2988 accipian·

435 3007 513 3072 dum
538 3008 658 3091 ignem.

523 3113 554 3178 9.
580 3113 717 3179 Arunda
740 3133 814 3178 cum
838 3112 982 3176 tricereo
1007 3110 1040 3176 in
1065 3112 1263 3188 summitate,
1289 3119 1407 3179 ornata
1430 3109 1576 3180 floribus
1608 3135 1665 3182 seu

437 3224 525 3287 reris
550 3242 609 3286 seu
633 3219 727 3286 fictis.

528 3331 575 3392 10.
607 3329 726 3394 Altare
759 3329 862 3392 maius
894 3327 1114 3393 exornabitur
1145 3327 1354 3394 candelabris
1383 3327 1555 3394 nobilibus
1589 3349 1664 3396 cum

434 3437 539 3501 cereis
562 3435 630 3500 albi
653 3435 787 3512 coloris,
813 3435 930 3510 Grues,
955 3434 1105 3510 tobaleis,
1131 3417 1242 3521 tapcto
1267 3440 1302 3500 et
1325 3433 1447 3520 duplici
1473 3435 1594 3521 pallio,
1611 3439 1664 3504 ri·

435 3543 557 3608 delicet
574 3545 758 3609 violaceum
775 3544 1018 3630 superpositum
1035 3545 1101 3609 erit
1116 3543 1203 3608 albo.
1222 3542 1377 3608 Aderunt
1393 3544 1493 3609 etiam
1510 3545 1665 3614 tabellae

434 3659 639 3717 secretarum
664 3658 697 3717 et
722 3653 754 3716 in
777 3650 885 3716 latere
909 3650 1081 3736 Epistulae
1105 3651 1263 3737 pulvinus
1287 3651 1457 3717 siolaceus
1482 3653 1539 3718 vel
1558 3654 1664 3742 legile

434 3780 509 3825 cum
534 3759 661 3823 blissali
685 3764 811 3845 aperto.

525 3869 573 3930 ll.
598 3867 691 3932 Basis
716 3885 899 3931 marmorea
923 3865 978 3931 vel
1002 3866 1115 3952 lignea
1139 3867 1171 3930 in
1196 3866 1305 3932 latere
1328 3866 1517 3953 Evangelii,
1544 3870 1663 3956 inqua

434 3983 603 4042 statuetur
627 3975 766 4041 arundo.

523 4084 572 4150 12.
597 4084 633 4148 ln
658 4082 773 4148 eodem
797 4082 905 4147 latere
930 4081 1053 4149 Cereus
1078 4083 1253 4150 Paschalis
1277 4085 1340 4148 iam
1366 4085 1540 4170 impositus
1577 4105 1663 4154 can-

429 4192 567 4257 delabro
591 4198 625 4257 et
648 4199 726 4256 ante
751 4189 988 4258 candelabrum
1012 4198 1156 4278 ponetur
1192 4191 1375 4257 scabellum
1412 4191 1594 4278 gradatum
1628 4197 1661 4262 in

428 4299 634 4366 commodum
659 4298 877 4375 celebrantis,
903 4301 958 4383 qui
981 4306 1130 4386 tempore
1155 4298 1265 4365 debito
1290 4302 1434 4384 quinque
1457 4287 1663 4386 graua'thu·

429 4409 474 4472 ris
492 4407 609 4494 infiget·
627 4408 730 4474 Cerco
748 4405 864 4471 eidem:
881 4409 1055 4475 curabitur
1073 4415 1110 4474 ut
1126 4407 1334 4494 ellychnium
1351 4410 1395 4473 sit
1412 4409 1458 4473 ita
1473 4408 1662 4495 diligenter

430 4518 657 4602 compositum.
684 4522 720 4582 ut
744 4515 843 4580 facile
867 4518 1002 4583 accendi
1028 4519 1141 4606 possit.

524 4623 572 4686 13.
599 4625 686 4688 Ante
711 4623 764 4687 rel
790 4625 889 4688 etiam
915 4627 1009 4690 iuxta
1032 4624 1267 4691 candelabrum
1291 4623 1398 4688 aderit
1423 4623 1525 4708 legilc
1551 4627 1660 4694 maius

435 4749 544 4814 panno
568 4730 635 4796 albi
660 4731 784 4796 celcris
808 4737 1006 4798 contectum.
1058 4761 1063 4770 ·
