4175 5717
971 707 1037 752 LIB.
1064 707 1098 753 11.
1172 725 1174 730 ·

780 917 832 974 DE
853 917 1052 976 DOMINICA
1072 917 1302 976 PALMARUM

905 1229 1053 1296 cAPvr
1078 1231 1175 1296 XXII

807 1443 903 1517 Quae
926 1446 997 1513 sint
1016 1447 1276 1530 praeparanda

434 1678 460 1740 l.
494 1601 654 1749 Altero
678 1677 793 1754 maius,
819 1677 852 1741 in
876 1696 941 1761 quo
965 1676 1023 1743 flet
1045 1678 1187 1756 functio,
1211 1680 1401 1744 instruetur
1424 1677 1529 1764 pallio
1548 1677 1662 1744 viole·

429 1803 498 1858 ceo,
522 1782 675 1860 tobaleis,
701 1803 761 1848 sex
784 1784 995 1850 candelabris
1012 1805 1086 1850 cum
1103 1785 1251 1852 candelis
1266 1785 1352 1850 albis
1369 1791 1403 1851 et
1427 1785 1537 1852 (truce
1563 1791 1662 1852 tecta

430 1891 595 1956 velamine
619 1887 769 1956 violaceo
796 1892 894 1957 simili
919 1892 1139 1970 candelabris,
1165 1913 1249 1977 quae
1280 1911 1345 1958 non
1378 1898 1480 1958 erunt
1515 1890 1659 1972 nobilia,

431 1999 543 2083 qualia
566 1997 766 2063 adhibentur
789 2000 822 2063 in
846 2000 1115 2066 solemnitatibus
1138 2006 1173 2066 et
1196 2000 1289 2066 festis
1312 2001 1508 2087 praecipuis:
1534 1999 1663 2066 cende·

432 2105 537 2170 labris
572 2124 638 2169 non
670 2107 930 2192 interponentur
961 2107 1169 2191 Reliquiaria
1198 2128 1261 2174 nec
1292 2127 1380 2194 vasa,
1405 2106 1509 2174 florea
1544 2107 1661 2174 multo

432 2215 541 2277 minus
566 2214 726 2298 imagines
751 2213 960 2278 Sanctorum.
987 2215 1023 2279 ln
1049 2215 1161 2281 Alteri
1185 2235 1202 2280 e
1226 2215 1334 2281 latere
1359 2216 1529 2302 Epistolae
1559 2215 1662 2282 loca-

432 2321 522 2385 bitur
545 2321 698 2385 cussinos
722 2321 893 2386 violaceus
917 2341 976 2387 seu
1001 2322 1104 2408 legile
1128 2343 1203 2388 cum
1235 2321 1364 2388 Misaali
1396 2327 1515 2389 ornato
1551 2329 1661 2410 tegu-

433 2435 542 2494 mento
568 2427 728 2494 violaceo.
754 2429 884 2494 Gradus
908 2430 1037 2496 Altaris
1063 2431 1212 2497 violaceo
1235 2437 1348 2518 tapeto
1372 2437 1582 2497 sternentur.

521 2537 551 2604 2.
577 2535 674 2622 Apud
698 2537 818 2602 Altare
842 2539 875 2602 in
899 2538 1008 2603 latere
1040 2537 1212 2625 Epist-elac
1243 2539 1497 2625 praeparabitur
1528 2557 1661 2624 pervus

434 2644 556 2710 abacus
581 2644 716 2710 tobalea
739 2645 816 2710 alba
846 2651 1033 2732 coopertus,
1071 2648 1103 2711 in
1137 2666 1201 2730 quo
1233 2646 1491 2712 collocabuntur
1522 2646 1663 2733 palmae

433 2758 467 2818 et
489 2752 573 2817 rami
597 2751 764 2817 olivarum
788 2752 888 2819 (llere
911 2758 946 2818 et
969 2754 1090 2840 populo
1114 2753 1342 2820 distribuendi.
1360 2754 1496 2819 Palmae
1512 2757 1550 2820 et
1569 2755 1660 2820 rami

434 2863 493 2946 ipsi
517 2865 740 2945 contegentur
763 2859 840 2925 alba
863 2860 1006 2938 tobalea,
1030 2866 1089 2926 aut
1112 2860 1189 2926 velo
1213 2862 1337 2927 coloris
1364 2861 1515 2926 violacei.

520 2969 550 3032 3.
577 2968 709 3034 Abacus
734 2969 949 3054 apparebit-ur
973 2968 1048 3034 loco
1074 2970 1196 3034 usitato
1220 2989 1295 3035 cum
1327 2969 1427 3034 rebus
1456 2988 1517 3056 pro
1550 2970 1661 3038 Missa

433 3077 573 3141 solemni
604 3075 788 3162 descriptis,
828 3076 946 3160 quibus
985 3075 1195 3162 adiungenda
1234 3082 1313 3142 sunt
1351 3075 1438 3142 stola
1464 3077 1569 3143 latior
1595 3099 1661 3164 pro

434 3185 589 3258 Diacono,
614 3185 642 3249 si
664 3183 810 3250 Ministri
828 3183 970 3268 planetis
989 3184 1121 3270 plicatis
1139 3190 1287 3261 utentur,
1305 3191 1339 3250 et
1355 3184 1530 3250 vesculum
1547 3204 1663 3270 aquae

434 3291 627 3358 benedictae
662 3311 737 3356 cum
771 3292 968 3377 aspersorio,
1001 3297 1035 3357 et
1065 3291 1215 3357 adhiberi
1246 3294 1371 3379 poterit
1397 3292 1481 3358 idem
1505 3292 1599 3376 quod
1625 3295 1661 3360 in

433 3401 625 3485 aspersione
648 3417 753 3482 aquae
776 3398 979 3464 benedictae:
1006 3419 1128 3465 urceus
1152 3418 1227 3465 cum
1251 3400 1340 3485 pelvi
1364 3406 1399 3465 et
1429 3399 1569 3466 mantile
1597 3421 1663 3487 pro

435 3508 561 3572 lotione
597 3527 754 3572 manuum
793 3507 1001 3572 celebrantis
1032 3514 1107 3592 post
1139 3507 1332 3573 Pelmarum
1363 3507 1662 3576 distributionem:

434 3615 580 3681 tabellae
604 3635 662 3680 seu
686 3614 934 3698 chartegloriae
957 3635 1018 3700 pro
1042 3615 1143 3679 Missa
1174 3617 1207 3679 in
1232 3615 1343 3680 Alteri
1374 3615 1613 3700 disponendae.

523 3725 554 3786 4.
579 3721 675 3808 Apud
700 3722 838 3787 abacum
864 3723 919 3788 vel
944 3723 976 3786 in
994 3723 1102 3788 latere
1118 3723 1294 3807 Evangelii
1311 3728 1453 3808 ponetur
1469 3721 1564 3790 Crux
1583 3745 1665 3813 pro-

437 3829 630 3896 cessionalis
654 3836 810 3895 contecta
832 3831 909 3895 velo
933 3830 1094 3908 violaceo,
1119 3832 1172 3897 cui
1188 3830 1338 3896 adnexae
1355 3837 1457 3897 erunt
1469 3832 1663 3904 chordulae

437 3937 582 4004 eiusdem
607 3937 741 4014 coloris,
766 3937 885 4020 quibus
908 3939 1043 4024 alligari
1066 3939 1176 4024 palma
1198 3942 1310 4024 possit.

454 4117 458 4124 ,
521 4045 552 4110 5.
578 4044 754 4111 Scamnum
768 4043 975 4111 Celebrantis
992 4053 1026 4112 et
1042 4047 1271 4112 Ministrorum
1287 4047 1430 4132 positum
1447 4046 1524 4112 loco
1540 4047 1659 4128 solito,

433 4161 631 4240 contegetur
647 4159 758 4238 tapeto
776 4155 875 4239 panni
898 4153 1038 4219 violacei
1064 4162 1098 4219 et
1120 4156 1153 4218 in
1178 4174 1217 4220 eo
1241 4154 1494 4240 praeparabitur
1516 4153 1660 4240 planete

434 4285 473 4330 ac
496 4261 683 4347 nianipulus
707 4280 766 4346 pro
792 4260 990 4325 celebrante
1013 4261 1237 4348 manipulique
1261 4261 1325 4326 duo
1349 4281 1409 4348 pro
1433 4261 1611 4328 Ministris.

523 4373 553 4434 6.
578 4371 615 4432 ln
639 4368 786 4433 sacrario
810 4365 1098 4452 praeparabuntur
1122 4387 1181 4453 pro
1206 4368 1405 4433 Celebrante
1429 4373 1463 4432 et
1486 4367 1658 4437 Ministris

436 4483 637 4561 paramenta,
655 4474 812 4541 videlicet
829 4494 888 4561 pro
906 4474 1107 4540 celebrante
1124 4475 1274 4561 pluviale
1290 4495 1365 4540 cum
1381 4475 1468 4541 stola
1489 4475 1655 4556 violacea,

437 4585 641 4667 clangulum,
665 4583 751 4660 alba,
775 4584 916 4648 amictus
939 4602 1014 4648 cum
1037 4583 1154 4659 bireto;
1179 4602 1238 4668 pro
1263 4584 1424 4648 Ministris
1447 4589 1559 4650 autem
1578 4584 1658 4670 pla-
