4175 5717
516 946 581 1012 224
973 968 1038 1016 nm.
1064 968 1099 1014 u.

516 1071 570 1140 99.
595 1071 704 1149 Quum
727 1095 746 1142 e
768 1077 872 1142 choro
897 1074 1088 1142 discesserit
1111 1073 1292 1141 celebrans
1316 1095 1393 1142 cum
1409 1076 1573 1152 Ministn's,
1586 1097 1620 1143 ru

428 1179 624 1250 citabuntur.
642 1181 813 1269 Vesperae
835 1203 855 1248 a
879 1183 990 1260 Olore,
1014 1184 1071 1268 qui
1093 1182 1278 1250 remanebit
1292 1184 1326 1248 in
1342 1184 1459 1258 choro,
1476 1190 1513 1251 ut
1526 1183 1617 1272 pridie.

519 1289 591 1354 100.
616 1290 708 1368 Item,
732 1291 883 1376 proiecto
906 1310 926 1358 a
948 1291 1053 1356 choro
1077 1290 1288 1369 celebrante,
1312 1290 1379 1358 duo
1413 1292 1528 1359 cleriei
1553 1291 1618 1359 dai-

428 1397 523 1481 gnati
546 1399 747 1465 amovebunt
770 1399 810 1464 ab
834 1398 946 1465 Alteri
968 1399 1146 1474 tobaleam,
1171 1399 1306 1464 Missale
1330 1419 1408 1466 cum
1432 1402 1558 1468 cassino
1580 1397 1617 1464 rel

377 1545 380 1551 ·
429 1503 532 1589 legili,
557 1511 592 1571 et
614 1525 657 1570 ex
679 1504 781 1572 abaco
805 1506 938 1590 reliqua
960 1508 1070 1572 omnia
1092 1508 1127 1571 in
1143 1506 1316 1572 iunctione
1332 1506 1483 1574 adbibita
1497 1515 1530 1574 et
1544 1508 1618 1594 ipen

428 1612 521 1678 abaci
545 1613 720 1680 tobaleam.
745 1614 783 1679 ln
805 1613 917 1680 Altari
940 1613 1049 1680 adbuc
1072 1612 1239 1681 ardebunt
1261 1613 1424 1681 candelae
1448 1615 1524 1682 dum
1554 1613 1618 1680 reri·

427 1727 544 1787 tantur
566 1722 748 1807 vesperae
772 1723 932 1808 Vesperis
954 1721 1128 1799 absolutis,
1152 1723 1404 1807 extinguentur.

521 1829 593 1894 101.
619 1828 739 1897 Glerus
773 1849 793 1896 e
823 1829 927 1896 choro
956 1827 1133 1896 discedens·
1159 1826 1364 1914 genuflectet
1396 1827 1621 1898 universusrd

430 1935 581 2013 Crucem,
605 1943 639 2002 et
663 1942 797 2004 mutuae
821 1937 1041 2012 reverentiae,
1066 1941 1104 2001 ut
1118 1938 1271 2022 superius
1287 1935 1451 2004 traditum
1466 1937 1540 2014 tuit,
1553 1936 1625 2004 onii·

428 2047 555 2109 tentur.

976 2179 1105 2200 ..a-nl

702 2401 715 2422 2-
814 2364 866 2423 DE
885 2364 1071 2423 SABBATO
1091 2364 1260 2424 SANCTO.

997 2483 1081 2508 ανά-

760 2723 763 2730 .
886 2673 1028 2742 orror
1055 2673 1196 2778 nxvu.

805 2887 900 2962 Quae
921 2889 993 2957 siat
1013 2890 1281 2973 praeparanda.

434 3126 460 3190 l.
488 3046 639 3197 Pridie
663 3142 802 3208 vespere
825 3142 925 3205 quum
949 3122 1066 3187 clause
1089 3124 1154 3188 erit
1177 3122 1329 3200 ecclesia,
1364 3123 1421 3188 uel
1452 3125 1555 3190 etiam
1585 3125 1647 3211 ipsc

428 3253 524 3297 mane
550 3231 683 3298 Sabbati
711 3231 827 3306 sancti,
852 3235 984 3294 mature
1015 3236 1225 3295 exornentur
1255 3231 1376 3296 festive
1410 3233 1524 3296 omnia
1554 3232 1647 3298 Alta·

429 3342 488 3417 ria‚
514 3341 548 3403 in
575 3338 693 3423 quibus
725 3345 835 3403 tamen
866 3356 933 3401 non
967 3345 1135 3424 ponentur
1165 3338 1371 3422 Reliquiaria
1402 3345 1462 3404 aut
1497 3340 1567 3405 alia
1595 3359 1647 3405 or·

428 3453 584 3513 namenta
607 3449 704 3512 inter·
720 3443 932 3520 candelabra,
958 3465 1019 3510 nec
1054 3444 1192 3531 pallium
1224 3446 1292 3511 albi
1322 3446 1456 3525 coloris,
1484 3464 1591 3533 ¹quum
1620 3446 1646 3513 id

426 3556 613 3621 faciendum
637 3555 682 3620 sit
703 3560 778 3639 post
800 3552 1020 3618 functionem.
1045 3553 1161 3618 itidem
1185 3553 1318 3620 velatae
1341 3553 1452 3622 adhue
1484 3564 1587 3622 erunt
1617 3558 1646 3622 in

427 3664 601 3730 Altaribus
626 3663 786 3747 imagines
810 3680 935 3736 sacrae,
962 3662 994 3724 in
1020 3658 1087 3725 fine
1107 3661 1300 3727 litaniarum
1316 3661 1526 3749 detegendae
1540 3671 1580 3730 ut
1600 3663 1648 3729 de·

431 3774 547 3857 inceps
571 3769 806 3835 declarabitur.
832 3768 938 3853 Super
962 3766 1091 3845 Altare,
1117 3769 1149 3832 in
1174 3790 1238 3852 quo
1261 3777 1337 3855 post
1359 3763 1568 3837 functionem
1597 3791 1647 3838 re·

432 3884 574 3965 ponetur
599 3876 858 3954 Sacramentum,
884 3878 1079 3961 praesertim
1103 3878 1131 3941 si
1154 3878 1297 3942 ecclesia
1319 3878 1424 3943 fuerit
1453 3879 1646 3965 paroecialis

437 3989 624 4072 imponetur
648 3985 774 4051 ciborio
798 4005 856 4050 seu
873 3984 1093 4050 tabernaculo
1108 4004 1312 4071 conopaeum
1328 3985 1441 4051 album
1458 3997 1644 4076 coopertum

435 4095 544 4160 altero
567 4094 728 4176 violaceo,
752 4099 787 4158 et
810 4092 1021 4177 relinquetur
1044 4099 1161 4178 aperta
1183 4093 1329 4160 eiusdem
1353 4095 1566 4164 tabernaculi
1582 4117 1646 4184 por·

433 4202 547 4268 ticula.

519 4310 550 4374 2.
582 4308 702 4373 Altare
733 4310 836 4394 maius
867 4309 1042 4375 ornabitur
1073 4309 1281 4376 candelabris
1312 4310 1481 4377 nobilibus
1513 4331 1644 4379 numero

433 4440 493 4485 sex
517 4439 592 4484 cum
615 4416 763 4483 candelis
786 4436 806 4481 e
829 4436 908 4481 cera
938 4416 1024 4482 alba:
1050 4419 1081 4482 in
1107 4418 1214 4483 medio
1242 4417 1334 4485 Grux
1368 4417 1504 4485 detecta
1537 4421 1645 4486 similis

433 4526 717 4591 candelabrorum.
743 4525 918 4589 Ponentur
941 4525 973 4588 in
998 4545 1037 4589 eo
1068 4533 1139 4591 tres
1170 4526 1333 4603 tobaleae,
1365 4526 1508 4613 pallium
1539 4527 1643 4594 alban

433 4639 625 4718 coopertum
648 4633 716 4698 alio
740 4632 888 4696 violaceo
912 4635 1130 4718 superposito,
1155 4641 1190 4698 et
1220 4641 1368 4719 tapetum
1404 4635 1518 4702 nobile
1553 4653 1644 4723 snper

434 4740 566 4825 gradus,
591 4739 677 4826 quod
702 4740 832 4825 contegi
855 4740 959 4825 possit
992 4740 1059 4804 alio
1096 4741 1255 4819 violace0,
1279 4743 1306 4806 si
1337 4747 1451 4808 tamen
1487 4742 1518 4809 id
1553 4743 1645 4810 facile

434 4847 499 4911 erit
522 4847 622 4912 iactu.
648 4848 683 4911 In
709 4847 862 4913 Altaria
887 4847 995 4912 latere
1020 4847 1189 4933 Epistolae
1212 4848 1469 4935 praeparabitur
1500 4853 1645 4917 cussinos·
