4175 5717
980 755 1043 802 ΜΒ.
1070 757 1117 804 111.

960 992 1139 1060 OREMUS

465 1149 605 1298 Deus
630 1223 802 1293 humilium
827 1227 991 1300 visititor,
1015 1229 1072 1310 qui
1095 1245 1152 1292 eos
1177 1225 1316 1312 putirna
1339 1225 1519 1292 dilcctiine
1542 1245 1657 1292 conso·

442 1355 534 1417 lsi-is:
560 1353 738 1438 praoltnde
762 1353 913 1418 societati
937 1359 1072 1417 nostrae
1095 1352 1235 1436 gratiam
1259 1356 1362 1428 tuam:
1385 1359 1422 1416 ut
1445 1371 1507 1438 par
1529 1371 1597 1426 cos,
1621 1353 1654 1416 iu

440 1479 558 1564 quihus
574 1481 714 1554 hibitus,
732 1487 825 1544 tuum
842 1480 875 1543 in
891 1477 985 1544 nobis
1001 1478 1182 1544 sentiimus
1199 1473 1388 1542 adi-'hnium
1406 1477 1474 1542 Per
1486 1477 1654 1544 Christum

440 1607 611 1674 Dominum
636 1613 796 1672 nostrum.
822 1615 857 1685 m.
883 1606 998 1669 Amen.

527 1825 579 1888 31.
605 1821 766 1888 Oratione
789 1821 963 1907 completa,
988 1819 1160 1885 Parochus
1185 1826 1287 1886 exuat
1310 1819 1370 1885 sibi
1396 1818 1529 1894 stolam,
1554 1839 1651 1904 quam

440 1929 540 2016 supe-i
562 1931 664 1994 abaco
687 1927 838 2015 deponet,
863 1927 1045 2013 Episcopus
1064 1933 1219 2012 assurgat
1242 1925 1282 1991 dc
1305 1922 1549 2011 genuflexorm
1573 1947 1655 2014 pro-

440 2035 531 2104 cedet
561 2035 601 2102 ad
630 2037 747 2102 Aliana
778 2043 812 2102 ot
843 2055 943 2120 quum
967 2035 1155 2102 ascenderit
1178 2034 1219 2101 ad
1244 2035 1359 2121 ipsum,
1387 2034 1571 2100 solemnem
1596 2035 1654 2100 be-

442 2144 660 2210 nedicticncm
685 2145 807 2230 populo
831 2145 1048 2228 impertietur,
1072 2141 1184 2207 dicens
1209 2140 1261 2208 Sit
1283 2161 1409 2208 acmen
1432 2141 1578 2210 Domini
1591 2147 1654 2208 etc.

528 2253 581 2316 32.
606 2253 640 2318 Si
664 2251 845 2337 Episcopus
867 2249 1100 2316 celebraturus
1124 2251 1167 2316 sit
1198 2249 1331 2314 Missam
1358 2248 1491 2324 lectam,
1512 2247 1656 2316 descan-

437 2359 493 2424 del.
516 2359 556 2424 ‹lc
580 2359 703 2434 hilari,
727 2379 762 2424 se
786 2357 916 2443 parabit
938 2364 973 2423 ct
996 2357 1087 2442 logei.
1111 2357 1244 2422 Missam
1267 2356 1307 2422 de
1331 2355 1448 2434 officio,
1477 2357 1567 2442 quod
1597 2355 1654 2424 flat

440 2469 470 2530 in
496 2467 558 2532 dis.

525 2575 578 2640 ha.
603 2577 705 2640 Lecto
719 2572 912 2659 Evangelio,
929 2577 1073 2659 ponetur
1084 2571 1178 2638 sedes
1190 2570 1245 2636 vel
1258 2571 1481 2637 faldislorium
1498 2573 1533 2636 in
1546 2591 1652 2638 cornu

439 2683 612 2766 Evangelii
636 2689 666 2746 al
692 2679 871 2770 Episcopus
894 2680 938 2745 ibi
955 2680 1073 2746 sedens
1090 2679 1258 2744 homiliam
1274 2679 1314 2744 ad
1332 2679 1488 2766 populum
1506 2679 1651 2756 habebit,

434 2789 555 2852 ducens
580 2809 655 2854 eum
679 2788 720 2854 do
745 2789 873 2854 ratione
897 2793 931 2852 ct
954 2785 1018 2852 fluo
1041 2807 1157 2852 sacrae
1182 2787 1402 2852 visitationis.

523 2899 576 2960 34.
602 2897 773 2984 Complota
799 2895 945 2972 homilia,
972 2895 1117 2960 clericus
1141 2902 1218 2960 aule
1242 2893 1439 2981 Episcopum
1469 2895 1654 2966 inclinatus.

437 3005 584 3069 incitabit
605 3005 695 3068 claua
711 3023 792 3068 voca
811 3003 991 3090 Confiteor,
1009 3003 1134 3066 faciens
1157 2999 1422 3088 genuflexionem
1439 3021 1560 3068 vorsus
1578 3005 1652 3092 Epi·

437 3133 570 3196 scnpum
600 3110 640 3175 ad
673 3111 732 3176 illa
763 3109 864 3174 verba
892 3108 970 3176 Tibi
991 3110 1099 3176 Pater
1122 3117 1155 3174 ct
1177 3109 1218 3174 ad
1242 3109 1351 3175 allona
1379 3109 1425 3176 Te
1448 3109 1568 3178 Pater.
1595 3113 1650 3177 lu-

439 3229 530 3284 tei-oa
557 3219 728 3284 Panichus
751 3217 894 3282 adstabit.
925 3236 1025 3303 prope
1057 3217 1252 3302 Episcopum
1285 3217 1436 3283 lecturus
1469 3217 1649 3286 formulam

438 3325 676 3410 Indulgentiae.
703 3327 844 3408 itemque
867 3345 969 3410 propo
993 3326 1191 3410 Episcopum
1215 3325 1393 3390 adstahunt
1414 3324 1480 3390 duo
1512 3327 1650 3413 cappel-

440 3434 507 3498 lani
531 3441 586 3498 aul
612 3433 728 3498 clerici
751 3453 825 3500 cum
849 3433 979 3498 scotula
1001 3437 1036 3500 st
1059 3433 1146 3499 libro
1170 3453 1230 3518 pro
1253 3433 1398 3498 formula
1415 3432 1648 3502 absolutionis.

522 3541 574 3606 35.
601 3541 781 3627 Episcopus
812 3541 910 3606 stabit
935 3538 1013 3605 dum
1036 3540 1233 3608 recitabitur
1259 3541 1440 3630 Confiteor,
1465 3561 1532 3628 quo
1556 3563 1649 3610 com-

437 3648 527 3733 pleto
551 3647 685 3713 sedebit.
711 3649 891 3724 parochus,
917 3648 1007 3713 facta
1029 3648 1070 3714 ad
1096 3648 1293 3735 Episcopum
1328 3648 1556 3726 inclinatione,
1586 3671 1649 3738 pu-

434 3753 569 3820 blicabit.
593 3754 836 3841 Indulgentiam
860 3754 1006 3821 formula
1028 3758 1200 3842 sequenti:

523 3963 829 4036 Reverendissimus
859 3971 891 4035 in
925 3971 1060 4036 Ghrislo
1090 3971 1191 4036 Pater
1222 3975 1256 4037 ct
1287 3967 1453 4049 Dominus,
1487 3969 1648 4042 Dominus

435 4096 471 4159 N.
490 4096 547 4160 Dei
573 4102 606 4162 el
629 4095 841 4183 Apostolicao
864 4096 957 4164 Sedis
980 4099 1089 4182 gratia
1112 4099 1211 4164 huius
1236 4098 1377 4165 Sanctae
1405 4099 1442 4163 N.
1471 4099 1647 4168 Eccltsiaa

432 4217 613 4307 Episcopus
631 4221 684 4286 dat
702 4229 736 4287 et.
751 4221 902 4287 concidit.
920 4223 1070 4288 omnibus
1090 4225 1143 4288 hic
1169 4224 1396 4308 praesintibus
1419 4224 1647 4312 quadraginta

432 4345 501 4410 dies
526 4347 565 4411 do
589 4368 671 4412 seua
694 4347 906 4433 Indulghntia
928 4349 962 4412 in
986 4349 1093 4413 forma
1118 4349 1289 4412 Ecsltsiae
1318 4355 1488 4414 consueta.
1516 4349 1647 4438 Rogata

432 4469 535 4535 Deum
561 4494 620 4557 pru
645 4470 735 4540 felici
761 4483 850 4539 statu
875 4473 1079 4540 Sanctissimi
1104 4474 1229 4540 Domini
1255 4477 1360 4540 nostri
1379 4475 1415 4540 N.
1433 4473 1549 4542 divina
1568 4478 1649 4544 Pro-

432 4591 577 4658 vidintia
595 4598 703 4682 Papae
720 4601 757 4666 N.
777 4597 1015 4667 Dominatihnis
1032 4619 1111 4666 suae
1129 4596 1437 4666 Reverendissimae
1452 4605 1487 4668 ct
1501 4601 1648 4674 &neue

433 4711 549 4782 Matris
572 4718 753 4789 Eccltlsiao.
