4175 5717
586 727 652 793 204
1035 743 1101 791 ura.
1128 744 1174 792 ιν.

501 856 578 922 alba
596 855 758 933 coniecta,
777 855 889 922 rubeis
905 853 1043 931 laciniis,
1061 873 1121 919 seu
1136 851 1288 937 frangiia,
1305 858 1340 918 et
1362 852 1453 917 vittis

499 962 728 1049 pendentibus
748 964 782 1029 in
807 962 984 1029 Provincia
1006 959 1141 1025 Mediol.
1165 959 1342 1026 adhibetur
1371 960 1453 1024 sim-

501 1072 580 1156 plex
610 1092 629 1137 e
661 1071 731 1137 tela
761 1071 823 1135 lini
851 1070 1028 1157 purissimi,
1054 1067 1177 1134 coloris
1207 1067 1291 1145 albi;
1323 1067 1452 1132 circulo

500 1197 612 1255 aureo,
638 1197 734 1262 quem
765 1196 838 1243 esse
869 1181 964 1242 notat
992 1176 1113 1243 Iaaoc.
1137 1174 1204 1240 ΙΙΙ.
1230 1173 1285 1241 lib.
1310 1174 1334 1240 Ι
1355 1174 1451 1244 nist.

500 1286 633 1352 Missae
647 1305 723 1369 cap.
741 1286 800 1353 59.
825 1285 1073 1351 circumamicta
1095 1303 1115 1348 a
1137 1288 1243 1368 parte,
1260 1302 1325 1366 qua
1340 1282 1451 1365 indui-

499 1400 556 1459 tur
572 1401 681 1481 capua
705 1413 833 1461 cornua
847 1395 926 1458 item
943 1391 1008 1458 duo
1023 1412 1044 1457 a
1059 1410 1187 1457 summo
1207 1389 1449 1477 praeseferens,

498 1499 580 1566 duas
613 1502 713 1567 etiam
739 1502 846 1566 lineas
876 1502 911 1565 in
942 1499 1090 1565 humeris
1123 1497 1287 1584 pendulas
1319 1498 1463 1575 habeat,
1584 1490 1587 1496 ’

377 1689 391 1710 θ
496 1627 637 1691 quarum
659 1610 890 1675 extremitates
912 1607 1042 1675 laciniis
1065 1612 1229 1673 constent.

586 1716 753 1785 Annales
767 1736 812 1782 ex
827 1736 910 1782 auro
925 1736 1009 1803 puro
1025 1715 1131 1781 solide
1146 1711 1321 1792 conflatus,
1341 1714 1451 1800 palam

497 1822 618 1889 habeat
633 1843 708 1889 cum
723 1843 862 1909 gemma,
879 1825 913 1889 in
930 1841 995 1907 qua
1010 1822 1096 1888 nihil
1111 1822 1234 1908 sculpti
1249 1841 1323 1887 asse
1341 1819 1449 1887 debet.

587 1929 761 1998 Gremiale
784 1931 885 2015 longe
907 1935 1040 1996 constet
1062 1928 1182 1995 cubitis
1205 1929 1342 1994 circiter
1365 1926 1450 1997 duo-

495 2036 567 2115 bus,
579 2038 649 2103 late
664 2038 776 2104 cubito
799 2057 866 2103 uno
882 2042 1022 2114 tantum,
1040 2042 1076 2102 ct
1091 2037 1199 2102 unciis
1216 2037 1294 2102 item
1315 2036 1450 2101 circiter

495 2143 676 2223 duodecim,
693 2144 838 2230 undique
862 2147 1006 2211 cinctum
1030 2143 1229 2214 laciniarum
1253 2162 1367 2220 aureo,
1390 2160 1450 2207 ar·

495 2257 658 2336 genteove
681 2253 884 2319 intentatum
907 2257 1056 2320 ornatae

583 2360 741 2428 Baculus
772 2361 969 2428 Pastoralis
1002 2380 1023 2426 a
1054 2365 1149 2446 parte
1181 2360 1247 2424 ima
1276 2361 1450 2433 acutus,a

494 2465 601 2531 media
623 2472 715 2534 tutus
738 2472 898 2545 racinse
920 2485 1049 2534 summa
1071 2472 1221 2533 retortus
1242 2485 1317 2531 esse
1340 2464 1450 2549 debet,

496 2573 634 2651 Orario,
651 2579 710 2639 aut
734 2573 875 2641 Sudario
900 2593 968 2640 non
999 2580 1150 2651 ornatur,
1182 2576 1210 2639 si
1243 2571 1448 2660 Episcopalis
1490 2637 1649 2650 „-

496 2688 559 2756 est,
575 2679 783 2766 longitudine
807 2686 975 2758 recteest,
992 2681 1179 2747 cubitorum
1196 2682 1309 2758 trium,
1326 2686 1361 2747 et
1384 2699 1450 2745 un-

454 2784 457 2789 ’
497 2790 623 2853 ciarum
647 2788 828 2855 duodecim:
845 2781 1020 2875 pars‘verc
1035 2793 1166 2856 retenta
1180 2788 1317 2854 totidem
1326 2788 1447 2864 unciis,

496 2900 555 2960 aut
587 2895 702 2982 paullo
735 2896 837 2962 altius
852 2937 855 2944 -
868 2898 1001 2973 eminet,
1025 2915 1206 2962 asumma
1239 2893 1448 2961 rectitudinis

496 3009 590 3089 parte
614 3010 666 3068 ast
688 3004 909 3070 crassitudine
925 3004 1109 3070 orbiculari
1123 3005 1297 3070 unciarum
1313 3004 1449 3070 circiter

495 3115 630 3195 septem,
663 3130 747 3195 quae
777 3131 879 3198 prope
901 3110 942 3176 ad
965 3112 1064 3176 imam
1090 3118 1219 3196 partem
1245 3109 1449 3177 descendens

495 3218 668 3303 paullatim
693 3217 887 3284 diminutam
911 3219 1017 3284 unciis
1041 3220 1185 3303 quinque
1208 3223 1350 3296 constat,
1366 3236 1450 3283 con·

495 3327 643 3390 nectitur
666 3331 778 3391 autem
801 3346 876 3392 cum
899 3327 959 3391 illa
981 3331 1077 3412 parte
1100 3330 1193 3391 recta
1216 3325 1327 3410 aliquo
1348 3344 1449 3412 opere

494 3434 616 3499 caelati
638 3435 781 3517 argenti,
804 3433 892 3518 quod
914 3433 1092 3520 sexanguli
1114 3433 1255 3499 formam
1285 3432 1449 3503 exhibens

495 3543 599 3607 sacris
623 3547 765 3608 ornatur
786 3542 994 3628 imaginibus.

1481 854 1659 867 -n-

1510 1001 1515 1018 Ι

1492 1743 1650 1758 ἡ

1686 3590 1709 3679 ex
1677 3331 1709 3545 unciis
1676 3197 1710 3287 24
1680 2868 1716 3152 constat,
1677 2628 1710 2837 tertia.
1686 2429 1719 2586 pars
1678 2060 1711 2376 unciatim
1677 1676 1712 2015 delineata
1679 1464 1712 1634 haec
1682 1312 1713 1419 est

1675 3883 1714 3980 iti,
1676 3723 1718 3836 qui
