4175 5717
517 692 560 758 52
979 716 1060 762 nrn.
1087 717 1097 762 1

518 821 591 884 472.
617 820 721 885 Stabit
747 820 786 886 ad
811 819 1036 886 adorationem
1060 842 1143 906 quae
1168 821 1221 888 liet
1246 823 1287 887 ab
1312 822 1482 910 Episcopo.

517 928 591 992 473.
616 928 846 1012 Unusquisque
870 937 987 1014 perget
1010 928 1051 993 ad
1076 929 1214 995 Crucem
1238 929 1438 995 adorandam
1461 949 1561 1013 quum
1584 929 1648 1017 ipsi

429 1035 599 1104 innuatur.
624 1035 867 1100 animadvertet
889 1034 1114 1120 genuflectere
1137 1038 1207 1123 pari
1223 1042 1372 1122 tempore
1388 1057 1463 1104 cum
1478 1036 1569 1104 socio
1585 1057 1650 1102 suo

428 1161 467 1205 ac
491 1141 597 1206 tribus
622 1144 654 1205 111
678 1141 761 1207 locis
785 1163 869 1227 quae
893 1142 1136 1208 indicabuntur.

518 1251 591 1313 474.
617 1249 761 1334 Quisque
784 1250 876 1314 chori
901 1250 980 1314 ordo
1003 1257 1085 1315 tunc
1108 1249 1299 1324 considebit,
1331 1264 1430 1334 quum
1461 1250 1501 1316 de
1531 1249 1652 1332 adora·

429 1356 519 1420 tione
543 1357 658 1423 Crucis
683 1357 841 1422 redierint
864 1378 977 1422 ornnes
1001 1341 1052 1422 illi
1076 1360 1131 1443 qui
1155 1358 1299 1424 eiusdem
1324 1358 1453 1426 ordinis.
1467 1365 1555 1424 sunt.

518 1465 591 1528 475.
618 1464 724 1539 Quum
750 1469 820 1550 post
846 1464 1070 1529 adorationem
1095 1485 1115 1528 a
1139 1465 1283 1530 Diacono
1300 1465 1468 1530 referetur
1485 1464 1576 1530 Grux
1594 1487 1651 1531 su-

430 1589 489 1654 per
513 1570 639 1646 4141116,
664 1573 769 1636 omnis
794 1571 912 1636 Clarus
935 1591 1044 1656 genua
1075 1572 1246 1637 submittet.
1281 1592 1342 1638 nec
1373 1574 1553 1660 consurget
1582 1574 1649 1682 nisi

430 1698 528 1760 quum
553 1678 716 1742 Diaconus
742 1680 933 1765 imposuerit
956 1699 1027 1743 earn
1052 1699 1152 1764 super
1173 1680 1286 1744 basim.

518 1787 592 1851 476.
619 1786 667 1850 Ad
692 1786 894 1851 ablutionem
919 1771 1074 1850 manuum
1100 1787 1250 1872 Episcopi
1279 1787 1398 1854 clerus
1428 1787 1652 1873 adgenicula-

431 1897 530 1961 bitur.

519 2006 593 2068 477.
618 2004 771 2069 Discedet
794 2005 1019 2087 unusquisque
1043 2004 1083 2068 de
1107 2004 1209 2068 choro
1232 2003 1347 2069 ordine
1371 2004 1490 2080 debito,
1508 2003 1652 2070 etiactc

431 2109 663 2198 genuflexione
687 2112 825 2198 simplici
850 2110 890 2175 ad
916 2111 1056 2176 Crucem
1091 2111 1220 2185 altaris,
1245 2111 1421 2197 occupabit·
1446 2110 1557 2176 locum
1587 2109 1652 2176 sibi

431 2224 464 2286 in
487 2221 697 2308 processione
720 2220 934 2302 assignatum.

518 2329 591 2392 478.
617 2327 677 2392 Ubi
702 2328 734 2390 in
759 2326 928 2392 Sacellum
951 2331 1088 2390 ventum
1112 2329 1176 2392 erit
1210 2328 1332 2410 inquo
1365 2327 1551 2412 expositum
1583 2325 1653 2390 orit

432 2437 487 2503 SS.
513 2436 775 2511 Sacramentum,
799 2431 1064 2519 genuflexionem
1090 2434 1253 2519 duplicem
1278 2434 1377 2499 faciet
1400 2435 1434 2498 in
1450 2433 1654 2519 medio-pre-

430 2544 589 2629 sbyterio‚
615 2549 732 2628 perget
755 2541 795 2606 ad
820 2562 915 2606 suurn
939 2542 1048 2607 locum
1074 2541 1189 2626 ibique.
1204 2539 1402 2626 genuflexus
1426 2540 1581 2610 manebit.

519 2652 594 2718 479.
621 2652 728 2727 Quum
753 2651 935 2737 Episcopus
961 2650 1016 2717 SS.
1035 2650 1287 2716 Sacramentum
1304 2649 1453 2716 manibus
1470 2649 1653 2735 acceperit.

430 2767 611 2847 consm‘get
646 2762 870 2845 unusquisque
904 2758 1079 2823 ordinatim
1115 2765 1145 2823 et
1182 2756 1415 2843 genuflexione
1449 2756 1574 2844 duplici
1608 2755 1654 2822 ad

429 2872 533 2956 ipsum
558 2868 809 2934 Sacramentum
840 2869 873 2931 in
907 2866 1013 2931 medio
1044 2866 1253 2953 presbyterio
1284 2870 1429 2951 peracta,
1461 2863 1586 2930 redibit
1613 2865 1651 2930 in

431 2978 674 3063 processionem
698 2976 771 3039 loco
795 2976 854 3039 sibi
880 2976 1088 3060 praestituto.

519 3085 592 3148 480.
618 3082 668 3148 nd
692 3083 810 3147 Altare
834 3084 1011 3146 niaximum
1036 3082 1091 3146 ubi
1116 3091 1250 3146 ventum
1275 3083 1340 3145 crit
1356 3081 1452 3146 nulla
1476 3079 1530 3146 fiet
1546 3100 1654 3166 genu·

431 3190 530 3257 flexio
553 3192 586 3256 al
611 3191 729 3255 Altare
752 3190 908 3274 siquidem
935 3191 1138 3253 comitantur
1172 3189 1228 3254 SS.
1264 3188 1523 3262 Sacramentum
1556 3187 1652 3252 ordi·

431 3302 564 3366 nubitur
588 3299 705 3365 Clerus
730 3300 818 3362 circa
843 3299 970 3373 Altare
987 3297 1040 3362 vel
1067 3299 1093 3361 si
1111 3298 1362 3382 Presbyterium
1379 3298 1652 3382 nomenitcupax

434 3413 622 3473 revertetur
647 3407 870 3490 unusquisque
894 3406 934 3470 ad
958 3406 1126 3492 proprium
1152 3405 1288 3469 stallum
1307 3405 1414 3489 ibique
1430 3404 1569 3491 genibus
1585 3402 1652 3470 flc-

430 3518 482 3580 xis
507 3515 649 3580 manebit
672 3514 777 3578 donec
801 3514 982 3599 Episcopus
1006 3532 1136 3580 sacrum
1161 3512 1372 3577 particulam:
1391 3513 1423 3576 in
1452 3511 1564 3578 Galica
1594 3531 1654 3598 po·
1724 3505 1731 3518 '

431 3623 526 3687 sitam
550 3622 838 3686 consummaverit.

518 3729 592 3793 481.
618 3728 747 3793 Redibit
771 3731 996 3813 unusquisque
1019 3729 1060 3793 ad
1083 3728 1194 3792 locum
1211 3749 1307 3794 suum
1324 3731 1362 3793 in
1374 3729 1488 3805 choro,
1510 3728 1567 3794 sed
1583 3735 1653 3797 sta-

431 3838 476 3901 bit
501 3836 541 3900 611
567 3837 750 3901 orationem
779 3836 876 3907 Quod
899 3857 960 3902 ore
983 3843 1046 3901 etc.
1071 3857 1167 3919 quam
1193 3836 1345 3901 recitabit
1371 3836 1564 3923 Episcopus.

520 3943 593 4008 482.
619 3943 667 4007 Ad
693 3944 896 4008 ablutionem
915 3963 1067 4008 manuum
1087 3943 1248 4029 Episcopi.
1267 3943 1386 4009 clerus
1398 3964 1508 4028 genua
1524 3942 1651 4012 flectet.

519 4049 593 4114 483.
619 4050 792 4115 Redeunte
822 4051 984 4136 Episcopo
1015 4051 1055 4115 ad
1080 4051 1237 4115 thronum
1268 4072 1308 4116 ac
1335 4051 1521 4137 deponente
1552 4073 1652 4120 sacru

430 4158 631 4228 indumenta.
659 4157 778 4224 Clerus
803 4159 913 4223 stabit.
1682 4242 1684 4246 Ι

519 4265 592 4330 484.
618 4266 655 4330 lu
680 4267 875 4331 recitatione
899 4266 1135 4354 Vesperarum.
1160 4268 1392 4334 observabitur
1407 4269 1546 4355 idipsum
1560 4271 1651 4354 quod

429 4373 601 4440 docuimus
626 4377 658 4440 in
683 4376 856 4440 functione
878 4374 919 4440 de
942 4376 1043 4440 Feria
1064 4376 1106 4440 V.
1131 4378 1171 4441 in.
1191 4377 1301 4443 Coena
1324 4377 1461 4444 Domini.

518 4482 590 4548 485.
616 4484 649 4549 Si
674 4485 855 4572 Episcopus
879 4484 977 4548 huius
1001 4485 1067 4549 diei
1096 4487 1323 4552 functionibus
1353 4489 1484 4552 assistet
1517 4499 1651 4556 tanturn

432 4595 600 4672 postquam
626 4593 816 4676 pervenerit
841 4590 882 4657 ad
908 4590 1025 4655 Altare
1042 4593 1230 4669 maximum,
1250 4596 1476 4680 unusquisque
1491 4596 1532 4661 de
1548 4597 1652 4664 Glero
