4175 5717
517 659 560 722 50
968 677 1034 724 111.
1060 677 1108 724 111.

434 791 564 870 tergum
589 789 699 850 vertat.
721 783 762 849 ad
787 785 1047 856 Sacramentum.
1072 785 1113 850 de
1129 785 1335 872 suppedaneo
1351 783 1530 850 descendet
1546 785 1579 850 in
1596 805 1644 850 se·

433 892 575 957 cundum
599 893 746 978 gradum,
771 900 805 958 et
829 894 914 958 facie
936 893 975 957 ad
993 892 1150 979 populum
1167 913 1274 968 uersa,
1292 891 1561 970 lavabit'manus,
1577 913 1643 958 nou

434 1007 541 1065 tamen
566 1002 712 1066 recitans
736 1001 897 1086 psalmum
921 1005 1117 1066 consuetum
1153 1000 1292 1068 Lavabo
1322 1001 1415 1068 inter
1443 1001 1646 1070 innocenter

429 1109 918 1194 010101111001011011111011
931 1109 992 1194 ipsi
1003 1108 1212 1186 ministrabit,
1225 1107 1390 1174 secundus
1399 1109 1645 1196 manutergium
1660 1163 1670 1178 .

430 1235 487 1280 seu
513 1217 710 1302 mappulam.

521 1323 592 1393 110.
617 1323 770 1390 Extorsis
795 1325 954 1402 manibus,
980 1324 1163 1392 celebrans
1187 1345 1305 1390 rursus
1327 1323 1485 1392 ascendet
1509 1327 1543 1391 in
1567 1345 1649 1412 sup-

432 1432 623 1518 pedaneum,
649 1431 767 1497 redibit
791 1431 833 1497 ad
857 1433 998 1498 medium
1012 1433 1149 1510 AltariS,
1166 1430 1378 1519 genuflectet,
1395 1439 1512 1520 postea
1528 1434 1651 1500 iunctis

430 1539 581 1604 manibus
604 1559 705 1625 super
728 1539 837 1604 Alteri
862 1545 896 1605 et
919 1540 1107 1626 paullulum
1132 1541 1321 1617 inclinatus,
1339 1559 1420 1607 voce
1442 1539 1651 1626 intelligibili

434 1647 587 1712 recitabit
612 1647 655 1714 da
677 1647 808 1732 spiritu
832 1647 1038 1715 humilitatis·
1061 1653 1124 1713 etc.
1150 1647 1367 1715 Osculabitur
1383 1645 1502 1714 deinde
1519 1647 1652 1726 Altera,

430 1737 695 1838 genuflexionem
719 1755 835 1832 faciet,
855 1774 891 1820 se
914 1761 1090 1820 convertet
1113 1775 1231 1822 versus
1255 1775 1358 1822 cornu
1395 1753 1574 1840 Evangelii
1610 1755 1653 1822 ad

429 1864 587 1949 populum
609 1862 722 1928 diceus
745 1862 860 1928 eodem
876 1865 966 1930 vocis
989 1869 1070 1929 tono
1097 1863 1202 1932 Orate
1222 1865 1358 1948 fratres
1380 1871 1420 1932 ut
1443 1883 1563 1931 meum
1587 1869 1654 1930 etc.

431 1971 596 2035 circulum
619 1990 686 2036 non
708 1973 889 2058 complens,
915 1993 1032 2038 rursus
1058 1993 1092 2038 se
1116 1978 1292 2039 convertet
1315 1972 1355 2038 ad
1380 1971 1499 2039 Altera
1523 1992 1564 2039 ac
1593 1993 1657 2062 ge-

431 2076 653 2144 nuflexionem
678 2080 822 2146 iterabit.
866 2109 873 2117 ·

522 2190 593 2256 111.
618 2191 689 2256 Nou
714 2189 967 2277 respondebitur
990 2189 1168 2276 Sta-scipiot
1191 2191 1362 2260 Dominus
1385 2199 1448 2261 etc.

522 2298 593 2364 lta.
619 2298 740 2364 Clerici
763 2298 943 2364 manebunt
973 2298 1142 2385 genuflexi
1177 2302 1209 2365 iu
1241 2301 1398 2388 gradibus
1434 2301 1577 2382 Altaria,
1604 2305 1660 2372 vi-

431 2406 553 2472 delicet
575 2406 740 2474 secundus
765 2427 882 2472 versus
905 2427 1011 2472 cornu
1036 2407 1216 2494 Epistolae,
1241 2411 1362 2476 tertius
1386 2431 1505 2478 versus
1523 2417 1659 2498 partem

433 2514 608 2600 Evangelii
631 2519 666 2580 et-
689 2515 813 2600 primus
838 2535 938 2601 super
961 2514 1068 2600 gradu
1092 2517 1124 2578 iu
1148 2515 1258 2581 latere
1282 2516 1464 2603 Epistulae.

524 2621 595 2691 113.
621 2623 802 2688 Gelebrans
826 2621 975 2687 manibus
1006 2622 1128 2688 iunctis
1158 2629 1237 2688 ante
1267 2630 1382 2709 pectus
1416 2624 1508 2690 dicet
1538 2627 1660 2694 altiori

434 2730 523 2794 vocis
548 2736 626 2795 tono
652 2729 809 2797 Oramus.
835 2729 1039 2814 Praeceptis
1062 2729 1282 2798 solutoribus
1305 2737 1367 2798 etc.
1401 2737 1435 2798 et
1464 2733 1507 2799 ad
1545 2735 1662 2804 Pater
1728 2793 1730 2800 .

433 2844 553 2904 nostor
575 2839 703 2924 aperiet
726 2858 852 2903 manus.
877 2837 999 2904 Clerici
1025 2837 1273 2923 respondebunt
1296 2837 1365 2906 Sed
1390 2839 1500 2906 ubera
1535 2861 1606 2910 nos
1637 2863 1660 2910 a

432 2945 532 3010 anolo.
558 2944 738 3010 Celebraus
772 2951 902 3010 secreto
934 2943 1022 3010 dicet
1055 2945 1176 3021 Amara
1212 2945 1329 3011 deiude
1349 2946 1469 3014 'adhuc
1501 2951 1658 3018 extensis

432 3051 581 3116 manibus
606 3051 758 3117 recitabit
782 3051 895 3118 eodem
912 3053 1003 3116 vocis
1019 3059 1108 3128 1110,
1126 3073 1165 3117 ac
1181 3073 1292 3138 supra,
1310 3053 1439 3122 Libera
1454 3075 1530 3135 nos,
1549 3077 1661 3144 quae·

431 3181 556 3227 sumus
578 3167 641 3226 etc.
666 3166 700 3225 et
723 3159 837 3226 clerici
861 3159 1110 3247 respondebunt
1132 3161 1253 3228 Amen.

523 3269 594 3333 114.
621 3267 801 3334 Oelobraus
825 3265 1037 3354 genuflectet,
1062 3273 1227 3352 assurget,
1251 3268 1386 3355 deteget
1410 3271 1571 3352 Galicem,
1605 3295 1661 3362 pa·

433 3386 542 3443 teuam
567 3385 729 3464 supponet
753 3401 778 3441 s.
803 3377 948 3452 Hostiae,
973 3383 1007 3442 et
1030 3378 1197 3442 sustinens
1222 3376 1363 3444 dextera
1386 3401 1411 3444 s.
1429 3381 1597 3460 Hostiam,
1619 3385 1663 3450 si·

434 3487 539 3550 nistra
563 3491 724 3571 patenam,
750 3484 895 3551 elevabit
918 3505 943 3548 s.
967 3483 1118 3549 Hostiam
1143 3503 1246 3568 usque
1270 3504 1309 3551 eo
1325 3493 1363 3552 ut
1379 3489 1524 3574 conspici
1550 3493 1663 3576 possit

432 3593 472 3657 ab
496 3591 713 3658 adstantibus.
738 3593 811 3657 Non
834 3591 1022 3679 pulsabitur
1044 3592 1219 3668 crotalum,
1244 3612 1311 3658 nou
1346 3591 1402 3660 det
1435 3595 1661 3676 thurificatio,

433 3719 494 3766 neo
518 3700 653 3786 planeta
677 3699 885 3766 Celebrautis
909 3698 1149 3766 sublevabitur.

522 3807 593 3872 115.
618 3806 743 3872 Deinde
767 3806 948 3874 Celebrans
971 3807 1158 3874 immediate
1175 3829 1200 3874 s.
1219 3809 1366 3874 Hostiam
1383 3809 1535 3877 demittet
1554 3835 1663 3902 super

432 3917 585 3992 Calicem,
610 3916 778 4000 relinquet
800 3920 952 4002 patenam
977 3937 1077 4003 super
1101 3917 1277 4003 corporali,
1292 3917 1415 3984 dividet
1438 3939 1464 3982 s.
1489 3919 1662 4000 Hostiam,

430 4029 468 4088 ut
491 4025 523 4088 iu
548 4024 622 4087 aliis
645 4023 764 4098 Missis,
789 4042 914 4108 ponens
939 4023 1020 4090 duas
1046 4025 1187 4090 maiores
1221 4030 1334 4110 partes
1365 4043 1465 4111 supra
1495 4031 1665 4113 patenam

429 4137 460 4195 01
486 4130 684 4216 particulam
708 4131 741 4193 iu
767 4129 888 4207 Galioe,
913 4130 998 4195 nihil
1022 4131 1136 4197 diceus
1160 4137 1194 4196 et
1217 4131 1349 4197 nullum
1373 4132 1498 4198 iaciens
1536 4133 1664 4204 Crucis

429 4239 569 4321 siguum.

520 4345 591 4408 1111.
618 4345 792 4431 cooperiet
815 4345 970 4422 Calicem,
1006 4345 1219 4432 genuflectet,
1244 4354 1399 4432 assurget
1431 4355 1465 4413 et
1499 4349 1662 4418 manibus

430 4450 551 4514 iunctis
575 4474 673 4538 super
698 4453 818 4530 Alteri,
844 4453 1032 4538 paullulum
1057 4456 1237 4520 inclinatus
1261 4461 1294 4522 et
1330 4461 1460 4522 secreto
1496 4457 1663 4534 recitabit

432 4560 614 4626 orationem
642 4560 1007 4648 Porceptio'jcorporir
1032 4563 1085 4628 tui
1106 4569 1168 4628 eto.
