4175 5717
521 697 587 761 272
978 717 1044 762 ms.
1072 717 1105 761 ιι.

431 825 576 911 spositus
610 825 674 888 iam
705 825 772 888 erit.
798 829 877 889 ante
912 821 1042 900 Altare,
1067 830 1101 888 et
1131 823 1220 889 facta
1254 821 1379 912 duplici
1409 819 1658 910 genuflexione,

432 932 668 1015 unusquisque,
700 935 739 996 ut
768 930 922 1016 superius
955 930 1116 997 teadit-um
1144 937 1205 1008 est,
1230 929 1341 998 locum
1375 931 1410 997 in
1443 929 1660 1018 precessione

432 1061 528 1106 suurn
552 1036 736 1124 occupabit.

519 1147 572 1212 71.
600 1146 781 1212 Gelebrans
806 1151 841 1211 et.
863 1145 1010 1211 Ministri
1033 1145 1196 1212 submissa
1219 1166 1301 1212 voce
1323 1147 1519 1214 alternatim
1541 1145 1664 1214 recitu-

431 1256 514 1321 bunt
537 1255 689 1340 hymnos,
714 1252 859 1339 psalmos
883 1259 918 1318 et
940 1255 1072 1319 cantica
1090 1254 1255 1320 functioni
1278 1255 1523 1321 convenientia.

519 1363 572 1430 72.
597 1363 630 1428 Si
653 1382 719 1446 qua
742 1359 799 1427 fiet
822 1362 922 1426 statio
946 1363 1128 1428 secundum
1145 1365 1232 1428 viam
1248 1365 1319 1429 sive
1334 1364 1368 1428 in
1385 1363 1549 1440 ecclesiis,
1573 1381 1662 1450 quaa

431 1476 622 1560 occurrent,
646 1471 717 1536 sive
750 1468 790 1534 ad
821 1468 954 1535 Altaria
989 1469 1100 1536 dedita
1134 1490 1237 1557 opera
1259 1477 1382 1548 erecta,
1407 1477 1446 1537 ut
1479 1491 1512 1536 n.
1538 1471 1569 1538 8.
1596 1473 1665 1538 iam

378 1605 390 1618 f
432 1585 582 1645 notatum
612 1584 673 1654 est,
697 1579 867 1664 processio
890 1577 1029 1642 intrabit
1043 1579 1078 1642 in
1094 1577 1281 1654 ecclesiam,
1297 1581 1325 1644 si
1341 1595 1449 1664 capax
1468 1579 1545 1656 erit,
1562 1597 1665 1646 secus

432 1688 486 1753 vel
510 1692 602 1753 totus
626 1686 747 1786 clerus
771 1685 825 1751 vel
850 1705 927 1773 pars
953 1684 1055 1762 illius;
1079 1704 1119 1751 ac
1142 1687 1170 1750 si
1192 1685 1336 1752 aderunt
1360 1685 1521 1754 canonici
1539 1687 1667 1774 parati,

431 1797 542 1862 locum
567 1793 778 1879 occupabunt
800 1793 842 1858 ad
865 1812 1001 1859 scamna
1023 1799 1234 1879 praeparata.
1259 1791 1383 1862 Omnes
1406 1794 1458 1861 illi
1473 1795 1532 1880 qui
1552 1797 1670 1882 ingre-

431 1904 566 1969 dientur
589 1904 622 1967 in
646 1901 825 1968 ecclesiam
848 1908 907 1967 aut
931 1903 966 1966 in
992 1905 1208 1987 conspectum
1232 1901 1361 1968 Altaris
1390 1907 1502 1980 erunt,
1527 1903 1671 1990 genicu-

431 2013 560 2078 labunt.
1444 2069 1446 2074 .

522 2119 574 2184 73.
600 2116 783 2186 celebrans
806 2121 885 2182 ante
910 2115 1031 2182 Altare
1055 2137 1154 2200 quum
1179 2117 1321 2194 venerit,
1353 2117 1524 2194 consistet
1548 2117 1675 2186 macc·

432 2250 495 2293 nus
519 2227 725 2312 aliquantum
749 2223 944 2291 accelerans
967 2223 1118 2310 gradum,
1135 2231 1269 2310 praesto
1294 2227 1459 2292 scitante
1483 2245 1575 2292 eum.

522 2336 574 2399 74.
601 2335 765 2399 Diaconus
800 2330 1014 2418 genuflectet,
1048 2332 1281 2399 Ostensorium
1312 2334 1462 2418 accipiet,
1494 2339 1672 2422 assurget,

431 2442 622 2529 expectabit
643 2441 722 2506 dum
746 2439 929 2506 Celebrans
953 2460 1028 2506 cum
1056 2439 1265 2507 Subdiacono
1288 2437 1519 2527 genuflectant
1548 2441 1588 2508 in
1621 2443 1671 2510 in-

433 2550 507 2616 fimo
531 2550 636 2636 gradu
661 2554 696 2614 et
720 2547 972 2612 Sacramentum
995 2547 1145 2624 adorent,
1171 2554 1241 2613 tum
1276 2547 1407 2614 deferet
1437 2547 1525 2616 illud
1563 2569 1673 2640 super

434 2660 556 2724 Altare
576 2663 611 2723 et
645 2654 827 2722 collocabit
857 2655 892 2720 in
923 2654 1040 2732 medio,
1065 2653 1270 2741 genuflectet
1291 2675 1313 2720 a
1334 2654 1452 2733 latere,
1476 2661 1517 2724 ut
1550 2677 1671 2746 supra,

434 2765 554 2833 redibit
576 2764 618 2830 ad
641 2763 815 2829 dexteram
840 2760 1048 2828 celebrantis
1072 2767 1107 2828 et
1129 2761 1336 2849 geniculabit
1358 2782 1461 2850 prope
1484 2783 1575 2830 eum.

522 2873 576 2938 75.
602 2873 735 2936 Interea
772 2867 1000 2936 Subdiaconus
1034 2869 1189 2956 expediet
1215 2871 1329 2937 velum
1360 2871 1549 2950 humerale,
1580 2875 1675 2960 quod

434 2981 578 3048 tolletur
601 2978 641 3044 de
663 2978 812 3044 humeris
836 2976 1056 3043 celebrantis.
1081 2978 1181 3044 Alter
1204 2999 1222 3044 e
1244 2979 1474 3046 thuriferariis
1498 2979 1606 3048 vadet
1627 2983 1674 3050 ad

437 3088 667 3156 renovandum
690 3087 800 3172 ignem
825 3085 858 3150 in
882 3085 1067 3162 thuribulo,
1091 3091 1126 3152 et
1148 3105 1187 3152 eo
1213 3092 1417 3166 revertente,
1445 3087 1532 3154 idem
1566 3089 1676 3162 faciet

433 3199 532 3264 alter.

524 3303 576 3368 76.
603 3302 799 3369 Ostensorio
824 3321 844 3365 a
867 3301 1013 3366 Diacono
1037 3302 1144 3387 posito
1160 3323 1261 3389 super
1278 3302 1397 3370 Altare
1413 3309 1576 3372 cantores
1592 3325 1675 3374 cau·

435 3412 556 3479 tabunt
586 3409 739 3476 Tantum
761 3427 846 3494 erpo
863 3414 989 3496 etpost
1012 3409 1113 3475 verba
1137 3429 1350 3478 veneremur
1371 3412 1508 3490 comui,
1521 3411 1568 3480 ad
1584 3433 1674 3500 quae

436 3519 631 3585 adorabitur
667 3516 931 3595 Sacramentum,
956 3523 1134 3604 consurget
1169 3519 1350 3586 Celebrans
1381 3541 1457 3586 cum
1488 3521 1671 3592 Ministris.

437 3627 667 3694 subdiaconus
691 3623 828 3690 attollet
851 3623 1013 3692 fimbriam
1037 3625 1211 3692 dext-eram
1234 3627 1403 3714 pluvialis,
1419 3627 1592 3696 Diaconus
1611 3633 1674 3700 mi·

438 3733 594 3801 nistrabit
617 3733 798 3808 incensum,
822 3733 1062 3800 thuriferarius
1079 3740 1171 3800 stans
1188 3734 1319 3802 obiiciet
1334 3735 1549 3802 thuribulum
1573 3737 1674 3808 Gele-

437 3843 558 3918 branti,
584 3841 639 3925 qui
663 3840 734 3904 sine
756 3839 986 3907 benedictione
1009 3843 1181 3908 incensum
1205 3843 1339 3908 iniiciet.
1634 3851 1637 3856 '

524 3951 577 4014 77.
603 3948 733 4014 Rursus
756 3948 1064 4033 congeniculabunt
1094 3949 1128 4014 in
1156 3947 1267 4015 infimo
1289 3949 1397 4035 gradu
1421 3949 1610 4022 (lelebrans
1636 3960 1673 4023 et

438 4058 593 4134 Ministri,
617 4076 657 4121 ac
682 4055 847 4120 Diaconus
871 4063 1046 4143 acceptum
1068 4079 1088 4122 a
1111 4057 1330 4123 thuriferario
1354 4057 1571 4126 thuribulum
1594 4081 1675 4150 por·

436 4169 525 4253 riget
549 4164 751 4238 Celebranti,
776 4163 832 4247 qui
857 4163 914 4229 SS.
939 4165 1192 4232 Sacramentum
1227 4163 1442 4244 thurificabit,
1467 4171 1540 4233 tum
1571 4171 1673 4238 resti·

438 4280 510 4339 tuet
534 4272 743 4338 thuribulum
768 4271 924 4344 Diacono,
949 4273 1004 4337 hic
1026 4278 1138 4338 autem
1162 4273 1390 4338 thuriferario.

528 4383 580 4445 78.
605 4380 687 4444 Post
709 4384 881 4444 cantatum
905 4380 1112 4465 praedictum
1135 4380 1296 4466 hymnum
1319 4378 1385 4445 duo
1408 4385 1565 4448 cantores
1591 4403 1673 4452 can·

440 4488 559 4555 tabunt
584 4487 788 4553 versiculum
815 4487 950 4554 Pacem
972 4489 1016 4555 de
1038 4491 1134 4555 caelo
1157 4494 1221 4554 etc.
1246 4493 1280 4553 et
1304 4487 1485 4554 celebrans
1508 4499 1673 4580 assurget
1713 4529 1722 4544 ·

442 4595 484 4658 et·
500 4595 648 4659 cantabit.
671 4596 855 4660 orationem
884 4593 1041 4664 oremus.
1067 4595 1172 4670 Deus,
1198 4595 1262 4680 qui
1283 4595 1383 4662 nobes
1398 4599 1553 4662 etccum
1570 4595 1671 4666 brevi
