4175 5717
518 726 583 794 234
670 705 676 720 ’
977 687 1044 796 unu
1070 745 1104 797 ιι.

430 853 570 922 candela
591 874 651 920 seu
673 855 821 940 gossipio·
840 860 967 931 cerato,
991 854 1113 922 redibit
1135 873 1236 943 prope
1252 856 1413 924 clericum
1429 851 1660 922 sustinentem

429 960 636 1028 arundinem:
661 960 782 1028 Glerua
806 981 923 1028 rursus
947 970 1140 1048 consurget.
1518 963 1521 968 ’

517 1068 570 1134 46.
595 1069 764 1136 Reversus
786 1068 828 1134 ad
851 1068 954 1154 legile
973 1069 1139 1137 Diaconus
1155 1075 1279 1136 cauere
1296 1070 1518 1138 Praeconium
1534 1073 1661 1156 perget

432 1177 476 1244 Ia
498 1177 607 1244 buius
628 1177 742 1262 igitur
763 1183 826 1244 eto.
851 1197 956 1262 usquo
978 1176 1020 1244 ad
1043 1177 1105 1243 illa
1128 1178 1231 1244 verbu
1255 1178 1520 1271 nuttamr’puts
1533 1195 1662 1246 accen·

429 1286 481 1354 dit
502 1285 676 1362 inclusive,
699 1291 775 1372 poet
797 1305 882 1370 quae
905 1285 1025 1352 Glerus
1048 1288 1170 1353 iterum
1194 1285 1386 1353 considebit.
1411 1286 1580 1354 Diaconos
1602 1303 1662 1352 w

431 1393 526 1462 cedet
548 1391 590 1458 ad
612 1392 850 1459 caudelabrum
869 1393 980 1470 Gerei,
1004 1401 1164 1479 sequente
1188 1394 1312 1461 clerico
1328 1413 1404 1461 cum
1420 1392 1599 1472 arundine.
1622 1389 1667 1460 et¹

429 1500 593 1568 arundine
615 1500 742 1566 abillo
764 1505 902 1588 accepta
926 1501 1068 1568 (bereum
1092 1503 1198 1589 ipsum
1221 1501 1391 1569 accendet.

517 1609 571 1672 47.
596 1607 761 1675 Diaconus
785 1606 906 1676 redibit
928 1607 971 1674 ad
993 1609 1097 1696 legile
1121 1614 1156 1675 et
1179 1605 1506 1696 Clerusoousurget
1521 1629 1659 1676 rursus:

429 1713 580 1782 clericus
603 1716 659 1799 qui
682 1715 869 1783 sustinebat
901 1715 1110 1794 arundinem,
1135 1716 1266 1783 deferet
1294 1736 1368 1783 eam
1398 1717 1501 1806 prope
1531 1713 1662 1784 Aliana

429 1826 464 1887 et
487 1822 632 1908 imponet
653 1821 724 1888 basi
749 1822 792 1889 ibi
815 1829 1015 1910 praeparata
1036 1825 1072 1890 in
1094 1823 1204 1891 latere
1228 1823 1414 1911 Evangelii.

517 1931 572 1996 48.
595 1929 761 1996 Diaconus¹
784 1936 919 1998 cantum
943 1932 1120 1999 Praeconii
1146 1931 1389 2018 redintegrabit
1409 1951 1431 1998 a
1454 1931 1570 2000 verbis
1586 1929 1665 2006 0ιό

431 2039 508 2106 licet
530 2039 575 2104 sit
597 2038 734 2106 dicbus
757 2043 824 2105 etc.
844 2043 881 2106 et
902 2040 1033 2106 interea
1055 2040 1295 2108 thuriferarius
1319 2046 1354 2106 et
1376 2039 1581 2128 Acolytbus,
1598 2041 1660 2128 qui

429 2145 615 2212 susbnebat
637 2165 752 2232 grana
777 2165 796 2212 e
820 2145 926 2213 Gereo
948 2147 1005 2213 vel
1027 2149 1173 2215 tricereo
1196 2145 1380 2214 accendent
1403 2145 1581 2214 caudelam
1597 2147 1669 2214 rel·

430 2254 608 2339 gossipium
632 2259 793 2331 ceratum,
818 2253 904 2338 quod
928 2274 1040 2320 secum
1065 2254 1245 2321 habebunt.

518 2360 571 2426 49.
595 2360 771 2439 Diaconos,
796 2360 852 2427 ubi
874 2362 1036 2428 cecinerit
1059 2362 1162 2428 verba
1185 2363 1264 2447 apic
1286 2368 1401 2430 mater
1434 2361 1572 2440 educu,
1603 2359 1665 2428 ab·

431 2475 565 2556 rumpet
585 2475 730 2546 cautum,
754 2489 795 2535 ac
816 2468 883 2535 duo
906 2468 1067 2557 praedicti
1090 2470 1206 2537 clerici
1241 2471 1297 2538 vel
1327 2489 1415 2538 uuus
1448 2489 1568 2536 eornm
1596 2489 1665 2538 uc-

430 2575 551 2642 cendet
573 2575 742 2663 lampadas
766 2575 896 2644 Aliaria
918 2577 1063 2655 maioris,
1087 2585 1204 2665 postea
1226 2578 1373 2664 reliquas
1396 2595 1456 2665 per
1476 2577 1670 2646 ecclesiam·

432 2684 561 2750 Chorus
584 2683 712 2750 sedebit
734 2691 773 2751 ut
795 2689 905 2762 autea,
929 2689 964 2751 et
991 2690 1173 2771 consurget
1207 2705 1308 2771 quum
1331 2685 1495 2752 Diaconos
1516 2689 1664 2754 cautum

433 2792 651 2860 continuabit.
753 2875 764 2886 .

519 2899 572 2965 50.
588 2899 749 2966 Accensis
765 2898 926 2987 lampadis
941 2899 1072 2967 Altaria
1087 2901 1232 2978 maioris,
1249 2900 1415 2966 Diacouus
1431 2905 1672 2988 prosequetur·

433 3013 568 3073 cantum
588 3007 765 3074 Praeconii
786 3009 933 3076 averbis
953 3008 1077 3077 overe
1091 3009 1192 3077 beata
1207 3029 1282 3077 noc
1299 3027 1402 3094 usque
1417 3007 1459 3074 ad
1474 3007 1578 3077 fluem
1599 3005 1664 3100 (c).

521 3114 575 3180 51.
598 3115 682 3181 Fine
704 3115 794 3182 facto
818 3115 959 3182 canendi
982 3115 1138 3193 Eoultet,
1169 3116 1335 3182 Diaconos
1366 3115 1509 3183 claudet
1531 3115 1665 3184 librum

433 3226 468 3287 et
491 3222 524 3286 in
547 3221 643 3307 legili
667 3243 741 3289 eum
765 3223 945 3308 relinquat.
970 3223 1200 3290 Subdiaocnus
1224 3224 1364 3290 Crucem
1388 3223 1500 3290 tradet
1513 3223 1666 3293 thurife-

435 3331 524 3395 rario
547 3330 603 3395 uel
626 3330 806 3417 Acolytbo,
830 3332 888 3417 qui
909 3330 1098 3398 sustinebat
1120 3351 1239 3418 gruna·
1259 3337 1295 3398 et
1316 3331 1358 3397 ab
1373 3329 1488 3398 eodem
1502 3331 1665 3418 applica·

433 3439 524 3504 bitur
548 3441 666 3525 parieti
690 3439 745 3505 vel
777 3459 877 3525 super
906 3440 976 3506 basi
1006 3439 1184 3506 locabitur.
1215 3440 1361 3506 Ministri
1389 3438 1488 3506 simul
1518 3439 1666 3508 venient

433 3552 512 3612 ante
535 3547 663 3622 Altero,
687 3546 798 3632 ibique
820 3545 1048 3633 genuflectent
1071 3546 1111 3613 ed
1135 3546 1176 3613 ad
1202 3567 1370 3614 scamnum
1398 3545 1567 3614 redibunt.

521 3654 574 3720 52.
600 3654 792 3731 celebrans,
816 3653 894 3720 dum
918 3654 1064 3720 Ministri
1086 3662 1165 3721 ante
1188 3655 1309 3722 Altare
1330 3651 1571 3741 genuflectent,
1598 3675 1665 3724 suc

434 3760 509 3828 loco
534 3760 745 3828 reverebitur
768 3762 918 3839 Crucem,
942 3761 983 3827 de
1015 3761 1170 3828 Altaria
1200 3763 1309 3829 latere
1340 3761 1521 3829 descendet
1553 3767 1590 3830 et
1620 3763 1665 3832 cd

435 3890 605 3937 scamnum
629 3871 751 3937 veniet.
775 3869 823 3936 Ibi
846 3868 1080 3938 adiuvantibus
1105 3870 1371 3938 caeremoniario
1399 3875 1434 3938 et
1463 3870 1664 3959 Acolytbis,

435 3978 618 4046 celebrans
647 3977 799 4066 deponet·
819 3977 968 4065 pluviale
999 3986 1033 4045 et
1061 3977 1221 4045 induetur
1251 3979 1420 4068 manipulo
1443 3981 1493 4046 acl
1519 3977 1665 4067 planeta

434 4086 594 4163 violacea,
619 4085 784 4152 Diaconus
806 4091 917 4152 autem
941 4084 1087 4152 dimittet
1109 4093 1302 4173 paramenta
1324 4086 1392 4155 albi
1413 4085 1540 4153 coloris¹
1556 4093 1594 4154 et
1611 4107 1665 4158 ue·

435 4200 543 4260 sumet
572 4193 787 4280 manipulum,
823 4193 944 4260 stolam
979 4193 1184 4261 diaconalem
1208 4195 1391 4262 violaceam
1421 4201 1456 4262 et
1482 4193 1662 4282 planetam

505 4443 549 4516 (α)
569 4441 600 4502 ln
620 4442 785 4502 Praeconio
803 4441 993 4500 omittendum
1013 4463 1080 4503 osse
1100 4443 1262 4504 orationem
1291 4463 1345 4520 pro
1369 4447 1503 4504 Romano
1527 4447 1661 4524 Imperio

436 4528 493 4588 iam
513 4534 659 4592 innuimus
678 4534 725 4591 lib.
745 4534 756 4593 Ι
777 4550 840 4608 cap.
859 4533 940 4592 xlv.
958 4539 985 4601 ἕ.
1008 4537 1047 4591 17.
1068 4553 1104 4594 eo
1132 4537 1209 4610 quod
1228 4536 1347 4612 saepius
1375 4537 1404 4594 id
1422 4535 1603 4612 decreverit
1628 4541 1660 4600 S.

439 4621 637 4696 Congregatio
657 4624 786 4682 Rituum.
1649 4643 1660 4656 ·
