4175 5717
528 733 592 797 294
992 755 1058 802 nm.
1083 755 1104 804 1.

530 858 580 924 ld.
605 860 696 925 Haec
720 861 812 926 nobis
835 864 905 926 risa
928 870 1007 927 sunt
1040 865 1214 948 generalia
1244 865 1453 944 documenta,
1477 887 1564 954 quae
1601 889 1667 956 pro

439 967 500 1033 tali
524 968 630 1033 officio
654 968 871 1046 traderemus,
895 991 915 1034 a
938 990 1002 1054 quo
1026 973 1112 1037 ratio
1144 979 1179 1039 et
1202 972 1283 1040 ordo
1314 994 1485 1042 sacrarum
1516 977 1668 1044 iunctio-

440 1093 519 1140 num
542 1075 716 1160 dependet.

696 1415 748 1472 ΒΕ
768 1413 924 1473 orricio
945 1415 1119 1474 DUORUM
1141 1417 1401 1478 CLERICORUM

564 1523 710 1582 MISSAE
729 1523 944 1582 CANTATAE
964 1523 1053 1580 SINE
1075 1524 1278 1582 Mintsrnls
1297 1527 1533 1586 ASSlS‘l'ENTl

919 1851 1063 1916 CAPUT
1089 1852 1181 1916 XVI.

405 2223 407 2227 .
440 2162 467 2226 l.
573 2158 743 2225 uibusdam
766 2159 800 2222 in
825 2157 985 2224 Ecclesiis
1010 2157 1110 2222 Clcro
1134 2158 1338 2234 carentibus,
1363 2161 1454 2226 etin
1483 2161 1664 2230 nonnullis

436 2270 535 2332 etiam
571 2265 775 2350 collegiatis,
807 2265 894 2330 solet
926 2263 1041 2330 diebus
1081 2263 1254 2330 ferialibus
1289 2268 1419 2332 cantari
1454 2267 1558 2334 Missa
1592 2271 1666 2336 sine

436 2373 752 2464 ministrisduobus
770 2378 899 2439 tantum
915 2373 1148 2438 assistentibus
1165 2372 1309 2438 clericis.
1328 2373 1456 2440 idcirco
1472 2383 1666 2462 opportune

436 2484 604 2548 trademus
637 2489 813 2568 praecepta
836 2502 856 2546 a
878 2481 1057 2568 praedictis
1093 2481 1226 2546 clericis
1258 2482 1431 2560 servande,
1456 2489 1493 2550 ut
1524 2503 1567 2550 ex
1602 2507 1666 2554 rn-

435 2592 547 2657 bricae
570 2592 700 2676 legibus
724 2597 758 2656 et
782 2592 944 2656 institut-is
968 2590 1098 2656 functio
1123 2589 1386 2656 administretur.

522 2699 554 2763 2.
580 2699 702 2765 Clerici
726 2699 805 2764 huie
828 2695 934 2762 officio
957 2696 1114 2782 delegati,
1141 2705 1369 2780 exsequentur
1403 2698 1436 2762 in
1467 2700 1564 2785 praxi
1590 2719 1666 2768 cae·

436 2808 600 2872 remonias
624 2807 791 2891 expositas
815 2825 875 2891 pro
899 2805 1000 2869 Missa
1023 2807 1154 2890 privata
1180 2825 1238 2870 seu
1271 2806 1370 2883 lecta,
1395 2805 1513 2890 quibus
1536 2807 1665 2876 addent

434 2935 518 2999 quae
541 2917 707 3000 praesenti
731 2916 839 3000 capite
863 2915 1051 2978 innuemus.
1602 2971 1606 2978 .

522 3025 553 3087 3.
578 3024 700 3088 Paullo
723 3029 801 3088 ante
826 3043 923 3105 quarn
946 3023 1049 3086 Missa
1080 3021 1284 3099 celebretur,
1319 3025 1455 3088 venient
1477 3025 1521 3090 ‘in
1552 3045 1665 3092 sacra·

434 3133 528 3200 rium:
553 3151 750 3215 quamquam
773 3149 915 3212 aequum
939 3136 1036 3202 esset,
1072 3136 1107 3194 ut
1138 3131 1328 3215 priusquam
1361 3130 1598 3216 ingrediantur
1628 3135 1664 3198 in

433 3241 627 3306 sacrarium.
658 3238 899 3322 aliquantisper
934 3238 967 3300 in
1002 3236 1154 3301 Ecclesia
1189 3257 1305 3322 preces
1343 3235 1535 3304 funderent.
1572 3239 1664 3308 llluc

432 3353 543 3409 autem
566 3346 717 3429 ingressi,
743 3363 860 3408 manus
883 3343 1031 3410 abluent.
1058 3345 1084 3407 si
1117 3365 1197 3429 opus
1222 3345 1337 3421 suerit,
1362 3345 1488 3428 sibique
1519 3345 1664 3414 induent

432 3451 724 3536 superpelliceum.

519 3561 549 3621 4.
575 3556 694 3623 Omnia
717 3578 942 3642 quaecumque
972 3555 1013 3621 ad
1044 3557 1184 3622 Sacrum
1216 3577 1298 3643 opus
1330 3565 1410 3624 sunt
1436 3559 1662 3645 apparebunt,

431 3665 568 3731 calicem
592 3685 708 3751 nempe
731 3687 806 3731 cum
829 3667 939 3731 hostia
962 3670 996 3730 et
1019 3685 1094 3729 cum
1118 3663 1348 3750 purificatorio
1376 3671 1411 3732 et
1435 3672 1549 3733 cetera
1572 3687 1662 3754 quae

431 3771 602 3837 Sacerdoti
626 3779 805 3857 operaturo
830 3774 1027 3848 inserviunt;
1054 3779 1122 3838 tum
1146 3771 1290 3858 pixidem
1314 3793 1389 3838 cum
1405 3775 1582 3861 particulis
1600 3797 1665 3844 nu·

431 3898 522 3944 mero
546 3877 732 3954 sufficienti,
758 3881 784 3944 si
816 3878 905 3944 Cleri
934 3878 1127 3944 communio
1152 3878 1219 3966 fiet,
1245 3879 1426 3946 Missalea
1457 3881 1662 3950 Celebrante

430 3973 653 4055 adhibendum
676 4007 751 4052 cum
774 3989 956 4071 signaculis
978 3987 1019 4052 ad
1048 3990 1385 4066 commemorationes,
1410 3989 1451 4054 ad
1475 3991 1662 4076 praefatio·

431 4115 507 4160 nem
532 4116 590 4160 seu
615 4094 796 4158 solemnem
829 4095 899 4158 sive
924 4095 1085 4171 ferialem,
1118 4116 1177 4180 pro
1210 4097 1331 4161 blissae
1362 4095 1537 4180 qualitate,
1566 4099 1661 4166 alte·

429 4223 568 4285 rumque
593 4202 727 4267 Missale
751 4222 811 4287 pro
828 4200 976 4266 canenda
1000 4202 1152 4286 Epistola
1180 4205 1417 4268 necessarium.

517 4311 553 4374 5:
574 4311 735 4384 Clericus,
760 4311 815 4392 qui
840 4310 1024 4393 Epist-olam
1041 4312 1106 4374 crit
1123 4317 1329 4386 cantaturus,
1347 4310 1504 4396 expediet
1516 4318 1567 4402 ¹ut
1583 4333 1658 4380 eam

430 4419 631 4501 praevideat,
657 4439 722 4503 quo
746 4422 845 4481 canat
868 4417 1054 4484 emendate.

516 4525 547 4588 6.
572 4526 683 4592 Rebus
707 4528 754 4590 ita
776 4525 951 4610 dispositis,
977 4526 1120 4590 clericus
1145 4527 1269 4610 primus
1286 4525 1424 4592 calicem
1443 4527 1582 4592 sinistra
1603 4551 1659 4596 su·

430 4635 497 4694 met
521 4650 560 4696 ac
583 4653 683 4718 super
705 4634 838 4698 bursam
863 4652 994 4697 manum
1018 4633 1190 4698 dexteram
1214 4636 1369 4718 imponet,
1395 4635 1421 4698 si
1447 4640 1479 4698 et
1503 4635 1590 4720 pixis
1608 4639 1658 4704 ai·
