4175 5717
519 675 560 738 64
983 693 1049 740 uia.
1076 694 1095 738 r.

434 799 676 865 canonicorum
701 819 858 864 numerus
883 819 925 864 ex
949 798 1068 864 ordine
1083 799 1364 886 Presbyteror-um
1375 805 1548 885 superaret
1569 799 1654 866 sub-

429 906 602 971 selliorum
622 924 805 982 numerum,
825 905 1035 991 occupabunt·
1051 899 1122 972 sine
1139 905 1213 971 ulla
1224 907 1469 971 intermissione
1481 911 1655 974 extremos

431 1013 524 1079 locos
550 1014 582 1077 in
613 1011 781 1078 subselliis
810 1011 1055 1078 canonicorum
1086 1012 1318 1089 Diaronorum
1350 1019 1385 1079 et·
1416 1012 1511 1080 locus
1543 1011 1655 1079 ultimi

431 1120 627 1206 Presbyteri
653 1119 761 1185 ultimi
785 1118 982 1189 subdiaconi
1005 1120 1081 1185 loeo
1107 1119 1327 1208 respondebit.

520 1228 550 1290 7.
577 1227 690 1292 Tertio
714 1226 855 1311 denique
878 1246 969 1313 casu,
992 1227 1087 1293 locus
1113 1228 1317 1313 Dignitatum
1343 1230 1409 1293 erit
1433 1229 1466 1293 in
1490 1229 1656 1294 extremi·

433 1339 500 1401 tais
525 1332 761 1398 subselliorum
785 1354 903 1398 versus
927 1334 1087 1400 thronum
1107 1336 1334 1401 sinistrorsum
1366 1337 1479 1422 ipsius,
1507 1331 1658 1401 secunda

433 1440 581 1524 llignitas
606 1439 732 1505 sedebit
755 1439 796 1506 ad
820 1439 949 1506 laevam
974 1443 1109 1527 primae,
1134 1438 1299 1508 tertia'ed
1322 1444 1452 1508 laevam
1476 1441 1655 1514 secundae,
1720 1459 1726 1472 ·

430 1552 530 1629 atque
553 1548 600 1611 ita
622 1567 731 1632 porro,
757 1548 784 1612 si
809 1547 959 1631 reliquae
983 1548 1119 1614 suerint.
1145 1549 1303 1616 canonici
1326 1550 1523 1637 Presbyteri
1553 1548 1656 1616 sede·

433 1654 515 1718 bunt
539 1659 614 1738 post
637 1655 830 1739 Dignitates,
863 1654 1020 1721 videlicet
1043 1656 1169 1742 primus
1198 1656 1382 1742 Presbyter
1411 1657 1453 1723 ad
1484 1658 1656 1723 sinistram

435 1760 572 1825 ultimae
596 1761 783 1847 Dignitatis,
808 1762 972 1829 secundus
1004 1763 1189 1850 Presbyter
1211 1764 1252 1829 ad
1283 1766 1451 1830 sinistram
1482 1765 1588 1852 primi,
1621 1771 1658 1831 et

434 1869 481 1931 sic
509 1867 673 1955 deinceps.
710 1868 867 1934 Canoniei
902 1869 1038 1935 Diaconi
1062 1891 1105 1936 ex
1136 1871 1246 1936 latere
1279 1871 1420 1938 adverso
1451 1872 1657 1938 sedebunte

434 1977 570 2060 regione
596 1976 808 2062 Dignitatum,
833 1977 963 2042 scilieet
984 1979 1110 2063 primus
1135 1979 1299 2045 Diaconus
1324 1999 1441 2046 uersus
1469 1980 1589 2046 Altare
1612 1980 1657 2047 ad

434 2082 523 2148 latus
556 2082 739 2168 Epistolae,
770 2084 863 2170 ¹alter
896 2084 1109 2151 dextrorsum
1145 2087 1250 2172 primi,
1286 2088 1406 2168 tertius
1439 2087 1656 2153 dextrorsum

435 2191 586 2266 alterius,
610 2196 710 2275 atque
733 2192 780 2257 ita
803 2191 845 2258 de
868 2192 1014 2276 reliquis.
1039 2193 1120 2258 Post
1152 2194 1314 2258 Diaconos
1345 2175 1507 2261 sedebunt
1538 2193 1657 2260 eodem

434 2298 550 2364 ordine
574 2296 781 2374 Subdiaconi;
806 2319 846 2363 ae
869 2301 896 2364 si
920 2300 1116 2385 Presbyteri
1133 2304 1304 2386 oporteret.
1319 2306 1356 2366 ut
1373 2302 1406 2366 in
1431 2301 1656 2368 Diaconoium

436 2405 490 2470 rel
515 2405 582 2470 Sub
592 2402 798 2472 ,liaeonorum
823 2406 991 2471 subselliis
1008 2408 1229 2484 considerent,
1247 2407 1396 2473 eumdem
1417 2408 1566 2474 ordinem
1582 2410 1657 2476 sine

438 2513 686 2598 interruptione,
706 2519 889 2596 sequentur
911 2512 994 2578 adeo
1018 2520 1057 2578 ut
1086 2514 1229 2578 ultimus·
1255 2514 1439 2599 Presbyter
1469 2514 1509 2578 ad
1544 2513 1658 2580 ultimi

436 2620 634 2686 Subdiaeoni
657 2620 830 2686 dexteram
854 2620 1051 2686 consederit.

523 2728 552 2791 8.
578 2726 666 2792 Idem
696 2727 778 2792 ordo
802 2749 821 2792 a
845 2727 1070 2794 Beneficieriis
1101 2736 1160 2795 aut
1190 2730 1422 2794 Mansionariis
1453 2729 1657 2808 servabitur,

436 2837 631 2924 praesertim
656 2837 683 2899 si
708 2836 806 2899 etiam
825 2817 964 2900 istorum
981 2843 1092 2902 essent
1110 2836 1225 2902 ordine
1241 2837 1416 2903 distinctae
1436 2837 1657 2926 praebendae.

437 2946 492 3012 Sin
519 2943 636 3009 sedilia
660 2945 736 3028 ipsis
760 2944 928 3028 assignata
951 2942 1019 3007 alia
1042 2950 1151 3008 essent
1177 2944 1288 3009 locata
1310 2946 1481 3032 positione,
1510 2943 1659 3031 sequen-'-

437 3055 514 3120 dum
539 3072 668 3138 semper
692 3052 757 3116 erit
781 3053 813 3115 in
831 3050 973 3116 sedendo
995 3052 1189 3138 principium
1207 3054 1526 3139 superimpositum,
1544 3055 1657 3120 locum

437 3164 565 3228 seilicet
589 3158 915 3225 honorificentiorem
939 3179 1012 3225 esse
1034 3161 1239 3246 propriorem
1267 3160 1396 3223 throno.

526 3271 556 3334 ll.
583 3267 738 3332 Eamdem
775 3265 967 3331 methodum
997 3272 1180 3351 sequentur
1212 3266 1405 3352 Cappellani
1435 3266 1591 3332 chorales
1622 3283 1658 3332 et

438 3379 553 3445 elerici
578 3376 761 3441 Seminarii.
1437 3359 1440 3365 ¹

530 3486 580 3551 10.
604 3484 762 3549 Viearius
778 3482 945 3568 generalis
970 3481 1099 3547 sedebit
1127 3482 1232 3568 primo
1264 3482 1357 3547 chori
1380 3482 1466 3558 loeo,
1498 3501 1556 3546 seu
1580 3481 1660 3547 loc-o

439 3597 527 3659 inter
558 3593 715 3658 thronum
750 3596 785 3655 et
815 3589 931 3656 sedilia
963 3590 1204 3656 canonicorum
1239 3588 1405 3666 distinete,
1434 3587 1533 3671 idque
1561 3588 1663 3653 iusta

439 3703 552 3767 varias
576 3701 746 3786 regionum
770 3697 1037 3765 consuetudines.
1062 3696 1248 3762 Notandum
1265 3703 1386 3773 tamen,
1403 3695 1489 3779 quod
1507 3697 1533 3759 si
1550 3694 1660 3761 Vica-

440 3810 508 3873 rius
532 3807 699 3893 generalis
723 3812 811 3871 esset.
835 3806 1031 3882 (latronibus,
1056 3806 1083 3869 si
1107 3803 1393 3869 distributionibus
1410 3803 1486 3868 vult
1501 3802 1577 3878 frui,
1595 3822 1661 3870 nec

439 3916 596 3981 mulctari
620 3923 658 3980 ut
679 3914 807 3990 absens,
832 3934 967 3980 neeesse
992 3916 1058 3979 erit.
1082 3917 1119 3977 ut
1141 3911 1255 3976 sedeat
1277 3911 1353 3976 loco
1377 3912 1431 3995 qui
1453 3911 1609 3976 convenit.
1627 3913 1660 3976 ei

440 4031 604 4109 tamquam
631 4022 807 4108 Canopico,
832 4042 938 4107 neque
963 4022 1067 4087 ullam
1092 4020 1152 4087 sibi
1176 4024 1285 4106 potest
1308 4037 1442 4084 sumere
1451 4016 1660 4113 praeceden-

440 4133 530 4195 tiam.
556 4129 682 4205 Quibus
698 4136 808 4200 autem
833 4130 1059 4196 functionibus
1088 4148 1161 4193 sese
1192 4128 1399 4192 vestimentis
1426 4126 1530 4190 saeris
1557 4144 1661 4211 para-

441 4237 519 4301 bunt
548 4238 717 4313 Canoniei,
743 4238 858 4321 nequit
890 4237 1044 4303 Viearius
1076 4240 1271 4324 paramenta
1298 4234 1357 4300 sibi
1382 4233 1530 4309 induere,
1559 4239 1663 4318 atque

443 4344 504 4407 lior
528 4365 607 4408 casu
632 4346 658 4410 si
684 4344 786 4409 eboro
810 4346 973 4412 interesse
997 4346 1117 4432 cupiet,
1142 4348 1308 4428 postremo
1325 4343 1566 4424 canonicorum
1582 4341 1663 4407 loco

440 4452 505 4515 erit
528 4452 577 4515 illi
602 4451 792 4533 sedendum,
816 4474 874 4518 seu
899 4460 972 4540 post
1006 4456 1178 4519 uniuersos
1210 4450 1392 4516 Canonieos
1425 4452 1527 4515 saeris
1559 4447 1661 4515 indu-

441 4559 559 4622 mentis
583 4566 725 4642 paratos.
