4175 5717
527 675 591 744 152
985 691 1052 742 nra.
1075 695 1097 744 1.

523 807 576 873 42.
600 805 776 892 Evangelii
798 801 863 870 dne
885 803 976 869 facto
990 802 1140 881 canendi,
1158 802 1309 870 demittet
1323 801 1445 870 librum
1468 823 1569 891 super
1595 821 1651 892 pe-

379 995 383 1000 ,
434 924 508 984 ctus
532 917 611 1002 quin
633 935 709 982 eum
742 913 909 991 occludat,
933 913 1085 980 attendet
1111 911 1152 977 ad
1187 913 1317 997 signum
1351 910 1438 997 quod
1461 932 1481 978 a
1503 912 1650 978 Diacono

370 1009 377 1024 ⁰
435 1023 685 1099 monstrabitur,
709 1041 748 1087 ac
771 1019 865 1087 recta
887 1021 958 1086 sine
988 1019 1062 1085 ulla
1095 1016 1337 1105 genuflexione,
1369 1026 1428 1086 aut
1458 1019 1651 1086 reverentia

436 1129 566 1196 deferet
587 1129 628 1194 ad
652 1129 894 1195 Celebrantem.
911 1127 1000 1193 Ante
1016 1129 1122 1214 ipsum
1138 1132 1246 1193 sumet
1260 1126 1383 1192 librum
1399 1129 1535 1194 sinistra
1550 1145 1652 1194 manu

436 1245 471 1308 in
493 1239 599 1306 medio
622 1239 711 1305 inira
732 1245 861 1326 partem
887 1239 1092 1317 inferiorem,
1124 1237 1232 1304 indice
1263 1236 1424 1304 dexterae
1453 1237 1654 1304 monstrabit
1757 1285 1760 1290 -

436 1351 466 1416 ei
490 1349 686 1436 principium
701 1347 887 1434 Evangelii,
905 1345 1046 1412 dextera
1061 1344 1179 1411 deinde
1195 1351 1361 1432 sumptum
1378 1343 1653 1433 appropinquabit

435 1458 466 1522 ei
489 1456 622 1533 librum,
646 1475 742 1540 quem
765 1454 824 1520 ille
848 1453 1064 1520 osculabitur.
1089 1451 1136 1541 (a)

523 1563 576 1628 43.
601 1563 781 1647 Postquam
804 1561 985 1628 Gelebrans
1009 1561 1132 1627 librum
1148 1560 1318 1627 osculatus
1334 1561 1410 1636 erit,
1425 1559 1560 1627 claudet
1574 1579 1652 1626 eum

436 1673 602 1739 sustineus
625 1673 713 1736 ante'
727 1676 853 1757 pectus,
877 1669 1102 1735 reverentiam
1125 1669 1177 1733 illi
1201 1674 1404 1753 exsequetur
1420 1673 1454 1734 et
1469 1687 1652 1736 conversus

435 1780 673 1855 sinistrorsum,
696 1775 875 1844 descendet
897 1776 937 1843 de
961 1776 1073 1842 Altari
1089 1795 1132 1842 ex
1148 1779 1243 1862 parte
1259 1777 1420 1841 anteriori
1436 1774 1554 1846 lateris
1574 1775 1652 1862 Epi-

435 1885 552 1962 stolae,
575 1885 698 1951 librum
722 1885 989 1951 Gaeremoniario
1011 1884 1067 1949 vel
1099 1882 1229 1950 cuidam
1260 1883 1495 1969 acolythorum
1527 1882 1650 1962 tradet,

435 1999 470 2059 et
492 1993 614 2059 iunctis
635 1992 785 2058 manibus
808 1997 886 2058 ante
909 1988 1056 2056 infimum
1078 1988 1217 2077 gradum
1241 1990 1399 2057 subsistet
1420 1989 1493 2057 iere
1515 1989 1557 2056 ad
1587 2009 1651 2056 ex·

433 2101 635 2166 tremitatem
658 2101 760 2187 ipsius
783 2101 818 2165 in
841 2099 948 2165 latere
971 2097 1096 2176 eodem,
1121 2098 1206 2164 facie
1228 2098 1379 2186 paullum
1402 2097 1444 2164 ad
1468 2097 1650 2172 Diaconum

435 2227 543 2274 versa.

521 2316 574 2380 44.
599 2313 764 2398 Sequetur
786 2313 976 2392 Diaconum,
1001 2314 1057 2398 qui
1085 2319 1160 2400 post
1189 2312 1397 2380 celebrantis
1427 2312 1650 2381 thurificatio-

434 2441 509 2487 nem
531 2427 607 2508 post
628 2423 735 2506 ipsum
758 2442 793 2487 se
816 2424 912 2488 sistet
947 2441 1047 2508 super
1080 2420 1186 2508 gradu
1211 2422 1374 2507 superiori
1409 2422 1443 2486 in
1468 2420 1584 2498 medio,
1616 2427 1652 2488 et

433 2531 618 2596 consistens
639 2531 674 2594 in
696 2529 796 2616 plano
819 2531 915 2596 iuxta
937 2549 1012 2594 eum
1035 2507 1302 2614 genuflexionem
1326 2535 1538 2615 exsequetur.

521 2635 574 2702 45.
599 2635 707 2712 Quum
730 2637 936 2703 intonabitur
973 2637 1086 2704 Credo
1117 2644 1216 2724 caput
1249 2639 1423 2705 inclinabit
1455 2637 1497 2704 ad
1530 2655 1651 2704 nomen

431 2741 544 2813 Deum
566 2763 606 2809 ac
628 2745 699 2809 sine
721 2741 955 2830 genuflexione
986 2744 1188 2811 conscendet
1218 2744 1463 2834 suppedaneum
1495 2744 1536 2810 ad
1568 2745 1652 2811 siui-

432 2857 536 2918 stram
560 2851 777 2928 Celebrantis
802 2872 877 2918 cum
901 2872 965 2937 quo
989 2853 1196 2919 continuabit
1229 2855 1458 2920 recitationem
1490 2853 1651 2939 Symboli.

431 2957 482 3023 Ad
506 2964 537 3033 t.
561 2958 607 3026 Et
629 2960 840 3027 incarnatus
871 2969 934 3026 etc.
967 2959 1171 3046 genuflectet
1202 2982 1277 3027 cum
1309 2961 1520 3038 Celebrante,
1553 2979 1651 3045 quem

431 3065 608 3131 sustinebit
631 3067 720 3132 infra
744 3067 890 3133 cubitum
914 3069 1085 3134 sinistrum
1108 3087 1209 3135 manu
1232 3067 1381 3148 dextera,
1406 3070 1574 3136 sinistram
1597 3075 1653 3136 te-

432 3192 514 3238 nens
537 3176 664 3259 pectori
687 3175 886 3260 applicitam.
912 3173 958 3261 (b)

520 3283 573 3346 46.
597 3280 762 3348 Absoluta
785 3283 935 3368 Symboli
958 3284 1165 3363 recitatione,
1190 3284 1393 3371 genuflectet
1426 3289 1460 3352 in
1493 3287 1654 3376 suppeda-

432 3407 504 3468 neo,
529 3397 748 3457 convertetur
771 3392 1009 3467 sinistrorsum,
1034 3392 1075 3458 de
1099 3393 1209 3458 Alteri
1234 3394 1412 3460 descendet
1427 3401 1462 3461 et
1476 3403 1595 3483 perget
1610 3395 1653 3462 ad

430 3517 601 3563 scamnum
615 3497 672 3564 ubi
688 3497 824 3576 sedebit,
838 3501 925 3565 sicut
948 3498 989 3563 ad
1013 3505 1148 3565 cantum
1165 3501 1280 3588 hymni
1301 3501 1422 3570 Gloria
1437 3505 1475 3570 in
1491 3503 1652 3572 oeceses.

431 3604 515 3671 Dum
542 3611 682 3672 canetur
717 3612 748 3681 t.
772 3607 818 3674 Idi
846 3607 1058 3676 incarnatos
1092 3615 1155 3674 etc.
1187 3616 1288 3696 caput
1320 3610 1429 3677 bireto
1459 3614 1587 3697 aperiet
1617 3619 1654 3680 et

430 3712 614 3779 inclinabit.
1335 3731 1350 3744 “·

430 3963 534 4030 nimus,
553 3961 758 4021 subdiaconus
775 3965 864 4024 stabit
882 3975 949 4042 post
968 3967 1064 4040 legile,
1085 3972 1115 4023 et
1133 3966 1170 4022 ad
1184 3965 1388 4024 extremitates
1401 3966 1571 4042 superiores
1585 3967 1652 4026 libri

431 4070 536 4111 manus
555 4061 692 4127 apponet.

501 4145 543 4216 (o)
562 4143 594 4202 Si
612 4155 767 4218 procantu
780 4147 936 4218 Evangelii
949 4146 1109 4204 adhibitum
1123 4146 1180 4204 erit
1193 4147 1288 4220 legile,
1303 4147 1516 4216 subdiaconus,
1529 4157 1652 4223 peracto

430 4243 519 4293 centu
537 4234 594 4298 illo,
613 4235 739 4308 accipiet
757 4253 776 4292 a
793 4236 926 4294 Diacono
947 4239 1053 4294 librum
1068 4245 1098 4296 et
1111 4247 1290 4311 exsequetur
1303 4238 1380 4312 quod
1394 4237 1450 4296 bac
1463 4239 1653 4313 paragrapho

432 4327 650 4400 descripsimus,

500 4419 539 4487 (b)
558 4416 604 4474 Ad
622 4422 650 4480 t.
670 4419 707 4475 Et
725 4418 900 4477 incarnatas
924 4426 979 4477 ote.
999 4419 1161 4493 simplicem
1181 4420 1420 4491 genuflexionem
1440 4421 1561 4478 efficere
1576 4420 1655 4478 Sub·

430 4505 570 4563 diaconus
589 4508 684 4574 debet,
702 4509 949 4582 quemadmodum
969 4527 1022 4582 pro
1041 4509 1219 4568 Celebrante
1232 4512 1351 4569 rubrica
1365 4511 1540 4585 praescribit
1555 4511 1648 4568 verbo

429 4599 605 4673 genuflectit.
