4175 5717
518 651 560 710 118
976 668 1040 714 niu.
1067 669 1102 714 n.

431 794 497 859 guo
521 772 670 838 dorsuali
705 793 763 838 seu
800 773 993 859 postergali,
1019 775 1053 838 in
1084 793 1149 858 quo
1184 773 1347 839 sedebunt
1371 774 1552 840 Celebrans
1582 795 1662 841 cum

432 881 604 944 Ministris:
630 880 850 945 exornabitur
874 885 987 966 tapeto
1011 882 1112 966 panni
1135 881 1286 958 violacei;
1303 900 1343 946 ac
1359 882 1549 948 servabitur
1571 879 1663 968 quod

433 990 473 1055 de
497 989 598 1054 Missa
621 988 761 1053 solemni
784 1008 873 1057 num.
898 990 928 1053 7.
953 987 1079 1053 dictum
1097 989 1171 1053 fuit.

520 1099 550 1160 4.
575 1097 612 1161 ln
635 1096 749 1161 eodem
775 1095 944 1182 Epistolae
967 1096 1076 1160 latere
1100 1096 1353 1181 praeparabitur
1377 1096 1499 1162 abacus
1524 1097 1663 1162 omnino
1753 1117 1756 1122 ·

432 1209 609 1289 coopertus
632 1203 709 1268 alba
732 1202 875 1280 tobalea,
900 1203 933 1267 in
957 1221 1022 1286 qua
1046 1201 1266 1287 disponentur
1282 1223 1336 1269 res
1353 1209 1539 1310 sequeptes,
1564 1203 1662 1270 calix

434 1331 550 1397 nempe
575 1331 648 1375 cum
672 1308 907 1396 purificatorio,
933 1330 1008 1374 cum
1031 1316 1162 1396 patena,
1184 1329 1259 1375 cum
1282 1311 1392 1377 hostia
1408 1317 1531 1378 etcum
1555 1309 1664 1398 palla,

434 1423 610 1504 coopertus
634 1418 711 1482 reio
729 1420 835 1502 nigro,
853 1436 1018 1504 superque
1034 1419 1142 1502 ipsum
1159 1417 1261 1482 bursa
1277 1438 1352 1483 cum
1371 1417 1548 1505 corporali,
1566 1419 1666 1484 cuius

434 1533 594 1612 apertura
617 1544 716 1590 versa
739 1526 781 1590 sit
805 1524 846 1589 ad
871 1530 998 1610 partem
1027 1525 1230 1589 anteriorem
1262 1524 1366 1603 abaci,
1394 1525 1562 1613 ampullae
1593 1509 1668 1590 vini

435 1640 469 1700 et
493 1653 598 1718 aquae
622 1634 655 1698 in
679 1633 849 1720 pelvicula
866 1653 940 1698 cum
956 1632 1127 1697 sudariolo
1143 1652 1202 1698 seu
1219 1634 1439 1719 manutergia
1463 1631 1666 1718 campanula

433 1762 493 1827 pro
520 1741 717 1816 elevatione
743 1740 808 1805 duo
832 1741 1000 1806 intorticia
1024 1741 1102 1804 item
1125 1759 1185 1826 pro
1210 1739 1408 1832 elevatione,
1434 1741 1461 1806 si
1485 1745 1667 1807 sumantur

435 1870 478 1913 eu
501 1849 604 1914 abaco
628 1869 723 1914 secus
748 1850 782 1912 iu
806 1853 960 1935 promptu
985 1853 1086 1914 erunt
1108 1849 1143 1912 in
1166 1849 1325 1924 sacrario;
1351 1848 1561 1914 thuribulum
1585 1867 1666 1913 cum

434 1956 600 2031 navicula
626 1955 900 2041 Evangeliarium
925 1961 959 2020 et
982 1955 1222 2041 Epistolarium
1254 1955 1309 2021 vel
1340 1955 1485 2022 alterum
1513 1955 1665 2022 Missale·

435 2085 521 2148 quae
546 2070 705 2150 cooperta
728 2065 795 2129 sint
819 2068 1012 2148 tegumento
1046 2064 1133 2148 nigri
1158 2062 1280 2128 coloris
1308 2064 1457 2148 aequalis
1483 2083 1668 2150 paramen-

435 2181 556 2240 torum.
575 2171 610 2238 Si
627 2177 701 2258 post
717 2172 850 2236 Missam
874 2168 932 2235 fiet
954 2170 1131 2248 absolutio,
1151 2171 1404 2258 praeparabitur
1420 2171 1506 2258 apud
1522 2172 1666 2238 abacum

438 2281 530 2347 Crux
554 2280 587 2343 in
611 2279 718 2354 hasta,
743 2297 908 2364 superque
931 2275 1034 2342 abaco
1058 2278 1207 2365 pluviale
1224 2279 1356 2364 nigrum
1372 2299 1432 2366 pro
1450 2278 1667 2356 celebranto,

439 2387 575 2453 Rituale
600 2379 731 2451 maioris
756 2386 892 2463 formae,
917 2386 1093 2451 vasculum
1116 2406 1222 2470 aquae
1244 2385 1438 2452 benedictae
1462 2407 1537 2452 cum
1552 2407 1670 2475 asper-

436 2496 534 2560 sorio.
559 2494 593 2560 Si
617 2493 833 2559 candelarum
857 2492 1045 2560 distributio
1070 2495 1158 2559 inter
1182 2494 1316 2560 Clarum
1333 2495 1366 2559 in
1382 2495 1485 2560 choro
1510 2493 1669 2562 facienda

438 2605 490 2680 sit,
515 2603 807 2691 praeparabuntur
823 2602 902 2667 illae
918 2622 1019 2689 super
1033 2603 1136 2668 abaco
1153 2604 1325 2668 seiunctae
1342 2604 1437 2668 iuxta
1453 2601 1586 2668 ordines
1603 2623 1667 2670 seu

437 2717 553 2778 coetus
576 2710 726 2776 diversos
750 2711 852 2796 ipsius
877 2709 978 2776 Cleri.

524 2819 556 2885 5.
582 2818 751 2886 Caveatur
775 2823 897 2894 autem,
922 2838 964 2884 ne
987 2820 1190 2904 paramentis
1207 2821 1312 2906 nigris
1329 2820 1466 2898 Altaria,
1485 2819 1671 2888 Celebran-

437 2929 479 2992 tis
503 2948 542 2993 ac
566 2929 796 2992 Ministrorum
818 2928 968 2994 intextae
985 2929 1051 2993 sint
1069 2927 1193 2993 Cruces
1209 2926 1277 2992 albi
1294 2928 1429 3005 coloris,
1446 2928 1563 2994 calvae
1580 2947 1680 2994 mor·.

438 3043 573 3101 tuorum
597 3055 673 3100 cum
696 3034 833 3112 ossibus,
855 3036 937 3100 rami
961 3035 1059 3111 lauri,
1077 3041 1136 3100 aut
1153 3036 1261 3100 olivae
1285 3042 1344 3100 aut
1360 3054 1538 3122 cupressus
1556 3055 1669 3120 neque

440 3143 508 3208 alia
531 3144 626 3228 signa
650 3144 790 3208 funerea
805 3143 876 3208 sive
900 3162 963 3208 acu
985 3144 1084 3229 picta,
1109 3162 1168 3208 seu
1192 3147 1297 3220 texta,
1315 3141 1372 3208 sed
1388 3143 1460 3208 sine
1476 3141 1670 3210 huiusmodi

438 3251 700 3317 emblematibus.

526 3359 557 3422 6.
583 3359 677 3434 Quod
701 3357 742 3423 ad
761 3359 927 3424 tumulum
951 3378 1009 3424 seu
1034 3364 1180 3425 castrum
1196 3358 1333 3436 doloris,
1352 3361 1383 3424 in
1401 3379 1465 3443 quo
1482 3363 1670 3444 peragetur

438 3467 612 3544 absolutio,
634 3467 859 3533 servabuntur
875 3487 915 3532 ea
931 3486 1014 3551 quae
1030 3466 1209 3533 tradentur
1225 3488 1285 3533 suo
1302 3468 1377 3532 loco
1394 3466 1450 3533 lib.
1468 3468 1525 3532 IV.
1543 3486 1615 3556 cap.
1633 3467 1666 3533 9.

439 3581 473 3640 et
500 3577 549 3639 l0.
575 3575 614 3640 de
638 3574 823 3639 funeribus.

527 3684 557 3747 7.
583 3684 620 3746 ln
644 3683 791 3746 sacrario
816 3702 916 3768 super
935 3681 1061 3758 tabula,
1079 3701 1137 3747 seu
1155 3702 1267 3748 mensa
1283 3682 1471 3768 praecipua,
1488 3688 1548 3748 aut
1563 3701 1667 3770 super

438 3791 500 3855 1113
523 3810 606 3875 quae
631 3792 847 3856 constituitur
870 3811 930 3876 pro
954 3792 1056 3856 Missa
1080 3791 1230 3868 solemni,
1256 3798 1290 3856 et
1312 3791 1524 3877 cooperietur
1555 3767 1666 3878 panno

438 3899 536 3963 laneo
561 3899 721 3976 colorato,
747 3897 965 3984 disponentur
987 3905 1181 3985 paramenta
1204 3919 1264 3985 pro
1288 3898 1481 3964 celebrante
1505 3905 1540 3964 et
1571 3895 1668 3964 Mini-

439 4007 528 4081 strls‚
554 4006 711 4071 videlicet
735 4007 768 4070 in
792 4005 898 4071 medio
922 4007 1068 4092 planeta,
1094 4006 1182 4071 stola
1205 4013 1239 4072 et
1270 4006 1468 4092 manipulus,
1492 4027 1512 4072 a
1535 4004 1666 4074 dextris

438 4114 593 4199 planetae
627 4113 826 4198 manipulus,
851 4113 1029 4179 dalmatica
1064 4120 1098 4179 et
1128 4113 1216 4179 stola
1243 4114 1434 4190 diaconalis,
1469 4134 1490 4179 a
1521 4115 1667 4180 sinistris

438 4226 550 4286 autem
575 4220 762 4305 manipulus
786 4240 825 4285 ac
850 4220 1021 4297 tunicella,
1047 4241 1212 4307 superque
1236 4222 1314 4308 ipsis
1339 4221 1520 4306 cingulum,
1538 4221 1617 4288 alba
1632 4227 1667 4289 st

440 4330 581 4394 amictus
606 4335 642 4394 ut
666 4348 727 4414 pro
752 4328 951 4395 Celebrante
975 4330 1022 4393 ita
1044 4349 1105 4415 pro
1129 4331 1302 4395 Ministris.
1327 4331 1529 4395 Paramenta
1552 4337 1588 4396 et
1611 4351 1665 4396 res

438 4436 596 4501 lintearia
619 4456 685 4502 non
709 4442 810 4502 erunt
831 4436 892 4500 illa
915 4435 1045 4520 quidem
1070 4437 1281 4515 nobilissima,
1306 4459 1406 4523 quum
1429 4437 1665 4504 defunctione

442 4542 573 4612 funebri
597 4551 727 4630 agatur;
746 4545 868 4630 poterit
884 4548 995 4615 tamen
1012 4546 1097 4609 ratio
1113 4545 1228 4612 haberi
1245 4548 1516 4614 circumstantiae
1536 4545 1665 4616 funer'is
