4175 5717
525 745 563 808 to
968 764 1034 810 ms.
1060 763 1107 808 111.

541 869 699 935 Subsistit
723 869 838 953 Virgo.
855 869 1021 934 addiscens
1038 869 1188 934 minibus
1206 868 1344 932 Filium:
1364 875 1440 936 ante
1465 863 1645 932 luciferum

431 977 590 1060 ge'nitum.

542 1083 645 1158 Quem
669 1083 836 1169 accipiens
859 1083 994 1150 Simeon
1010 1085 1044 1148 in
1063 1085 1160 1149 ulnas
1177 1103 1254 1150 suas
1271 1082 1478 1170 praedicavit
1500 1079 1647 1168 populis:

432 1191 604 1255 Dominum
628 1210 703 1255 eum
728 1211 800 1256 esse
825 1192 914 1256 vitae
939 1199 974 1256 et
997 1191 1112 1256 mortis
1137 1199 1171 1256 et
1195 1190 1405 1257 Salvatorem
1429 1189 1553 1255 mundi.

542 1297 747 1383 Respdnsum
771 1297 901 1383 accepit
917 1297 1052 1363 Simeon
1070 1319 1089 1363 a
1107 1297 1234 1384 Spiritu
1251 1297 1392 1364 Sancto:
1411 1317 1477 1362 non
1499 1293 1649 1361 visdrum

430 1425 466 1470 se
490 1413 628 1471 mortem
653 1407 717 1470 nisi
741 1405 872 1471 videret
897 1407 1065 1472 Christum
1090 1407 1230 1472 Domini.

541 1514 683 1579 Etcum
706 1513 903 1580 indicerent
926 1513 1072 1579 Puerum
1097 1516 1129 1578 in
1156 1514 1333 1600 templum:
1358 1513 1488 1600 accepit
1511 1533 1587 1578 eum
1615 1514 1648 1576 in

430 1620 527 1687 ulnas
551 1641 628 1687 suas
651 1627 686 1687 et
701 1620 872 1687 benedixit
895 1621 1000 1687 Deum
1023 1630 1058 1687 et
1080 1620 1176 1687 dixit.

541 1729 635 1794 Nunc
658 1727 796 1794 dimittis
818 1747 954 1794 servum
979 1737 1083 1806 tuum,
1112 1727 1269 1794 Dbnrine:
1295 1726 1477 1794 secundum
1507 1727 1648 1795 verbum

431 1843 524 1901 tuum
548 1837 580 1901 in
605 1855 698 1920 pace.

540 1943 622 2008 (lum
645 1941 842 2010 indicerent
864 1943 1003 2029 priorum
1025 1945 1137 2010 lesum
1163 1941 1318 2030 parbntes
1335 1945 1415 2021 eius,
1432 1949 1472 2009 ut
1491 1943 1649 2010 sinerent

430 2048 610 2116 secundum
626 2049 898 2117 consuetiidinem
913 2051 998 2136 legis
1014 2071 1074 2136 pro
1091 2071 1139 2117 eo:
1156 2053 1226 2136 ipse
1241 2050 1369 2137 accepit
1393 2069 1469 2116 eum
1491 2051 1527 2116 in
1552 2050 1649 2116 ulnas

431 2178 518 2222 suas.
1367 2211 1369 2218 .

516 2265 569 2328 (to.
594 2264 813 2350 Ingrediendo
837 2267 870 2330 in
879 2266 1073 2356 ecclesiam,
1091 2267 1118 2330 si
1134 2267 1299 2352 processio
1317 2265 1358 2331 de
1373 2285 1412 2332 ea
1433 2266 1568 2342 exierit,
1591 2263 1645 2330 vel

428 2371 470 2436 ad
494 2373 682 2456 ingressum
705 2373 906 2459 presbyterii
929 2374 1126 2440 recitabitur
1149 2393 1290 2458 sequens
1315 2373 1589 2460 Responsorium.

541 2478 645 2562 Resp.
671 2479 878 2556 Obtuldrunt
901 2501 961 2567 pro
985 2501 1024 2545 eo
1050 2481 1187 2546 deino
1211 2501 1272 2567 par
1288 2480 1469 2558 ttirturum;
1486 2488 1548 2546 aut
1564 2479 1648 2546 dum

430 2587 541 2672 pullos
565 2588 806 2672 columbarum.

540 2695 633 2760 Sicut
655 2698 815 2782 scriptum
839 2705 907 2762 est:
933 2697 966 2761 in
990 2697 1066 2782 lege
1090 2697 1231 2764 deini.

541 2802 721 2886 Postquam
745 2803 870 2889 impleti
888 2811 967 2869 sunt
983 2804 1053 2869 dies
1069 2804 1275 2890 purgationis
1302 2803 1445 2870 Mariae:
1462 2800 1645 2870 secrindum

431 2908 539 2993 legem
564 2909 683 2996 bidysi.

541 3016 708 3083 Tuldrunt
729 3018 841 3084 iesum
865 3020 900 3082 in
922 3018 1127 3086 Jerusalem:
1154 3026 1191 3086 ut
1214 3019 1373 3086 sisterent
1396 3038 1471 3084 eum
1496 3017 1647 3084 ltdmino.

541 3125 636 3190 Sicut
658 3126 817 3211 scriptum
842 3133 902 3192 est:
928 3129 960 3191 in
985 3127 1061 3212 lege
1085 3126 1224 3193 deini.

542 3231 657 3297 Gibria
680 3233 773 3298 Patri
796 3243 831 3298 et
854 3234 939 3298 Filio
963 3243 998 3298 et
1022 3233 1162 3321 Spiritui
1186 3227 1322 3302 Sa'ncto.

541 3339 633 3404 Sicut
656 3342 815 3427 scriptum
839 3350 909 3407 est:
936 3343 968 3406 in
992 3342 1068 3426 lege
1094 3343 1232 3407 Domini.

518 3448 572 3511 67.
597 3447 747 3515 Clericus
771 3451 896 3535 primns
920 3449 1063 3535 deponet
1087 3451 1229 3518 (trucem
1252 3448 1533 3535 processionalem
1561 3450 1652 3536 apud

430 3553 577 3631 abacum,
602 3575 666 3640 quo
689 3555 764 3620 loco
788 3558 851 3621 iam
875 3558 981 3643 posita
997 3565 1081 3633 erat,
1099 3559 1239 3644 recipiet
1253 3556 1410 3624 candelas
1435 3555 1651 3624 celebrantis

431 3669 465 3727 et
487 3668 676 3727 ceterorum
700 3663 911 3742 clericorum,
936 3685 1057 3750 easque
1081 3669 1258 3752 extinguet
1281 3673 1315 3731 et
1337 3683 1438 3750 super
1461 3663 1569 3730 abaco
1593 3685 1654 3732 re-

437 3778 548 3854 ponet.
1465 3827 1470 3837 .

517 3878 570 3942 68.
596 3879 787 3955 celebrans,
801 3881 967 3966 completa
983 3890 1062 3948 ante
1079 3883 1198 3948 Altare
1215 3882 1412 3947 recitatione
1432 3881 1658 3966 responsorii,

432 3986 655 4051 reverentiam
683 3987 783 4052 faciet
805 3986 847 4052 ad
871 3988 1022 4064 Crucem,
1047 3986 1213 4054 secundus
1237 3995 1349 4054 autern
1372 3993 1407 4052 et
1430 3988 1554 4052 tertius
1580 3987 1659 4056 cle-

432 4094 521 4156 ricus
544 4093 642 4159 simul
666 4091 894 4178 genuflectent
917 4101 952 4161 et
975 4101 1116 4182 pergent
1139 4094 1173 4158 in
1201 4095 1338 4180 planum
1361 4093 1536 4180 Epistolae
1565 4095 1658 4182 apud

432 4200 570 4265 abacum
593 4222 660 4265 una
684 4222 759 4267 cum
784 4201 997 4269 Celebrante.

520 4309 573 4373 69.
599 4308 644 4373 111
670 4308 850 4376 celebrans
874 4311 1022 4396 pluviale
1053 4308 1196 4374 dimittet
1220 4331 1295 4376 cum
1319 4310 1408 4375 stola
1438 4310 1594 4376 violacea
1620 4318 1657 4379 et

431 4413 610 4479 adiuvante
628 4416 773 4481 secundo
789 4437 829 4481 ac
846 4420 946 4482 tertio
963 4417 1097 4486 clerico,
1124 4415 1237 4481 induet
1261 4417 1321 4482 sibi
1346 4417 1565 4503 manipulum,
1579 4425 1657 4486 sto-

433 4520 501 4585 lam
524 4533 558 4586 61
572 4522 740 4608 planetam
757 4521 825 4590 albi
842 4525 976 4590 coloris.
995 4523 1062 4587 Nisi
1080 4522 1180 4588 Missa
1196 4525 1298 4590 luerit
1314 4524 1354 4589 de
1371 4525 1473 4590 Beata
1494 4525 1655 4611 Virgine,

434 4628 491 4692 sod
514 4628 554 4693 de
573 4630 751 4706 Dinninica,
770 4633 960 4708 Celebrans,
978 4629 1118 4716 pluviali
1136 4630 1279 4707 dimisso,
1297 4632 1456 4697 induetur
1478 4635 1656 4720 manipulo

437 4745 470 4800 et
494 4735 811 4834 planeta-violacea.
