4175 5717
963 695 1028 766 uia.
1056 719 1103 764 ui.

780 933 821 990 tn
840 931 1035 991 DOMlNlCA
1055 930 1285 988 Pnumnaum

923 1368 1067 1436 CAPUT
1092 1369 1147 1434 ΙΙΙ.

801 1603 854 1670 De
876 1603 984 1670 rebar
1003 1601 1271 1686 praeparandis

454 1904 480 1967 l.
506 1828 569 1980 In
591 1905 693 1971 abaco
716 1907 843 1973 Altaris
867 1908 1000 1974 maioris
1023 1908 1278 1995 praeparabitur
1294 1907 1383 1974 calix
1399 1927 1460 1994 pro
1476 1925 1577 1972 sacro
1595 1923 1656 1970 ce-

429 2011 590 2077 lebrando
614 2033 687 2078 cum
713 2017 917 2080 ornamentis
941 2013 1064 2084 coloris
1090 2016 1240 2082 violacei.

515 2121 546 2185 2.
572 2121 762 2208 Manipulus
787 2143 862 2188 cum
885 2123 1021 2210 planeta
1044 2123 1167 2190 coloris
1191 2123 1343 2188 violacei.

516 2229 547 2293 3.
573 2228 796 2294 Thuribulum
820 2235 855 2294 et
879 2230 1035 2296 navicula
1059 2251 1134 2295 cum
1159 2230 1260 2294 thure
1285 2235 1318 2296 et
1342 2228 1524 2294 cochleari.

516 2339 546 2400 t.
572 2337 699 2402 Urceus
724 2357 798 2402 cum
823 2337 912 2422 pelvi
936 2344 970 2403 et
995 2339 1207 2424 manutergio
1224 2345 1258 2403 et
1273 2337 1485 2422 aliquantula
1501 2333 1657 2404 medulla

429 2445 523 2529 panis
547 2445 581 2508 in
604 2443 785 2530 pelvicula.

516 2551 548 2615 5.
574 2551 751 2637 Ampullae
769 2553 836 2617 vini
860 2559 895 2618 et
917 2572 1043 2638 acquae
1067 2555 1100 2618 in
1125 2553 1304 2639 pelvicula,
1321 2551 1477 2640 mappula
1499 2557 1535 2618 et
1559 2571 1657 2620 cam·

429 2659 564 2746 panula.

517 2769 549 2834 6.
574 2767 714 2852 Aliquot
737 2769 943 2854 exemplaria
967 2770 1044 2835 libri
1063 2770 1161 2836 huius
1177 2789 1237 2856 pro
1253 2769 1443 2858 antiphonis
1459 2769 1495 2834 in
1513 2787 1658 2855 proces-

430 2877 521 2940 sione
546 2873 735 2940 recitandis.

518 2983 960 3052 7.itdAltaresiatuotu1·
992 2986 1132 3072 pallium
1163 2985 1359 3063 violaceum,
1393 2991 1427 3052 et
1454 2984 1597 3052 Missale
1620 2987 1656 3052 in

432 3114 537 3159 cornu
561 3092 732 3178 Epistolae
756 3113 857 3178 super
880 3095 1012 3159 cussino
1036 3094 1187 3160 violaceo
1210 3093 1267 3160 vel
1290 3095 1324 3160 in
1347 3093 1452 3180 legili.
1576 3115 1578 3120 ·

519 3203 550 3266 8.
576 3203 612 3266 ln
637 3202 846 3288 suppedaneo
870 3223 888 3267 a
912 3223 1018 3267 cornu
1043 3203 1219 3288 Evangelii
1242 3202 1425 3268 scabellum
1453 3202 1594 3280 nudum,
1620 3201 1655 3270 ia

430 3333 494 3395 quo
518 3310 645 3377 sedebit
668 3309 859 3387 celebrans,
885 3331 985 3394 quum
1008 3330 1194 3376 sermonem
1218 3311 1259 3376 ad
1283 3309 1441 3398 populum
1464 3309 1614 3376 babebit.

518 3419 549 3482 9.
574 3419 665 3483 luter
689 3417 891 3484 candelabra
914 3418 990 3483 loco
1014 3415 1133 3482 florum
1150 3424 1309 3504 poterunt
1325 3417 1455 3482 misceri
1472 3417 1559 3484 rami
1576 3417 1657 3504 pul-

431 3548 559 3593 marum
584 3526 639 3592 vel
663 3525 781 3591 olivae.

519 3635 570 3699 10.
596 3634 690 3719 Apud
715 3634 804 3699 latus
829 3635 1000 3720 Epistulae
1023 3639 1193 3699 statuetur
1209 3654 1332 3720 parvus
1348 3634 1470 3702 abacus
1486 3632 1567 3700 alba
1594 3639 1656 3700 to-

432 3744 528 3809 balea
551 3748 735 3819 contectns‚
761 3743 794 3806 in
818 3762 882 3826 quo
906 3742 1124 3829 disponentur
1149 3743 1229 3806 rami
1254 3742 1440 3827 palmarum
1457 3741 1513 3806 vel
1538 3741 1655 3810 olivae

433 3850 650 3916 benedicendi
675 3858 708 3915 et
732 3852 967 3935 cooperientur
990 3850 1124 3916 tobalea
1147 3871 1205 3918 seu
1230 3850 1359 3915 mantili
1382 3849 1469 3916 albo.

524 3959 572 4024 ll.
598 3960 707 4044 Prope
731 3958 868 4024 abacum
891 3959 999 4028 aierit
1017 3959 1109 4026 (lium
1125 3956 1382 4047 processionalis
1398 3965 1554 4026 contecta
1571 3959 1654 4028 velo

434 4068 593 4140 violaceo,
619 4068 672 4131 cui
697 4066 836 4151 alligata
860 4068 924 4131 erit
940 4066 1104 4133 chordula
1122 4067 1280 4143 violacea,
1297 4085 1362 4149 qua
1378 4065 1528 4132 cohiberi
1544 4069 1655 4154 possit

434 4196 544 4240 lamus
567 4176 696 4261 palmae
720 4176 777 4241 vel
800 4175 909 4248 olivae
933 4178 966 4238 in
989 4179 1178 4242 summitate
1203 4176 1319 4241 Crucis
1343 4175 1453 4260 ipsius.

523 4284 572 4348 12.
598 4286 633 4348 lu
652 4287 803 4351 sacristia
820 4287 885 4350 tria
900 4286 1144 4371 superpellicea
1160 4305 1221 4371 pro
1238 4283 1379 4350 clericis:
1392 4283 1546 4358 amictus,
1559 4283 1651 4362 alba,

433 4393 603 4478 cingulum
629 4393 717 4457 stola
733 4413 807 4458 oum
825 4393 964 4480 pluviali
983 4394 1134 4459 violaceo
1150 4401 1184 4457 et
1200 4393 1341 4457 biretum
1358 4411 1417 4477 pro
1434 4390 1651 4458 celebrante:

434 4519 490 4562 sas
515 4520 618 4583 aquae
642 4501 837 4568 benedictae
854 4524 928 4568 oum
946 4502 1144 4587 aspersorio.
1163 4500 1307 4566 Seorsim
1324 4499 1458 4566 foculus
1479 4519 1554 4572 cum
1571 4501 1650 4588 igne

433 4606 561 4670 ardenti
585 4607 769 4673 adhibendo
793 4612 825 4673 in
850 4609 1033 4673 thuribulo.
