4175 5717
521 669 583 734 192
979 689 1044 735 run.
1070 689 1091 734 r.

433 795 473 860 ad
496 796 678 870 introitum,
704 797 851 880 recipiet,
868 795 909 859 de
933 795 1042 860 Alteri
1070 794 1256 866 descendet,
1274 794 1504 860 celebrantem
1528 795 1648 880 ipsum,

430 902 547 967 deinde
582 905 719 968 cherum
756 900 961 968 thurificabit
994 905 1089 967 iuxta
1127 902 1278 987 regulam
1310 899 1464 967 traditam
1501 921 1571 986 cap.
1602 899 1647 966 V.

432 1012 528 1076 liuius
553 1011 639 1076 libri.
1082 1071 1086 1078 .

518 1120 570 1182 74.
598 1117 767 1182 Reversus
791 1115 832 1181 ad
855 1118 974 1182 Altare
998 1125 1072 1202 post
1106 1115 1385 1182 thurificationem
1415 1117 1517 1194 chori,
1545 1136 1650 1202 genu-

431 1225 540 1290 flectet
568 1227 600 1289 in
624 1223 731 1289 medio
755 1229 828 1310 post
860 1223 1112 1300 Subdiaconum,
1138 1224 1196 1289 ibit
1223 1230 1300 1289 ante
1331 1222 1470 1309 gradum
1499 1223 1648 1290 infimum

431 1334 464 1396 in
499 1333 659 1416 angulum
690 1331 806 1395 lateris
839 1331 1016 1417 Epistolae.
1050 1351 1085 1395 se
1117 1337 1291 1396 convertet
1319 1331 1359 1395 ad
1395 1331 1648 1411 Subdiaconum,

432 1443 486 1522 qui
511 1459 586 1504 eum
609 1438 693 1503 binis
709 1437 863 1502 ductibus
880 1436 1092 1504 thurificabit.
1118 1439 1268 1504 salutans
1289 1441 1394 1523 ipsum
1416 1445 1494 1504 ante
1517 1444 1551 1505 et
1572 1445 1650 1526 post

433 1546 724 1612 thurificationem.
754 1545 796 1610 Se
827 1544 944 1610 deinde
975 1553 1151 1611 convertet
1184 1545 1406 1622 dextrorsum,
1438 1545 1649 1613 thuribulum

434 1655 649 1720 thuriferario
673 1653 794 1728 tradet,
813 1651 971 1718 ascendet
994 1652 1035 1717 ad
1059 1653 1187 1728 altare,
1216 1654 1374 1718 subsistet
1405 1655 1437 1718 in
1467 1652 1572 1738 gradu
1597 1675 1652 1718 su·

431 1763 553 1848 periori
577 1769 651 1846 post
674 1761 916 1836 celebrantem,
940 1758 1143 1846 genuflectet
1173 1760 1214 1825 ad
1247 1761 1395 1838 Crucem,
1421 1763 1650 1827 sinistrorsum

432 1891 467 1934 so
491 1877 665 1935 convertet
688 1875 787 1953 atque
810 1889 830 1932 a
852 1868 1070 1934 thuriferario
1093 1870 1230 1954 accipiet
1255 1867 1543 1943 thurificationem,
1575 1875 1652 1954 post-

434 1999 530 2062 quam
555 1997 673 2042 rursus
697 1976 738 2040 ad
764 1977 884 2042 Altare
907 1982 1135 2052 convertetur,
1160 1996 1357 2063 permanens
1382 1977 1456 2042 loco
1480 1976 1605 2041 eodem.

522 2087 574 2150 75.
599 2085 649 2150 Ad
674 2093 839 2170 postrema
863 2085 964 2150 rerba
987 2086 1200 2170 praefationis
1224 2093 1388 2160 cantatae,
1405 2087 1475 2151 sine
1498 2081 1652 2171 genufle-

434 2197 532 2261 xione
556 2191 799 2279 suppedaneum
827 2192 1027 2258 conscendet
1057 2192 1098 2258 ad
1129 2194 1301 2259 dexteram
1333 2192 1551 2270 Celebrantis,
1575 2212 1652 2259 cum

435 2323 473 2366 eo
497 2301 651 2366 recitabit
675 2301 859 2384 Trisagium
883 2300 1072 2386 paullulum
1097 2300 1286 2366 inclinatus.
1312 2320 1346 2364 se
1378 2301 1485 2385 eriget
1514 2299 1555 2364 ad
1582 2299 1653 2366 Be-

435 2411 595 2476 nedictus
619 2409 684 2493 qui
705 2408 808 2482 vertit,
833 2427 934 2491 seque
957 2407 1110 2491 signabit.

523 2517 575 2580 76.
601 2516 751 2600 Trisagio
775 2516 925 2588 recitate,
951 2517 1021 2579 sine
1044 2512 1278 2599 genuflexione
1302 2536 1336 2580 se
1360 2521 1535 2580 convertet
1551 2533 1652 2600 super
1679 2539 1682 2546 ·

435 2627 609 2690 dexteram
633 2643 735 2699 suam,
761 2621 801 2686 de
825 2621 1032 2708 suppedaneo
1057 2621 1244 2698 descendet,
1262 2620 1528 2707 genuflexionem
1551 2621 1654 2688 faciet

437 2737 468 2797 in
493 2731 599 2797 medio
622 2729 729 2816 gradu
753 2731 915 2816 superiori
939 2739 973 2794 et
996 2729 1036 2793 ad
1061 2730 1230 2794 sinistram
1255 2729 1409 2796 transibit
1433 2729 1652 2806 Celebrantis,

436 2842 488 2906 oui
513 2838 600 2922 quod
623 2838 737 2923 legere
761 2836 901 2912 debebit,
926 2835 1033 2901 iudice
1065 2856 1180 2902 manus
1204 2837 1363 2902 dexterae
1387 2834 1594 2912 monstrabit,
1620 2841 1655 2902 et

437 2949 518 3013 folia
542 2947 640 3010 etiam
664 2945 808 3010 Misselis
831 2944 975 3018 evolvet,
1000 2964 1100 3027 quum
1124 2946 1189 3008 erit
1213 2964 1357 3010 necesse.

525 3055 577 3116 rt.
602 3051 653 3116 Ad
676 3052 849 3119 Memento
874 3053 1024 3116 virorum
1050 3071 1111 3117 nec
1128 3071 1193 3115 non
1209 3052 1250 3116 ad
1266 3052 1410 3117 alterum
1434 3059 1653 3129 mortuorum,

437 3161 571 3227 recedet
595 3161 744 3246 paullum
767 3181 787 3223 a
811 3159 947 3228 Missali,
973 3161 1158 3241 iterumque
1175 3160 1459 3244 appropinquabit,
1476 3179 1577 3244 quum
1595 3159 1655 3226 Ge-

438 3271 573 3334 lebrans
597 3270 780 3333 orationem
805 3269 1042 3352 praescriptam
1067 3268 1209 3331 recitare
1233 3266 1449 3332 continuabit.

527 3380 579 3441 78.
605 3377 655 3441 Ad
679 3380 862 3442 orationem
889 3376 1000 3448 Qum
1023 3375 1229 3443 cautionem
1253 3383 1315 3440 etc.
1341 3397 1375 3440 se
1406 3380 1582 3439 convertet
1608 3376 1656 3438 si-

440 3484 711 3560 nistroi·sun1‚dc
742 3483 950 3570 suppedaneo
984 3482 1171 3556 descendet,
1196 3480 1460 3567 genuflexionem
1496 3481 1597 3546 faciet
1621 3482 1656 3545 in

439 3594 545 3659 medio
569 3592 675 3678 gradu
697 3594 861 3677 superiori
885 3592 992 3676 ibique
1016 3592 1176 3658 consistet.
1200 3610 1220 3654 a
1243 3589 1390 3654 dexteris
1414 3588 1633 3654 Celebrantis.

528 3702 580 3765 tt).
606 3701 639 3764 Si
664 3701 849 3785 particulae
873 3703 905 3764 in
931 3699 1040 3785 pixide
1064 3697 1308 3764 consecrandae
1325 3705 1434 3773 erunt,
1452 3703 1658 3782 exsequetur

441 3811 527 3896 quod
551 3810 690 3875 inferius
714 3809 911 3874 docebimus.

534 3919 586 3982 80.
613 3917 720 3991 Quum
745 3917 928 3984 celebrans
952 3916 1142 4002 proferendi
1170 3936 1288 3981 caussa
1311 3915 1412 3981 verba
1428 3915 1659 3981 consecratio-

441 4033 491 4095 nis
519 4024 741 4100 inclinabitur,
768 4026 931 4090 Diaconus
958 4027 1032 4090 loco
1056 4024 1224 4110 praedicto
1248 4025 1281 4088 in
1306 4025 1519 4090 extremitate
1535 4043 1660 4110 suppe-

441 4138 536 4202 danei
562 4133 774 4219 geniculabit.

530 4244 582 4306 sl.
607 4242 689 4305 Dum
723 4238 916 4316 celebrans,
940 4239 1079 4324 prolatis
1113 4240 1221 4305 verbis
1253 4240 1519 4312 consecrationis,
1555 4257 1661 4322 genu-

444 4348 565 4429 flectet.
591 4349 754 4413 Diaconos
778 4347 941 4432 profunde
966 4347 1189 4422 inclinabitur,
1214 4349 1349 4413 sinistra
1372 4366 1471 4411 manu
1488 4351 1659 4433 acceptam

445 4463 571 4541 partem
595 4457 812 4542 posteriorem
847 4455 1000 4540 planetae
1032 4455 1182 4539 paullum
1214 4455 1379 4531 sustollet,
1408 4455 1577 4541 applicans
1605 4453 1661 4518 de-

445 4569 576 4627 xtoram
600 4571 676 4629 ante
700 4572 815 4650 pectus
839 4568 1021 4632 extensam,
1047 4571 1080 4626 et
1104 4563 1269 4647 planetam
1296 4562 1456 4640 demittet,
1482 4582 1581 4647 quum
1600 4561 1662 4628 Ce-
