4175 5717
525 765 590 830 328
986 783 1052 832 nie.
1077 783 1098 832 r.

434 895 574 975 patenae
597 892 710 974 ipsius,
734 909 799 955 neu
830 899 897 954 tam
925 890 1065 955 sublime
1097 890 1208 955 elevet
1238 911 1310 955 eam
1343 909 1443 976 supra
1467 891 1580 972 capnt,
1615 888 1654 950 ut

436 1018 456 1061 a
479 997 770 1062 circumstantibus
793 999 1025 1083 conspiciatur.

529 1104 599 1169 119.
623 1105 842 1188 Posteaquam
859 1123 895 1170 se
918 1106 1111 1190 signaverit,
1141 1104 1271 1182 cubitis,
1299 1103 1537 1170 convenienter
1574 1097 1655 1164 insi·

438 1217 505 1277 stet
527 1210 647 1288 Altari,
672 1211 896 1290 inclinabitur,
908 1231 949 1278 ac
970 1213 1031 1278 tali
1047 1211 1142 1278 modo
1158 1218 1321 1297 perstans,
1345 1217 1497 1296 patenam
1512 1205 1655 1272 Hostiae

438 1319 635 1404 supponens,
659 1325 854 1385 reverenter
876 1320 1140 1385 communicabit.

529 1425 600 1491 lau.
625 1426 741 1491 Hostia
755 1435 989 1503 consummata,
1006 1433 1161 1513 patenam
1176 1426 1318 1513 deponet
1339 1441 1439 1509 super
1462 1419 1654 1508 corporale,

437 1535 545 1617 eriget
574 1553 619 1608 se,
650 1553 766 1598 manus
796 1537 920 1620 iunget,
952 1534 1129 1621 pollicibus
1159 1533 1384 1616 iudicibusque
1411 1530 1543 1596 iunctis·
1568 1533 1653 1594 anta

437 1639 565 1716 faciem,
589 1646 623 1705 et
652 1642 690 1708 in
717 1643 939 1711 meditatione
963 1642 1184 1711 Sasernam
1205 1638 1426 1710 Sacramenta·
1453 1636 1652 1704 brevissimo

437 1751 594 1834 temporis
617 1751 723 1834 spatio
746 1751 962 1836 permanebit.

527 1857 599 1922 121.
624 1857 704 1922 Post
727 1858 861 1924 brevem
891 1858 1147 1937 meditationem,
1179 1859 1329 1945 aperiens
1363 1857 1485 1920 iterum
1520 1871 1652 1928 manus,

436 1961 524 2027 dicet
540 1964 700 2028 submissa
716 1984 796 2030 voce
817 1964 907 2036 Quid
921 1966 1117 2033 retribuum
1132 1965 1279 2032 Domina
1292 1982 1360 2048 pro
1377 1961 1537 2030 omnibus
1555 1977 1652 2046 quae

435 2069 598 2137 retribuit
619 2069 719 2136 mitit
741 2070 944 2156 calicemque
967 2074 1096 2138 interea
1120 2071 1254 2156 deteget
1275 2089 1315 2135 ac
1334 2064 1546 2156 genuflectet.
1564 2067 1654 2132 Dex-

436 2184 509 2241 tera
531 2178 670 2263 accipiet
693 2185 856 2262 patenam,
879 2186 915 2244 et
938 2179 1134 2264 fragmenta,
1159 2180 1187 2243 si
1211 2178 1299 2242 forte
1322 2181 1444 2252 essent,
1469 2175 1503 2239 in
1525 2191 1652 2260 corpo-

437 2284 499 2347 rali
522 2284 669 2368 colliget,
694 2284 778 2349 illud
802 2287 937 2351 sinistra
960 2286 1086 2352 modice
1110 2286 1258 2360 elevans,
1282 2283 1461 2348 advertens
1492 2285 1530 2346 ut
1561 2279 1653 2346 banc

435 2410 505 2454 rem
528 2389 707 2476 diligenter
729 2399 763 2456 et
785 2398 924 2478 attente,
948 2392 1005 2458 sed
1028 2395 1099 2458 sine
1123 2393 1223 2457 nimio
1247 2390 1356 2457 studio
1379 2387 1434 2454 vel
1464 2387 1532 2452 alio
1567 2386 1653 2454 vitio

435 2503 650 2581 exsequatur.

526 2604 595 2670 122.
620 2604 828 2690 Fragmentis
851 2605 1013 2684 collectis,
1038 2608 1117 2690 quin
1142 2605 1286 2672 Calicem
1316 2603 1392 2671 inde
1422 2611 1568 2680 moveat,
1592 2599 1655 2668 du·

434 2717 488 2776 cet
509 2717 662 2796 patenam
686 2733 786 2799 super
810 2713 916 2790 illum,
941 2703 1100 2799 patenam
1118 2714 1220 2800 ipsam
1243 2715 1450 2796 transmittet
1482 2710 1652 2786 sinistrae,

434 2837 518 2900 qnae
541 2819 635 2883 illam
657 2821 797 2904 accipiet
819 2819 927 2886 indice
950 2827 985 2886 et
1008 2819 1123 2897 medio,
1148 2819 1205 2886 sed
1228 2838 1330 2906 prope
1346 2817 1457 2882 locum
1483 2835 1548 2900 quo
1576 2834 1653 2882 eam

434 2925 617 2992 sustinebat
639 2925 788 3002 dextera,
814 2932 884 2992 tum
900 2927 1022 3012 pollice
1045 2933 1080 2992 et
1102 2925 1210 2992 indice
1226 2925 1386 2992 dexterae
1401 2924 1573 3008 absterget
1588 2941 1654 3009 pa-

433 3038 553 3106 tenam,
578 3053 636 3098 seu
666 3029 789 3098 mittet'
808 3034 996 3119 fragmenta
1023 3036 1057 3099 in
1089 3034 1242 3111 Calicem,
1267 3030 1384 3098 deinde
1418 3031 1654 3098 extremitates

433 3137 611 3223 digitorum
649 3140 764 3206 indicis
795 3148 830 3207 et
859 3142 990 3227 pollicis
1020 3161 1121 3228 super
1152 3140 1306 3219 Calicem,
1338 3157 1406 3205 non
1437 3156 1517 3204 vero
1548 3157 1655 3223 super

432 3247 627 3329 marginem,
652 3255 816 3334 exterget.
1351 3329 1353 3334 ,

523 3352 593 3417 123.
618 3355 698 3436 Post
722 3356 804 3419 haec
827 3375 959 3420 manum
982 3357 1151 3420 sinistram
1174 3375 1249 3421 cnm
1266 3361 1387 3441 patena
1410 3357 1512 3438 ponet
1526 3353 1653 3418 incor-

430 3459 547 3542 porali,
571 3462 711 3545 accipiet
734 3461 878 3527 Calicem
902 3481 1001 3526 manu
1025 3461 1167 3527 dextera
1190 3482 1248 3527 seu
1284 3461 1391 3527 tribus
1426 3459 1537 3545 digitis
1561 3457 1654 3525 libe-

432 3567 477 3629 ris
501 3566 591 3630 infra
612 3567 734 3633 nodum
763 3568 917 3654 dicetque
951 3569 1101 3636 Culicem
1131 3570 1305 3637 salutaris
1330 3619 1337 3632 .
1364 3618 1370 3631 .
1395 3618 1403 3632 .
1427 3569 1549 3634 salossa
1577 3585 1653 3636 erc:

432 3671 576 3738 Calicem
602 3685 697 3746 recta
719 3676 865 3743 elevabit
888 3679 934 3742 ita
957 3683 995 3741 ut
1017 3678 1189 3742 summitas
1213 3678 1285 3742 eius
1309 3677 1482 3762 perveniat
1497 3673 1540 3740 ad
1556 3675 1655 3740 iron-

432 3786 507 3853 tem,
533 3800 637 3864 eoque
659 3783 787 3867 signum
812 3775 928 3850 Crucis
951 3783 1080 3860 efficiet,
1105 3791 1143 3849 ut
1165 3783 1206 3850 de
1234 3784 1350 3848 Hostia
1380 3783 1577 3859 monuimus,
1603 3781 1656 3848 di-

431 3906 519 3963 cens,
544 3887 698 3973 &aquis
721 3890 863 3956 Domini
883 3894 997 3959 nostri
1019 3898 1082 3957 etc.
1113 3891 1221 3966 Quum
1247 3911 1282 3957 se
1306 3891 1499 3976 signaverit,
1527 3890 1654 3956 sustol-

431 3993 480 4059 let
512 4009 664 4079 patenam
694 3997 754 4061 sub
787 3997 930 4063 Calicem
954 4001 1025 4064 fere
1048 3999 1089 4065 ad
1124 4006 1281 4075 mentum,
1314 4004 1512 4081 erectusque
1540 4005 1653 4064 sumet

431 4109 627 4167 reverenter
650 4102 794 4169 Calicem
824 4125 898 4169 cum
928 4107 1095 4191 particula
1126 4109 1190 4170 iam
1218 4108 1251 4169 in
1277 4107 1381 4190 ipsum
1407 4104 1558 4181 demissa,
1586 4104 1651 4170 ad·

431 4217 566 4275 vertens
591 4211 676 4294 qued
710 4213 845 4295 aequius
869 4220 920 4276 est
943 4214 1086 4280 Calicem
1110 4214 1206 4278 labiis
1237 4213 1429 4298 applicitum
1461 4213 1647 4290 continere,

432 4335 529 4397 quam
550 4337 704 4383 amovere
728 4326 762 4385 et
784 4320 915 4384 referre
939 4323 1082 4405 saepius.

523 4425 594 4490 124.
619 4425 730 4492 Calice
753 4433 890 4511 sumpto,
915 4429 1084 4493 sinistram
1108 4447 1182 4493 cum
1204 4438 1326 4514 patena
1349 4431 1496 4515 imponet
1519 4447 1644 4514 corpo-

430 4531 505 4607 rali;
528 4553 568 4599 ac
589 4543 741 4619 perstans
766 4538 798 4602 in
833 4535 947 4602 eedem
971 4537 1076 4603 medio
1100 4539 1237 4617 Altaria,
1262 4539 1406 4607 Calicem
1430 4540 1542 4604 statim
1565 4537 1644 4604 obii·

432 4640 497 4704 ciet
520 4642 677 4721 ministro,
702 4648 756 4729 qui
787 4647 899 4714 vinum
929 4667 990 4732 pro
1019 4645 1249 4732 purificatione
1280 4650 1312 4713 in
1343 4646 1439 4714 illum
1475 4645 1643 4726 infundet;
