4175 5717
521 804 583 874 l'l8
973 825 1039 874 uis.
1065 825 1112 872 ιν.

433 930 554 1005 Credo,
578 928 732 995 dicentur
766 931 912 996 secunda
934 952 973 995 ec
1004 933 1117 995 tertis·
1137 932 1253 1006 oratio,
1284 936 1323 995 ut
1353 929 1584 1015 praescribunt
1614 927 1646 993 in

431 1038 538 1104 Missis
563 1040 684 1103 votivis
707 1039 882 1124 generales
902 1039 1074 1104 Rubricae
1097 1038 1242 1103 Missslis
1265 1039 1316 1103 tit.
1341 1037 1415 1101 Vll.
1432 1056 1521 1102 num.
1537 1036 1568 1102 3.
1586 1036 1650 1102 Bc·

431 1145 635 1213 melcomus
659 1146 806 1213 Domino
829 1148 863 1211 in
887 1144 953 1210 line
975 1152 1011 1211 et
1033 1145 1256 1230 Evangelium
1279 1167 1305 1211 s.
1328 1144 1465 1210 loannis
1489 1144 1533 1210 In
1549 1144 1651 1227 price

430 1254 520 1336 cipio
543 1261 606 1319 etc.
631 1253 725 1328 Quod
749 1256 776 1318 si
801 1233 972 1320 recitanda
994 1253 1061 1317 erit
1083 1252 1185 1318 Missa
1208 1251 1412 1337 respondens
1443 1248 1559 1328 officio,
1587 1251 1650 1317 ad·

432 1367 587 1426 vertetur
610 1361 695 1445 quod
719 1363 826 1426 oratio
845 1379 915 1443 pro
938 1378 1068 1443 sponso
1092 1366 1125 1426 et
1146 1378 1279 1442 sponso
1308 1367 1450 1423 nonest
1484 1360 1651 1445 iungenda

432 1467 491 1534 sub
515 1469 615 1533 unice
635 1468 851 1533 conclusione
873 1487 949 1532 cum
972 1468 1079 1553 prima
1102 1468 1263 1543 oratione,
1287 1466 1358 1531 sed·
1375 1466 1547 1532 recitanda
1576 1474 1651 1552 post

431 1576 745 1651 enumerationes,
770 1595 829 1641 seu
856 1558 1186 1640 commemorationes
1215 1592 1236 1638 e
1264 1573 1399 1639 rubrica
1427 1573 1650 1660 praescriptae

335 1731 339 1736 -
432 1690 466 1748 et
487 1689 566 1748 ante
589 1682 750 1748 collectas'
773 1702 794 1747 a
816 1682 988 1767 superiore
1012 1683 1200 1769 imperatas.

521 1788 570 1854 15.
595 1789 629 1855 Si
653 1789 774 1855 mulier
796 1789 900 1855 suerit
922 1786 1031 1863 vidua,
1056 1788 1230 1853 omittetur
1252 1790 1446 1873 nuptiarum
1464 1788 1650 1854 benedictio

429 1899 499 1963 sive
523 1898 692 1962 orationes
707 1902 782 1982 post
800 1897 910 1964 Pater
924 1901 1046 1963 noster
1061 1901 1096 1961 et
1110 1901 1190 1960 ante
1206 1894 1469 1961 benedictionem
1485 1897 1518 1960 in
1540 1895 1650 1961 Missa.

521 2005 571 2069 16.
597 2004 631 2070 Si
655 2024 720 2089 que
743 2004 783 2070 de
802 2006 926 2070 caussa
941 2023 962 2068 e
979 2005 1153 2090 superiore
1167 2002 1350 2089 approbata
1364 2003 1566 2068 Matrimonii
1578 2004 1653 2070 fun·

431 2114 498 2177 ctio
522 2112 723 2177 celebranda
744 2118 834 2178 esset
856 2112 971 2197 primis
995 2111 1086 2175 horis
1119 2111 1301 2186 nocturnis,
1333 2111 1506 2177 Perochus
1537 2113 1653 2178 induet

433 2219 495 2284 sibi
518 2219 797 2305 superpelliceum
821 2225 856 2285 et
878 2218 999 2284 stolam
1022 2218 1091 2283 albi
1114 2218 1248 2293 coloris,
1276 2237 1380 2301 esque
1410 2221 1520 2283 omnia
1551 2237 1652 2285 exse-

433 2332 564 2408 quetur,
600 2346 684 2410 quae
718 2327 870 2413 superius
904 2325 1028 2391 tradita
1066 2331 1146 2391 sunt
1179 2344 1283 2409 usque
1316 2324 1358 2390 ad
1392 2324 1679 2393 celebrationem

435 2432 566 2500 Missae.
1080 2503 1085 2510 ,
1489 2436 1491 2441 ’

524 2540 574 2610 17.
599 2540 696 2606 Ritus
720 2542 783 2616 hic,
808 2541 983 2626 inquibus
1007 2540 1091 2605 locis
1115 2540 1232 2605 nullus
1259 2539 1346 2605 alius
1378 2540 1526 2625 legitime
1556 2542 1654 2607 inve-

434 2659 510 2714 ctus
530 2649 607 2723 erit,
630 2668 675 2713 ex
697 2667 737 2713 eo
760 2648 847 2733 quod
869 2648 1067 2734 praescribit
1097 2647 1236 2714 Sacrum
1250 2673 1252 2678 ·
1267 2648 1452 2714 concilium
1484 2648 1653 2715 Tridenti-

435 2775 523 2829 num‚
548 2774 686 2840 prorsus
709 2756 952 2822 observabitur.
1011 2805 1014 2810 .
1047 2795 1049 2800 ·

978 2898 1106 2915 ⁹³-

471 3077 521 3133 ΒΕ
542 3077 837 3135 BENEDICTIONE
857 3079 1037 3136 PRIMARII
1060 3079 1214 3136 LAPlDlS
1234 3080 1372 3138 Novus
1391 3080 1615 3140 scelestes.

527 3184 808 3244 nsncERDOTE
826 3186 882 3244 Ex
901 3186 1101 3245 MANDATO
1120 3185 1299 3246 EPISCOPI
1320 3187 1563 3248 PERAGENDA

873 3549 876 3556 .
916 3497 1061 3564 cAPUT
1085 3497 1174 3564 Xlll.
1260 3555 1263 3562 .

441 3711 468 3774 1.
495 3633 717 3795 Postquam
740 3714 921 3800 Episcopus
945 3733 985 3779 ea
1007 3715 1119 3778 omnia
1134 3717 1356 3790 constituerit,
1373 3735 1458 3799 quae
1474 3739 1558 3802 opus
1573 3725 1655 3783 sunt

434 3816 480 3881 ad·
497 3835 606 3883 novae
629 3818 790 3886 ecclesiae
806 3818 1078 3897 aedificationem,
1097 3820 1259 3889 Sacerdos
1274 3823 1316 3888 ab
1333 3842 1372 3887 eo
1387 3822 1572 3909 delegatus,
1588 3846 1654 3909 quo

435 3922 509 3989 loco
533 3922 733 4009 erigendum
751 3926 818 3991 crit
840 3925 962 3994 Altero
985 3928 1189 4013 primarium,
1212 3935 1314 4014 ponet
1338 3929 1393 3996 vel
1422 3932 1498 4016 poni
1530 3930 1655 3999 iubebit

436 4028 576 4097 Crucem
600 4031 745 4117 ligneam
767 4033 903 4099 maioris
927 4034 1065 4111 formae,
1091 4042 1137 4102 ut.
1151 4036 1296 4122 conspici
1319 4037 1442 4121 possit..

469 4189 472 4194 .
522 4137 553 4202 2.
579 4138 824 4219 substruentur
847 4139 1075 4218 fundamenta,
1099 4142 1154 4209 vel
1185 4144 1285 4209 etiam
1315 4144 1414 4209 lineis
1445 4146 1654 4213 describetur
1689 4189 1692 4200 ·

437 4264 553 4310 eorum
579 4245 684 4316 locus.
1567 4235 1569 4240 ⁵

387 4337 388 4342 ἵ
523 4353 554 4417 3.
581 4353 849 4438 Quandoquidem
874 4359 907 4421 in
931 4357 1233 4423 substructionibus
1257 4361 1335 4443 ipsis
1352 4361 1529 4427 statuenda
1544 4363 1588 4427 sit
1603 4382 1656 4447 pe·

422 4465 491 4523 ‘tra
510 4459 782 4535 fundamentalis,
807 4463 908 4530 fossio
932 4462 989 4529 flet
1011 4484 1076 4548 quo
1099 4464 1175 4530 loco
1198 4467 1269 4551 ipsa
1292 4468 1358 4532 erit
1379 4466 1586 4545 collocanda,
1608 4470 1656 4533 vi·

437 4564 560 4632 delicet
583 4567 615 4630 in
639 4568 774 4652 angulo
788 4568 927 4636 dextero
958 4572 1101 4647 absidae,
1133 4573 1187 4662 qui
1221 4573 1316 4642 locus
1348 4574 1524 4668 respondet
1553 4575 1655 4645 lateri

437 4671 613 4763 Evangelii
635 4673 763 4746 Altaris
789 4679 946 4767 primarii.
1684 4680 1686 4684 ’
