4175 5717
518 726 560 788 68
981 748 1047 794 ms.
1073 748 1093 793 1.

519 849 550 913 5.
575 850 646 915 Hoc
669 851 767 928 facte,
793 874 828 918 se
852 857 1052 919 convertens
1076 852 1118 918 ad
1140 852 1281 919 medium
1316 853 1436 919 Altare
1462 854 1649 920 incensabit

433 976 533 1040 super
568 977 715 1023 mensam
745 959 859 1024 eodem
890 960 997 1025 latere
1026 960 1188 1046 epistolae
1219 981 1323 1045 usque
1355 959 1407 1054 ad¹
1426 960 1646 1038 medietatem,

432 1063 558 1130 ducens
584 1070 636 1130 ter
659 1066 867 1131 thuribulum
892 1088 991 1154 super
1015 1069 1116 1154 ipsam
1141 1066 1198 1154 (α).

521 1173 551 1238 6.
578 1158 685 1248 Quum
710 1173 751 1238 ad
774 1174 916 1240 medium
947 1176 1066 1241 Altera
1097 1179 1238 1254 venerit,
1270 1177 1405 1242 iterabit
1433 1176 1474 1242 ad
1507 1176 1648 1245 Crucem

431 1282 653 1346 reverentiam
688 1281 895 1369 profundam,
919 1283 1037 1349 deinde
1061 1283 1340 1350 thurificationem
1365 1285 1574 1351 continuabit
1606 1284 1648 1352 ed

432 1387 522 1454 latus
549 1388 723 1473 Evangelii
748 1392 858 1475 prouti
882 1391 1002 1455 fecerit
1024 1411 1044 1455 a
1067 1411 1173 1456 cornu
1202 1392 1382 1478 Epistolae.

520 1497 550 1559 7.
577 1495 685 1570 Quum
709 1498 943 1563 incensaturus
967 1501 1032 1562 erit
1056 1520 1156 1584 super
1179 1519 1327 1565 mensum
1352 1501 1385 1564 in
1409 1501 1517 1566 latere
1541 1500 1651 1565 Evan-

433 1604 522 1689 gelii,
548 1624 614 1669 non
638 1604 759 1669 redibit
781 1604 821 1668 ad
853 1606 994 1671 medium
1025 1608 1154 1683 Altare,
1190 1592 1247 1671 sed
1279 1613 1587 1696 exequeturstans
1615 1610 1651 1674 in

432 1712 555 1798 augule
580 1712 765 1797 Evangelii:
790 1733 923 1778 mensae
946 1713 1193 1780 thurificatione
1218 1722 1362 1801 peracta,
1387 1716 1561 1782 inclinabit
1584 1737 1651 1782 ma·

432 1841 508 1884 num
532 1840 607 1884 cum
631 1820 804 1885 thuribulo
829 1825 863 1886 et
887 1820 1030 1886 frontem
1057 1822 1183 1887 Altaris
1208 1823 1393 1890 incensabit
1417 1825 1524 1889 tribus
1542 1824 1651 1890 thuri·

436 1928 505 1992 buli
534 1928 687 1992 ductibus
718 1934 810 1993 recta
843 1929 942 2003 linea,
975 1934 1074 2013 atque
1109 1929 1223 1996 eodem
1258 1938 1408 2017 tempore
1438 1932 1478 1996 ad
1510 1932 1652 1998 medium

436 2038 553 2102 Altare
578 2043 779 2102 revertetur.

523 2146 553 2208 8.
579 2144 813 2210 Reverentiam
839 2146 1036 2232 profundam
1056 2148 1188 2213 iterabit
1204 2148 1245 2213 ad
1263 2148 1403 2215 Crucem
1419 2155 1452 2214 et
1470 2150 1653 2236 procedens

438 2274 555 2317 versus
579 2251 668 2316 latus
694 2251 863 2338 Epistolae
888 2254 994 2319 tribus
1018 2255 1093 2319 aliis
1117 2254 1269 2321 ductibus
1294 2258 1477 2323 incensabit
1507 2257 1652 2324 frontem

439 2360 564 2425 Altaria
587 2380 607 2424 a
631 2380 735 2425 cornu
761 2360 939 2446 Epistulae,

523 2468 553 2532 9.
579 2467 769 2533 Subsistens
793 2469 834 2533 ad
858 2471 1105 2535 extremitatem
1140 2471 1340 2559 suppedanei
1372 2474 1404 2537 in
1440 2493 1543 2538 cornu
1580 2474 1656 2561 Epi·

439 2650 651 2707 distribuuntur
670 2651 849 2706 candelabra
869 2671 883 2703 tt
904 2650 1115 2708 subscribimus
1136 2652 1264 2725 opinioni
1293 2671 1395 2709 eorum
1425 2653 1656 2718 rubricistarum,

440 2740 556 2796 innixae
576 2739 799 2796 auctoritatibus
824 2740 1008 2812 supradictis,
1028 2740 1200 2796 incensandi
1222 2741 1358 2798 videlicet
1377 2742 1479 2799 Altare
1493 2760 1553 2800 unc
1565 2743 1656 2800 ductu

439 2830 572 2903 simplici.
592 2832 697 2902 Neque
717 2829 791 2886 haec
810 2830 908 2902 opinio
933 2847 1039 2886 carere
1063 2832 1251 2887 fundamento
1275 2831 1398 2898 videtur,
1422 2832 1560 2905 quoniam
1579 2830 1656 2889 idern

439 2919 663 2978 caeremoniale
683 2937 747 2993 cap.
768 2924 814 2976 cit.
835 2938 912 2975 num.
932 2924 957 2975 8.
978 2920 1057 2975 hisce
1077 2920 1168 2976 utitur
1197 2921 1304 2977 verbis.
1324 2941 1338 2972 s
1358 2922 1434 2978 Dum
1463 2928 1562 2978 autem
1590 2921 1658 2994 Epi·

438 3027 554 3083 scopus,
573 3028 627 3066 seu
646 3010 720 3066 alius
739 3010 901 3066 Celebrans
921 3010 1102 3081 praedictam
1122 3010 1232 3066 Altaris
1252 3009 1497 3067 thurificationem
1518 3010 1594 3072 iacit,
1608 3010 1659 3066 ad-

440 3108 535 3156 vertat
554 3107 585 3156 ut
605 3119 636 3154 se
658 3100 686 3155 in
706 3116 743 3156 ea
762 3098 894 3170 grauiter
914 3109 942 3154 et
962 3100 1071 3156 decore
1091 3107 1178 3171 gerat
1192 3144 1197 3155 .
1212 3144 1238 3155 ..
1263 3101 1415 3157 dexteram
1439 3119 1511 3156 vero
1538 3117 1657 3157 manum

440 3207 475 3245 ac
495 3190 645 3246 brachium
666 3190 818 3246 commode
840 3205 875 3244 ac
893 3190 1010 3260 tractim
1033 3208 1100 3246 cum
1120 3190 1266 3246 thuribulo
1295 3190 1431 3254 movebit,
1459 3190 1500 3245 ita
1530 3198 1562 3246 ut
1589 3208 1657 3246 cum

443 3280 618 3337 thuribulum
638 3280 675 3335 ad
694 3298 726 3336 se
748 3279 878 3343 retrahit,
899 3279 968 3335 illud
987 3281 1040 3336 sub
1061 3280 1181 3336 brachio
1200 3281 1305 3337 leviter
1325 3288 1354 3336 et
1377 3280 1555 3353 competenti
1574 3298 1658 3337 more

442 3371 564 3426 reducat
584 3388 608 3424 ».
629 3370 684 3426 Hic
704 3370 839 3443 loquendi
860 3369 970 3434 modus,
991 3387 1097 3442 nempe
1117 3378 1148 3426 ut
1161 3387 1266 3425 manus
1285 3376 1311 3426 et
1334 3368 1484 3426 brachium
1504 3370 1658 3425 commode

441 3478 476 3515 ac
496 3461 628 3531 graviter
648 3469 808 3522 moveatur,
823 3467 852 3516 et
871 3459 899 3513 in
920 3443 1098 3514 retrahendo
1117 3460 1153 3514 ad
1173 3478 1206 3516 se
1226 3459 1404 3516 thuribulum
1417 3467 1449 3515 ut
1462 3459 1587 3514 ducatur
1604 3459 1658 3514 sub

442 3548 591 3604 brachium
611 3549 763 3613 concinne,
784 3567 841 3604 non
861 3555 957 3621 petest
976 3547 1030 3603 nisi
1050 3549 1086 3604 ad
1106 3548 1268 3621 simplicem
1300 3548 1437 3605 thuribuli
1469 3549 1587 3604 ductum
1614 3566 1659 3604 re·

442 3640 521 3700 ferri,
541 3638 588 3711 qui
608 3637 636 3693 in
656 3639 738 3711 praxi
760 3639 880 3702 facilior,
900 3639 1020 3709 grauior
1040 3645 1069 3694 et
1089 3638 1225 3695 decorior
1244 3639 1351 3694 eradit.
1369 3639 1473 3712 Neque
1500 3637 1657 3710 putandum

442 3737 487 3787 est
506 3728 737 3788 Caeremonialis
757 3729 869 3785 auctori
890 3729 979 3784 fuisse
999 3729 1027 3783 in
1049 3729 1147 3784 animo
1172 3729 1377 3801 praescribere
1403 3729 1520 3785 modum
1550 3726 1661 3784 thurifi-

443 3819 565 3880 cationis
586 3818 765 3892 peculiarem
786 3836 838 3890 pro
859 3818 1005 3890 Episcopo
1025 3827 1144 3883 tantum,
1171 3818 1313 3891 siquidem
1345 3817 1567 3874 thurificationis
1587 3818 1659 3875 ritus

443 3911 632 3987 peragendus
652 3910 756 3965 eodem
777 3908 862 3964 modo
884 3914 927 3964 est
947 3909 983 3963 ab
1003 3909 1149 3981 Episcopo
1169 3916 1236 3964 eta
1255 3908 1443 3981 Presbytero.
1463 3908 1661 3965 Obseruantia

443 3998 676 4063 Caeremonialis
696 4017 752 4054 nou
774 4006 851 4054 tenet
872 3998 1034 4070 Episcopos
1055 4006 1165 4054 tantum
1185 3999 1238 4054 sed
1260 4016 1362 4054 omnes
1382 3998 1540 4062 Ecclesias,
1561 4012 1590 4055 ut
1611 4016 1661 4072 pa·

444 4101 486 4150 tet
505 4109 541 4148 ex
562 4088 822 4148 constitutionibus
842 4091 1028 4144 Summarum
1051 4088 1224 4144 Pontificum
1239 4086 1334 4144 eidem
1345 4087 1561 4144 Caeremcniali
1576 4104 1661 4160 prae·

443 4183 517 4238 fixis,
536 4179 669 4252 Denique
689 4179 717 4233 in
737 4196 808 4234 casu
827 4178 976 4251 proposito
996 4195 1111 4232 omnem
1126 4176 1333 4232 dubitationem
1349 4168 1482 4231 removet
1495 4176 1572 4232 idem
1587 4178 1661 4234 Cae·

445 4270 606 4329 remoniale
627 4268 723 4324 verbis
744 4284 833 4340 supra
853 4267 952 4322 relatis
972 4284 1078 4339 nempe
1098 4286 1112 4317 »
1133 4266 1304 4338 Episcopus,
1324 4282 1378 4321 seu
1397 4265 1472 4321 alius
1489 4266 1660 4323 Celebrans.

515 4360 556 4429 (a)
576 4360 689 4417 Caveat
708 4357 856 4414 Sacerdos
876 4374 911 4412 ne
932 4356 959 4410 in
980 4356 1097 4411 modum
1122 4355 1224 4411 circuli
1256 4372 1346 4427 super
1365 4372 1498 4410 mensam
1518 4355 1660 4420 incenset,

445 4448 689 4523 quemadmodum
709 4463 864 4521 perperam
879 4445 974 4501 solent
985 4445 1122 4510 nonnulli;
1141 4444 1278 4517 quoniam
1296 4442 1460 4501 huiusmodi
1471 4443 1661 4520 'thurificandi

446 4538 520 4594 ratio
545 4555 563 4591 a
586 4536 704 4594 rubrica
731 4545 761 4593 et
789 4534 1003 4593 caeremoniali
1033 4534 1244 4606 praescribitur
1266 4533 1294 4589 in
1323 4533 1525 4590 thurificandis
1548 4541 1660 4591 tantum

446 4626 558 4685 oblatis.
