4175 5717
967 744 1040 798 can.
1058 747 1107 796 111.
1514 726 1558 793 23

540 851 663 924 Fllium
686 858 745 924 Dei
769 877 827 924 ore
850 861 968 943 gentes
983 855 1185 943 praedicant:
1203 861 1239 922 et
1253 854 1386 921 laudem
1402 854 1526 922 Christi
1548 876 1646 920 voces
1680 917 1684 926 ,

429 992 548 1051 tonant
571 1004 630 1070 per
652 982 776 1068 ndbila,
801 983 960 1049 Hosenna
982 983 1016 1047 in
1040 982 1195 1048 excelsis.
1565 1061 1571 1072 .

540 1115 620 1180 Alia
650 1112 782 1197 antiph.
809 1112 890 1178 (lum
914 1110 1053 1196 Angelis
1078 1115 1112 1175 et
1134 1109 1245 1195 prieris
1280 1107 1395 1175 fideles
1427 1109 1646 1173 inveniemur:

428 1240 663 1327 triumphateri
686 1240 803 1305 mortis
827 1238 1022 1314 clementes,
1047 1235 1206 1301 Hosenna
1228 1234 1262 1300 in
1286 1234 1440 1302 excelsis.

405 1533 408 1538 Ι
517 1454 571 1520 64.
596 1451 766 1520 Reversus
790 1458 868 1519 ante
892 1457 1021 1539 portam
1044 1451 1172 1547 primus
1196 1451 1341 1518 clericus
1365 1450 1524 1517 subsistet
1550 1458 1648 1517 extra

429 1565 533 1650 ipsam
556 1562 642 1628 facie
666 1561 707 1626 ad
731 1567 860 1647 portam
892 1580 999 1626 versa.
1031 1559 1114 1626 Item
1146 1558 1327 1626 Celebraus
1362 1559 1447 1625 facie
1479 1580 1592 1640 versa
1608 1560 1649 1624 ad

429 1653 569 1756 portam
583 1667 750 1772 supsistet
775 1657 883 1754 capite
906 1667 1015 1733 adhuc
1039 1675 1206 1753 cooperto.

519 1778 573 1842 65.
598 1777 771 1843 Secundus
795 1797 834 1842 ac
857 1778 977 1841 tertius
1000 1775 1145 1841 clericus
1170 1777 1344 1843 intrdbunt
1359 1777 1393 1841 in
1409 1776 1594 1852 ecclesiam,
1616 1781 1650 1840 et

430 1886 547 1953 clausa
569 1893 675 1972 porta,
700 1891 828 1951 stantes
852 1885 937 1951 facie
962 1884 1002 1951 ad
1026 1886 1129 1971 ipsam
1146 1904 1318 1963 conversa,
1335 1885 1446 1951 dicent
1462 1886 1552 1950 elata
1569 1905 1649 1949 voce
1680 1912 1684 1918 ·

542 2089 572 2157 t.
598 2081 722 2158 Gleria,
737 2082 811 2147 laus
835 2088 870 2147 et
892 2082 1000 2147 honor
1023 2081 1084 2147 tibi
1108 2082 1160 2152 sit.
1175 2081 1249 2147 Rex
1274 2081 1408 2149 christe
1436 2081 1647 2167 Redemptor:

429 2212 483 2275 cui
508 2208 639 2296 puerile
662 2208 763 2274 decus
788 2209 949 2293 prompsit
972 2207 1130 2273 Hoseuna
1153 2209 1251 2293 pium.

517 2424 571 2490 66.
596 2423 778 2490 Celebrans
802 2428 901 2488 extra
932 2429 1061 2509 portam
1093 2429 1223 2510 repetet
1253 2424 1405 2491 eumdem
1444 2424 1649 2491 versiculum

430 2533 557 2609 Gloria,
581 2532 656 2596 laus
681 2537 743 2596 etc.
918 2607 922 2617 ,

518 2640 579 2705 67.’
597 2638 722 2704 Deinde
746 2639 862 2703 clerici
886 2643 920 2704 et
943 2635 1127 2703 Oelebraus
1152 2644 1306 2725 repetent
1337 2639 1530 2704 alternatim
1561 2640 1650 2704 hunc

429 2748 593 2833 hymnum
618 2747 769 2829 sequenti
796 2744 960 2809 methodo:
1523 2725 1526 2738 '

546 2962 680 3029 mertui.
706 2960 811 3027 lsrael
836 2981 870 3026 es
893 2966 932 3025 tu
956 2961 1039 3036 Rex,
1065 2960 1199 3026 Davidis
1224 2961 1353 3049 inclyta
1376 2962 1498 3048 proles:
1521 2963 1650 3027 nemine
1739 3036 1741 3039 y

339 3096 347 3102 '
429 3090 488 3175 qui
512 3090 545 3152 in
569 3087 698 3153 Demini
723 3087 806 3163 Rex,
832 3084 1005 3152 benedicte
1029 3089 1134 3152 venis.

548 3212 747 3280 Celebraas.
773 3211 900 3288 Gloria,
925 3213 1000 3278 laus
1023 3221 1058 3278 et
1081 3213 1189 3278 honor
1212 3222 1276 3280 etc.

547 3338 682 3405 Clerici.
708 3337 830 3405 Caetus
854 3339 888 3401 in
911 3339 1056 3404 excelsis
1079 3346 1114 3405 te
1146 3339 1262 3405 laudat
1291 3341 1437 3406 caelicus
1473 3344 1587 3407 omnis:
1620 3349 1654 3406 ot

433 3464 587 3530 mortdlis
611 3464 708 3529 homo
732 3468 766 3527 et
789 3469 911 3528 cuncta
934 3465 1050 3529 creeta
1072 3466 1182 3530 simul.

471 3565 473 3570 Ι
549 3588 747 3657 Oekbraas.
772 3588 897 3665 Gleria,
923 3589 997 3656 laus
1021 3599 1055 3656 et
1079 3591 1187 3656 honor
1211 3597 1274 3658 etc.

547 3715 682 3782 Clerici.
707 3714 808 3780 Plebs
832 3714 985 3781 Hebraea
1009 3715 1070 3781 tibi
1093 3737 1167 3782 cum
1192 3717 1310 3804 palmis
1335 3720 1432 3786 ebria
1449 3725 1549 3788 venit:
1579 3744 1653 3788 cum

431 3863 543 3930 prece,
569 3845 657 3950 voto,
682 3841 815 3927 hymnis
838 3842 995 3908 edsumus
1019 3863 1097 3909 ecce
1122 3844 1189 3909 tibi.
1286 3929 1288 3934 Ι

548 3962 748 4037 Celebrant.
773 3962 900 4045 Gleria,
925 3966 1000 4034 laus
1024 3975 1060 4035 et
1082 3970 1191 4038 honor
1213 3978 1277 4039 cto.

550 4092 684 4160 Clerici.
708 4093 751 4157 Hi
774 4092 833 4158 tibi
857 4093 995 4179 passdro
1019 4096 1196 4164 solvebant
1219 4098 1330 4165 mduia
1355 4099 1473 4166 leudis:
1507 4122 1566 4166 nos
1596 4103 1655 4167 tibi

434 4218 591 4303 regnanti
616 4217 788 4302 pandimus
813 4238 890 4284 ecce
914 4220 1028 4286 melos.

552 4343 749 4410 belebrone.
774 4345 900 4422 Gleria,
925 4346 999 4411 laus
1024 4354 1059 4413 et
1082 4348 1190 4415 honor
1214 4357 1278 4416 etc.

447 4540 450 4544 ,
553 4471 687 4538 Clerici.
713 4469 754 4535 Hi
770 4471 929 4557 placuere
945 4474 1014 4551 tibi,
1031 4475 1164 4561 pleceat
1179 4477 1311 4544 devetio
1329 4487 1453 4545 nostra:
1471 4482 1545 4547 Rex
1562 4482 1657 4559 bone,

439 4595 515 4663 Rex
540 4596 696 4672 clemens,
721 4598 775 4661 cui
798 4597 884 4663 bona
908 4607 1029 4666 cuncta
1052 4601 1196 4687 placent.

559 4719 758 4789 celebrem.
784 4723 909 4801 Gleria,
934 4726 1008 4791 laus
1032 4735 1066 4793 et
1090 4728 1197 4793 honor
1220 4738 1283 4795 etc.
