4175 5717
517 922 535 983 l
966 941 1029 988 ovs.
1056 942 1104 991 ιιι.

553 1153 592 1210 tu
612 1153 738 1212 vasto
760 1155 1078 1215 PURlFlCATIONlS
1098 1157 1131 1212 Β.
1151 1155 1305 1214 Manlau
1325 1155 1511 1215 VlltGlNIS.

942 1468 1084 1535 CAPUT
1109 1470 1133 1532 l.

797 1686 892 1757 Quae
913 1685 986 1752 siat
1004 1686 1272 1767 praeparando.

433 1926 460 1989 1.
490 1843 547 1993 In
571 1924 672 1989 abaco
697 1923 825 1988 Altaris
848 1922 982 1987 maioris
1007 1920 1262 2007 praeparabitur
1285 1920 1375 1986 calix
1395 1941 1473 1987 cum
1500 1921 1645 1988 omnibus

428 2032 629 2097 ornamentis
653 2030 776 2097 coloris
799 2029 876 2104 albi;
901 2031 929 2093 si
952 2030 1015 2094 hoc
1040 2029 1161 2094 festum
1177 2027 1330 2094 inciderit
1346 2029 1379 2093 in
1400 2049 1505 2095 unam
1530 2050 1574 2096 ex
1590 2031 1644 2096 Do·

428 2141 554 2205 minicis
578 2138 796 2224 privilegiatis
822 2136 1090 2222 Septuagesimae
1114 2136 1169 2201 vel
1194 2135 1440 2221 sexagesimae,
1465 2144 1528 2204 aut
1552 2138 1646 2215 Quin·

428 2249 645 2334 quagesimae,
670 2246 784 2312 calicis
808 2250 986 2330 apparatus
1010 2246 1075 2309 erit
1099 2243 1224 2309 coloris
1247 2244 1399 2309 violacei.

514 2356 545 2421 2.
570 2354 721 2430 planeta,
739 2352 827 2419 stola
842 2358 876 2418 et
892 2350 1080 2438 manipulus
1096 2350 1164 2416 albi
1181 2350 1313 2428 coloris;
1338 2351 1429 2436 quod
1446 2354 1474 2418 si
1494 2355 1529 2419 in
1555 2373 1646 2420 uuam

425 2485 468 2533 ax
491 2462 689 2552 supradictis
713 2462 889 2528 Dominicis
912 2459 1076 2536 inciderit,
1101 2461 1288 2547 manipulus
1312 2466 1347 2526 et
1376 2461 1523 2547 planeta
1554 2469 1647 2530 erunt

427 2573 550 2641 coloris
573 2571 723 2637 violacei.

513 2682 545 2745 3.
569 2680 733 2745 Pulvinos
756 2678 823 2745 albi
846 2679 970 2744 coloris
993 2699 1054 2763 pro
1077 2678 1215 2752 Missali,
1241 2679 1268 2743 si
1292 2677 1395 2744 Missa
1419 2679 1646 2748 celebrabitur

428 2789 468 2855 de
493 2789 529 2853 B.
555 2788 706 2873 Virgine.

515 2898 546 2961 4.
572 2895 803 2970 Thuribulum‚
829 2893 986 2959 navicula
1009 2914 1084 2958 cum
1108 2893 1209 2957 thure
1233 2899 1266 2958 et
1290 2914 1364 2957 oum
1389 2896 1580 2962 cochleari.

515 3004 545 3069 5.
571 3003 756 3069 Vasculum
779 3022 884 3086 aquae
908 3001 1101 3066 benedictae
1126 3021 1200 3065 cum
1224 3002 1424 3086 aspersorio.

515 3113 546 3177 6.
572 3112 698 3177 Urceus
722 3130 797 3174 cum
821 3108 919 3193 pelvi,
938 3108 1075 3173 mantile
1092 3128 1149 3172 seu
1171 3110 1417 3193 manutergium
1442 3117 1479 3175 et
1504 3113 1647 3198 aliquan·

428 3222 501 3286 tula
524 3217 672 3284 medulla
695 3218 787 3302 panis
812 3218 845 3279 in
869 3214 1047 3300 pelvicula.

516 3329 546 3390 7.
572 3325 748 3411 Ampullae
773 3324 839 3387 vini
864 3328 898 3387 et
922 3342 1026 3406 aquae
1052 3323 1084 3386 in
1109 3342 1170 3396 sua
1193 3322 1361 3408 pelvicula
1387 3344 1464 3389 cum
1500 3327 1646 3415 mappula

429 3456 486 3500 sou
512 3435 730 3517 manutergio.

517 3543 548 3607 8.
573 3542 785 3627 Campanula.

516 3651 546 3714 u.
573 3650 742 3714 Nonnulla
765 3649 971 3734 exemplaria
995 3649 1093 3713 huius
1117 3646 1194 3712 libri
1219 3666 1279 3732 pro
1302 3646 1500 3731 antiphonis
1527 3653 1558 3716 in
1583 3673 1646 3738 pre

429 3759 576 3821 cessione
601 3757 790 3822 recitandis.

521 3864 569 3928 10.
595 3863 689 3948 Apud
714 3863 850 3928 abacum
875 3863 1127 3950 praeparabitur
1152 3862 1243 3926 Crux
1267 3861 1410 3926 hastilis.

519 3972 568 4034 ll.
594 3972 631 4033 In
650 3970 776 4035 Altaris
793 3972 905 4036 fronte
921 3972 1088 4037 locabitur
1104 3970 1242 4057 pallium
1258 3969 1326 4035 albi
1338 3970 1470 4038 coloris
1489 3995 1646 4064 supraque

429 4080 533 4162 ipsum
557 4078 701 4142 alterum
719 4080 914 4152 violaceum,
933 4079 1019 4164 quod
1038 4078 1139 4144 facile
1155 4079 1302 4143 amoveri
1317 4080 1432 4163 possit.
1458 4081 1532 4149 Nisi
1556 4085 1646 4149 uec

430 4185 470 4250 de
493 4186 530 4248 B.
555 4185 695 4270 Virgine
719 4186 921 4264 celebretur,
946 4186 1004 4251 sed
1021 4186 1061 4251 de
1086 4185 1225 4270 quadam
1242 4206 1285 4250 en
1301 4185 1487 4254 antedictis
1515 4191 1648 4257 Domini-

429 4295 476 4358 cis
501 4293 729 4377 privilegiatis,
754 4294 892 4380 pallium
917 4300 1048 4360 tanturn
1072 4293 1257 4358 violaceum
1282 4299 1470 4360 statuetur.

521 4401 569 4464 12.
595 4401 701 4485 Super
726 4401 833 4465 Alteri
858 4403 891 4464 in
916 4401 1023 4465 latere
1048 4400 1218 4485 Epistolae
1242 4399 1472 4469 collocabitur
1498 4407 1643 4492 pulvinus

431 4512 609 4586 violaceus,
636 4532 691 4576 seu
718 4511 819 4595 legile
843 4532 917 4576 cum
942 4511 1069 4576 Missali
1091 4516 1217 4596 aperto.

523 4619 569 4681 13.
597 4620 647 4683 Ex
671 4618 784 4683 eodem
809 4619 916 4683 latere
933 4621 965 4683 in
983 4619 1084 4704 plano
1101 4618 1351 4704 praeparabitur
1377 4642 1509 4705 parvus
1532 4628 1639 4691 abacus

430 4731 605 4808 coopertus
629 4725 705 4789 alba
736 4725 876 4801 tobalea,
901 4732 934 4790 et
965 4747 1066 4811 super
1097 4746 1136 4791 eo
1167 4726 1386 4811 disponentur
1410 4732 1577 4800 candelae
1598 4735 1638 4798 be
1688 4777 1690 4786 ·

432 4831 642 4906 nedicendae,
668 4853 751 4917 quae
775 4832 883 4898 altero
909 4833 1034 4897 mantili
1060 4833 1136 4898 albo
1160 4840 1393 4918 contegentur.
