4175 5717
525 819 569 884 56
876 869 889 882 .
979 837 1044 884 urs.
1071 833 1119 883 m.

436 949 631 1014 arundiuem
656 965 730 1010 cum
756 945 908 1018 tricereo,
932 963 1030 1026 quam
1055 941 1165 1008 tradet
1190 940 1392 1016 Celebranti,
1416 935 1535 1005 deinde
1566 949 1654 1004 resu-

438 1063 503 1122 met
527 1057 702 1120 laternam.

523 1163 576 1226 58.
603 1160 809 1225 Procedetur
833 1158 873 1222 ad
897 1158 1161 1222 benedictionem
1188 1157 1282 1222 Cerei
1306 1155 1423 1221 ordino
1447 1155 1616 1240 sequenti:

524 1269 577 1334 59.
602 1269 753 1334 Clericus
777 1277 926 1350 quartus,
951 1267 1065 1330 ferens
1089 1286 1195 1352 grana
1219 1266 1340 1340 thuris,
1364 1285 1384 1328 u
1407 1262 1539 1329 dextris
1560 1265 1655 1350 primi

437 1379 491 1461 qui
515 1375 692 1441 sustinebit
716 1373 924 1439 thuribulum
949 1394 1023 1438 cum
1049 1373 1214 1438 navicula:
1231 1372 1348 1437 deinde
1365 1374 1486 1438 tertius
1510 1371 1654 1436 clericus

436 1493 571 1568 gestans
595 1484 734 1548 Crucem
763 1481 1063 1568 processionalem:
1088 1487 1248 1566 sequetur
1272 1480 1454 1546 Celebrans
1485 1481 1656 1546 sustinens

436 1591 632 1656 arundinem
655 1611 729 1654 cum
755 1586 901 1653 secundo
918 1589 1043 1653 clerico
1059 1607 1079 1652 a
1095 1589 1249 1664 sinistris,
1267 1589 1321 1673 qui
1337 1587 1450 1652 lumen
1472 1588 1507 1652 in
1523 1585 1658 1652 laterna

438 1696 607 1763 conditum
632 1695 788 1782 portabit.
975 1697 978 1702 '

523 1805 576 1869 ob.
602 1803 725 1871 Omnes
750 1805 783 1866 in
807 1801 984 1868 ecclesiam
1016 1804 1158 1888 ingressi
1188 1803 1369 1868 subsistent
1392 1791 1478 1889 ap'ud
1512 1807 1658 1889 portam.

436 1913 619 1980 celebrans
642 1910 826 1986 inclinabit,
851 1930 910 1975 seu
934 1912 1043 1996 potius
1067 1908 1179 1976 flectet
1204 1910 1411 1986 arundinem,
1437 1917 1470 1976 et
1488 1909 1660 1976 secundus

435 2020 578 2084 clericus
611 2017 770 2082 accendet
804 2037 901 2082 unam
930 2037 949 2081 e
979 2016 1128 2082 candelis
1162 2019 1307 2094 tricerei,
1338 2017 1521 2084 Celebrans
1549 2019 1659 2102 eriget

436 2126 642 2200 nrumlinem
667 2125 840 2190 submittet
863 2145 973 2208 genua
990 2131 1025 2190 et
1041 2124 1161 2210 reliqui
1179 2145 1252 2190 cum
1271 2127 1350 2211 ipso,
1368 2129 1511 2209 excepto
1530 2123 1660 2190 clerico

436 2245 504 2318 ges
543 2243 588 2294 *te
612 2233 762 2298 Crucem.
788 2233 871 2296 Tum
891 2231 1074 2298 Celebraus
1092 2233 1181 2298 elata
1197 2253 1279 2298 voce
1296 2233 1382 2298 dicet
1398 2233 1538 2299 Lumen
1558 2233 1662 2301 Cleri-

436 2343 489 2416 sti,
507 2375 536 2404 c.
563 2347 718 2422 assurget
741 2359 780 2402 ac
804 2341 907 2404 ceteri
932 2359 1045 2404 omnes
1070 2353 1274 2426 consurgent
1292 2361 1366 2405 eum
1383 2359 1432 2415 eo,
1453 2339 1662 2426 respondeu-

438 2449 525 2512 ttbns
549 2449 683 2513 clericis
708 2447 777 2513 Deo
798 2448 949 2530 ornatius.

525 2556 578 2619 ol.
603 2553 810 2618 l'rocedetnr
826 2552 867 2616 ad
884 2554 1027 2618 medium
1044 2556 1216 2632 ecclesiae,
1234 2555 1437 2621 accendetur
1453 2555 1569 2621 altera
1586 2574 1664 2622 cau-

435 2661 512 2724 dela
536 2669 570 2724 et
592 2659 649 2724 liet
675 2667 711 2724 ut.
734 2667 845 2736 anteo,
871 2661 933 2724 nisi
957 2659 1043 2744 quod
1069 2660 1251 2728 celebrans
1283 2662 1397 2748 paullo
1428 2663 1580 2750 amplius
1604 2669 1663 2729 at-

438 2769 559 2833 tollere
584 2787 696 2832 rocem
722 2767 829 2832 debet.

526 2875 579 2940 6⁶2.
604 2875 752 2958 Denique
776 2873 973 2939 devenietur
996 2882 1074 2939 ante
1092 2875 1219 2952 Altare,
1237 2876 1441 2942 accendetur
1460 2879 1570 2942 tertia
1586 2897 1662 2944 cau·

436 2981 521 3058 dela,
548 2988 717 3068 utsupra,
742 2980 800 3046 sed
824 2981 1006 3046 Celebrans
1030 2983 1163 3047 elatiori
1188 2986 1287 3048 etiam
1312 3005 1392 3050 voce
1407 2983 1499 3050 dicet
1515 2985 1660 3054 Lumen

440 3089 579 3156 Cluentii,

524 3197 577 3260 63.
602 3195 773 3281 Responso
789 3215 809 3260 a
825 3195 956 3262 clericis
972 3199 1074 3263 tertia
1090 3199 1163 3264 vice
1180 3198 1250 3266 Deo
1263 3201 1413 3285 pretias,
1433 3201 1564 3286 primus
1583 3223 1660 3270 cum

436 3303 608 3368 thuribulo
632 3303 742 3369 locum
766 3303 827 3368 sibi
851 3309 960 3368 suisset
983 3325 1102 3370 versus
1126 3326 1232 3372 cornu
1259 3307 1433 3392 Evangelii
1456 3315 1492 3374 et
1512 3316 1660 3394 quartus

434 3431 509 3476 cum
539 3413 652 3496 granis
684 3412 809 3476 incensi
840 3431 959 3476 versus
989 3419 1117 3498 partem
1148 3413 1331 3500 Epistolae,
1363 3415 1485 3480 tertius
1515 3423 1659 3500 gestans

435 3518 573 3584 Crucem
597 3518 741 3584 adstabit
764 3538 784 3583 a
806 3517 956 3583 dexteris
980 3521 1085 3604 primo
1109 3523 1288 3588 sustinenti
1304 3521 1528 3599 thuribulum,
1556 3529 1593 3590 et
1610 3545 1661 3592 se·

435 3624 563 3690 cundus
595 3646 669 3691 cum
697 3626 830 3691 laterna
853 3646 873 3689 a
897 3628 1040 3692 sinistris
1064 3635 1195 3711 quarto,
1220 3632 1275 3713 qui
1299 3629 1387 3696 feret
1410 3647 1529 3715 grana,
1556 3631 1660 3710 cele-

432 3734 532 3800 brans
557 3741 667 3800 autem
691 3755 766 3799 cum
790 3732 954 3800 arundine
978 3734 1104 3800 medius
1129 3737 1218 3800 inter
1242 3757 1309 3802 cos.

520 3843 573 3908 64.
599 3840 772 3908 Secundus
789 3841 933 3907 clericus
950 3862 1110 3927 responso
1128 3849 1292 3931 utsupra,
1310 3851 1428 3932 perget
1443 3846 1484 3913 ad
1499 3847 1658 3930 abacum,

430 3951 539 4035 ibique
569 3950 713 4036 deponet
742 3949 908 4014 laternam
939 3957 974 4014 et
1006 3952 1147 4036 accipiet
1178 3951 1300 4018 librum
1332 3973 1390 4018 seu
1422 3953 1562 4022 Missale
1595 3977 1659 4046 pro

432 4059 619 4146 praeconio,
653 4056 773 4124 redibit
803 4054 843 4121 ad
871 4056 1000 4133 ditare,
1033 4057 1156 4123 librum
1187 4059 1299 4126 tradet
1331 4060 1525 4128 Celebranti
1555 4069 1592 4130 et
1616 4065 1658 4134 ab

431 4168 502 4251 ipso
526 4167 666 4251 accipiet
689 4165 895 4230 arundinem.

518 4274 570 4342 65.
598 4273 789 4349 Celebrons,
821 4279 957 4358 accepto
990 4272 1086 4346 libro,
1120 4273 1290 4341 submittet
1327 4296 1435 4361 genua
1472 4277 1506 4341 iu
1545 4279 1657 4347 medio

430 4379 536 4462 gradu
561 4379 681 4453 infimo,
706 4378 793 4445 dicet
816 4379 906 4447 Jube
929 4381 1084 4458 Domine,
1110 4382 1323 4450 beorodicore.
1349 4382 1524 4452 Dominus
1548 4389 1596 4456 sit
1613 4411 1652 4458 an

431 4488 537 4552 eorde
559 4508 634 4554 meo
659 4495 690 4554 et
713 4488 750 4554 in
775 4487 875 4554 lobiis
897 4492 993 4568 meio,
1018 4497 1058 4557 ut
1081 4491 1188 4575 dione
1204 4497 1235 4556 et
1250 4497 1484 4575 competenter
1501 4512 1653 4565 annun·

431 4592 511 4657 tiem
526 4613 631 4659 suum
648 4595 820 4662 Poscbole
837 4596 1084 4666 Praeconium.
1103 4597 1223 4663 Annon.
1243 4597 1419 4684 Assorget,
1442 4597 1656 4684 genuflexio-

430 4715 504 4763 nem
535 4700 574 4764 ad
608 4701 725 4767 Altare
756 4705 855 4768 faciet
889 4727 962 4770 cum
994 4707 1136 4780 clericis,
1171 4707 1319 4790 exceptis
1352 4705 1479 4771 duobus
1503 4727 1653 4794 quorum
