4175 5717
517 688 579 754 158
970 704 1035 751 nm.
1062 705 1095 751 u.

432 815 590 902 populum
613 832 653 879 ac
676 819 755 878 tono
779 811 892 878 feriali
909 811 1059 877 cantabit
1082 810 1254 878 Dominus
1277 809 1464 878 vobiscum.
1488 809 1652 878 memus.

432 923 588 990 Concede
610 921 711 988 notis
734 927 795 988 etc.

514 1031 568 1096 34.
594 1028 777 1098 celebrans
800 1033 835 1093 et
859 1027 1004 1092 Ministri
1027 1025 1144 1092 eodem
1168 1026 1242 1092 loco
1259 1027 1350 1092 facta
1365 1025 1406 1092 ad
1424 1025 1566 1094 Crucem
1594 1045 1654 1092 ro·

427 1140 587 1213 verentia,
604 1135 809 1202 descendent
832 1133 874 1200 de
898 1133 1012 1200 Altari
1034 1154 1055 1198 a
1078 1133 1187 1199 latere
1205 1139 1239 1199 et
1261 1132 1386 1200 vadent
1408 1133 1451 1200 ad
1466 1153 1654 1210 scamnum,

427 1248 481 1313 ulti
508 1243 744 1310 adiuvantibus
768 1242 947 1328 Acolytlris
971 1248 1006 1308 et
1030 1241 1308 1316 anromoniario,
1343 1241 1525 1308 Celebrans
1554 1240 1657 1330 depo-

428 1360 487 1420 net
511 1353 661 1440 pluviale
685 1357 719 1416 et
742 1350 901 1415 induetur
933 1349 1103 1434 manipulo
1133 1368 1172 1414 ac
1195 1348 1339 1435 planeta,
1364 1350 1510 1416 Ministri
1536 1355 1655 1418 autem

429 1462 490 1527 sibi
515 1460 720 1546 manipulum
745 1460 900 1544 imponet.

517 1567 571 1634 35.
597 1568 732 1632 Interea
755 1565 901 1631 clericus
924 1565 1046 1649 aliquis
1069 1584 1170 1650 super
1193 1563 1312 1630 Altare
1335 1563 1486 1652 disponet
1504 1563 1657 1632 tabellas

431 1683 647 1743 secretarum.

519 1783 572 1848 36.
598 1783 712 1847 Parati
745 1781 928 1848 celebrans
958 1787 992 1846 ct
1023 1781 1168 1846 Ministri
1202 1782 1424 1848 reverentiam
1455 1781 1586 1847 facient
1614 1781 1659 1848 ad

429 1895 578 1966 chorum,
607 1889 879 1974 quemadmodum
903 1890 1057 1975 superius
1081 1888 1239 1954 traditum
1264 1895 1315 1955 est
1339 1909 1408 1976 cap.
1440 1889 1499 1955 IV.
1533 1909 1568 1954 n.
1600 1889 1660 1956 22.

432 1997 614 2086 procedent
652 1997 694 2062 ad
729 1996 848 2062 Altarc
872 2001 907 2062 et
937 1997 1076 2062 Sacrum
1110 1997 1324 2072 inchoabunt,
1358 1996 1443 2081 qnod
1473 2017 1581 2082 quum
1613 1999 1662 2066 sit

435 2107 564 2182 feriale,
589 2105 780 2171 servabitur
804 2105 888 2169 ritus
912 2123 983 2190 cap.
1008 2104 1066 2169 Vl.
1091 2105 1244 2190 superius
1268 2103 1462 2191 descriptus.

588 2555 640 2613 DE
663 2553 982 2622 QUADEAGESIMA
1001 2553 1053 2610 Ac
1073 2551 1265 2610 TEMPORE
1285 2551 1490 2611 PASSIONIS

912 2897 1063 2966 CAPVT
1088 2896 1170 2961 XXl

435 3177 461 3239 l.
488 3095 667 3246 Functio
690 3171 785 3257 primi
809 3169 872 3235 diei
897 3171 1005 3256 capite
1028 3169 1238 3256 praecedenti
1262 3168 1428 3256 descripta
1450 3174 1512 3235 est.

520 3281 551 3347 2.
578 3279 856 3364 Quadragesimae
895 3285 1043 3364 ternpore
1075 3282 1306 3342 ornamentum
1341 3275 1469 3341 Altaris
1508 3276 1665 3366 simplex

433 3391 508 3464 erit,
534 3389 605 3454 sine
629 3388 717 3452 vasis
741 3385 862 3462 floreis,
887 3387 957 3466 sine
983 3385 1198 3470 Reliquiariis
1221 3389 1281 3451 aut
1303 3385 1423 3449 statuis
1443 3384 1665 3452 Sanctorum.

435 3495 536 3562 Color
560 3497 594 3560 in
619 3497 826 3582 paramentis
851 3495 955 3560 sacris
978 3495 1044 3559 erit
1069 3494 1238 3560 violaceus
1256 3498 1290 3558 et
1313 3494 1346 3558 in
1371 3493 1472 3559 Missa
1495 3497 1667 3582 temporis

437 3623 503 3667 non
530 3603 704 3669 sonabitur
727 3604 871 3689 organis:
896 3603 982 3667 sacri
1006 3602 1151 3666 Ministri
1175 3603 1207 3666 in
1232 3601 1393 3667 Ecclesiis
1416 3601 1666 3689 principalibus

436 3731 495 3797 pro
521 3710 700 3775 dalmatica
722 3717 757 3776 et
781 3710 942 3776 tunicella
964 3709 1147 3774 induentur
1169 3709 1313 3795 planetis
1336 3707 1478 3794 plicatis;
1503 3709 1539 3774 in
1556 3711 1667 3780 mino·

435 3819 526 3884 ribus
550 3824 662 3884 autem
685 3817 921 3883 ministrabunt
943 3817 981 3884 in
1004 3816 1103 3883 olbis.

522 3927 553 3991 3.
580 3926 610 3993 Α
635 3925 780 3991 Sabbato
803 3932 881 3990 ante
899 3926 1036 4011 primam
1054 3925 1267 4002 Dominicam,
1285 3929 1355 3991 toto
1373 3923 1665 4012 Quadrngesimaa

434 4025 593 4121 tompore,
618 4035 789 4121 Vesperae
813 4034 1045 4099 recitabuntur
1076 4033 1129 4098 vol
1162 4040 1326 4099 canentur
1357 4039 1435 4098 ante
1470 4033 1660 4114 meridiem,

433 4164 492 4210 seu
517 4148 594 4229 post
628 4143 755 4207 Nonam
786 4147 821 4207 et
854 4141 986 4206 Missam
1023 4141 1186 4217 ferialem,
1223 4142 1370 4228 exceptis
1402 4141 1598 4220 Dominicis,
1625 4145 1658 4208 in

432 4254 549 4338 quibus
575 4252 807 4318 recitabuntur
831 4250 886 4314 vol
911 4257 1075 4316 canentur
1099 4252 1182 4317 hora
1206 4253 1338 4316 usitata.

524 4364 553 4426 4.
579 4362 616 4426 ln
640 4364 760 4444 quarta
783 4359 951 4423 Dominica
974 4359 1143 4445 appellata
1167 4358 1318 4426 Laetare
1341 4360 1374 4423 in
1398 4360 1470 4424 sola
1487 4359 1592 4426 Missa
1609 4381 1662 4428 so·

437 4465 539 4533 lemni
563 4468 773 4535 abhibebitur
796 4466 891 4532 color
922 4486 1090 4543 rosaceus,
1123 4467 1268 4531 Ministri
1302 4473 1442 4532 utentur
1477 4466 1661 4534 dalmatica

440 4591 479 4638 ac
505 4577 678 4651 tunicella,
703 4580 861 4661 poterunt
884 4573 1011 4661 disponi
1035 4594 1116 4640 vasa
1138 4571 1242 4639 florea
1264 4573 1305 4639 ad
1328 4574 1457 4640 Altaris
1481 4595 1662 4644 oruamen-
