4175 5717
535 666 597 739 122
997 683 1063 746 ita.
1086 689 1107 746 r.

529 801 605 866 ⁴304.
629 802 666 866 ln
689 803 837 887 exequiis
861 823 945 887 quae
967 824 1069 890 super
1091 805 1234 872 cadaver
1263 802 1533 889 celebrabuntur,
1565 804 1592 877 si
1615 801 1657 878 ed

441 910 676 974 coemeterium
699 911 772 975 erit·
788 909 872 976 illud
896 908 1107 989 efferendum,
1132 919 1207 999 post
1230 917 1424 995 orationem,
1441 937 1539 1002 quam
1559 925 1660 985 canet

442 1013 624 1080 Celebrans
647 1023 721 1101 post
751 1023 919 1102 peractam
952 1022 1175 1105 aspersionem
1199 1028 1233 1086 et
1263 1023 1553 1102 thurificationem,
1584 1047 1660 1112 pro-

441 1121 559 1187 cedent
582 1122 625 1188 ad
646 1127 891 1215 coemeterium,
916 1126 1024 1211 ibique
1059 1127 1099 1192 ad
1130 1135 1230 1214 caput
1264 1131 1435 1198 cadaueris
1466 1133 1657 1213 subsistent,

441 1235 479 1294 ut
502 1230 536 1293 in
561 1229 712 1296 Ecclesia
734 1231 859 1296 iactum
881 1229 973 1296 erit'

527 1337 602 1402 205.
627 1337 735 1412 Quum
758 1345 911 1403 cantores
934 1341 1118 1406 cecinerint
1140 1340 1350 1427 Requiescat
1378 1345 1417 1410 in
1445 1363 1543 1427 poce,
1576 1346 1658 1412 redi·

439 1442 522 1508 bunt
545 1443 585 1508 ad
608 1446 792 1536 sacrarium
815 1466 889 1510 curn
913 1446 1130 1522 Subdiacono,
1156 1450 1241 1512 viam
1266 1448 1358 1513 illam
1384 1452 1547 1526 ineuntes,
1571 1473 1656 1537 quae

439 1551 479 1615 ad
503 1553 686 1616 sacrarium
709 1555 815 1638 ipsum
839 1554 1033 1619 brevissima
1056 1554 1229 1620 habeatur.

742 1872 793 1928 DE
812 1874 969 1932 OFFlClO
990 1875 1353 1933 PLUVIALISTARUM.

932 2218 1074 2286 CAPUT
1099 2219 1156 2284 ΙΧ.

715 2435 746 2516 3.
774 2434 801 2498 l.
827 2433 870 2500 In
900 2433 1061 2518 Vesperds
1084 2434 1305 2501 solemnibus.
1331 2433 1372 2521 Γ)

442 2740 468 2803 l.
493 2659 553 2810 In
578 2740 735 2826 Vesperis
752 2739 947 2805 solemniter
962 2739 1171 2805 celebrandis
1188 2741 1399 2826 pluvialistae
1415 2761 1522 2826 neque
1545 2744 1653 2808 minus

434 2867 530 2930 quam
554 2847 629 2925 duc,
654 2867 760 2931 neque
783 2848 858 2932 plus
882 2867 979 2931 quarn
1007 2867 1067 2912 sex
1104 2848 1301 2912 intererunt.
1327 2849 1434 2913 Maior
1460 2849 1516 2914 vel
1545 2852 1653 2914 minor

431 2956 622 3020 solemnitas
639 2955 714 3019 testi
733 2956 941 3019 occurrentis
957 2954 1190 3019 determinabit
1208 2975 1382 3019 numerurm
1400 2975 1525 3021 eorum:
1540 2963 1574 3021 et
1585 2956 1650 3021 hac

433 3065 464 3127 in
480 3082 515 3125 re
528 3061 670 3126 stabitur
686 3059 823 3144 regulae
836 3059 977 3125 traditae
989 3081 1008 3124 a
1021 3062 1260 3127 caeremoniali
1278 3062 1514 3148 Episcoporum
1531 3083 1601 3149 cap.
1616 3065 1648 3128 3.

434 3170 490 3233 lib.
516 3170 554 3232 ll.
580 3168 620 3232 ad
643 3170 698 3250 ἓξ.
726 3168 765 3231 16
790 3175 823 3232 et
850 3168 899 3232 17.

519 3279 550 3343 2.
575 3278 690 3362 ltaque
712 3277 836 3352 clerici,
861 3279 916 3342 vel
941 3275 1151 3352 beneficiarii,
1176 3277 1231 3342 vel
1255 3279 1477 3355 mansionarii,
1502 3278 1542 3343 ad
1566 3299 1648 3363 quos

431 3385 592 3471 spectabit
615 3387 648 3448 in
672 3383 831 3469 Vesperis
855 3384 1004 3470 pluviale
1028 3385 1177 3472 induere,
1202 3383 1345 3448 aderunt
1368 3386 1400 3448 in
1427 3386 1575 3450 sacrario
1593 3387 1652 3450 ibi-

433 3513 495 3577 que
520 3492 700 3557 induentur
721 3511 822 3576 super
854 3497 981 3557 vestem
1010 3492 1152 3556 talarem
1185 3491 1437 3576 superpelliceo,
1471 3494 1523 3557 cui
1555 3512 1653 3578 supe-

432 3601 619 3685 rimponent
643 3598 800 3684 pluviale
824 3598 1056 3664 adiuvantibus
1079 3596 1248 3682 acolythis
1271 3599 1326 3662 vel
1350 3599 1424 3663 aliis
1447 3600 1588 3676 clericis,
1614 3608 1649 3667 et

432 3707 573 3771 biretum
598 3707 632 3769 in
655 3725 754 3770 manu
777 3711 917 3770 sument.
943 3704 1101 3771 Ordinem
1126 3705 1185 3768 sibi
1208 3707 1461 3771 convenientem
1493 3709 1581 3771 inter
1613 3729 1649 3773 se

431 3813 623 3889 servabunt,
647 3812 857 3879 desumentes
881 3814 935 3878 vel
959 3812 999 3877 ab
1023 3814 1221 3896 antiquitate
1245 3813 1471 3890 ordinationis,
1490 3815 1516 3878 si
1532 3815 1648 3879 clerici

431 3921 595 4007 simplices
619 3928 728 3997 erunt,
752 3921 807 3986 vel
831 3941 851 3985 a
874 3921 1080 4006 possessione
1103 3919 1261 3997 beneficii,
1287 3922 1313 3985 si
1347 3922 1560 3986 mansionarii
1592 3922 1647 3988 vel

430 4026 631 4095 beneficiarii
654 4028 752 4093 huius
777 4029 958 4103 Ecclesiae,
975 4029 1023 4093 ita
1047 4034 1083 4093 ut
1099 4030 1153 4112 qui
1170 4030 1292 4113 primas
1309 4029 1436 4094 obtinet
1452 4031 1495 4094 sit
1512 4029 1552 4094 ad
1570 4030 1650 4096 dex·

431 4144 535 4198 teram
560 4134 769 4202 celebrantis
792 4136 881 4200 alter
904 4133 945 4199 ad
968 4136 1147 4211 sinistram,
1172 4138 1291 4202 tertius
1315 4136 1527 4202 dextrorsum
1551 4139 1647 4222 primi

431 4247 569 4324 quartus
594 4242 819 4308 sinistrorsum
843 4240 988 4317 secundi,
1013 4243 1147 4324 quintus
1163 4243 1203 4307 ad
1220 4245 1311 4309 tertii
1328 4243 1501 4308 dexteram
1518 4265 1556 4308 ac
1574 4263 1649 4309 sex·

503 4403 541 4471 (')
561 4401 746 4460 Documenta
758 4402 832 4458 baec
846 4400 1048 4473 (excerpsimus
1062 4401 1089 4457 in
1103 4412 1194 4459 totum
1209 4421 1225 4458 c
1240 4400 1459 4460 Caeremoniali
1473 4397 1521 4458 lib.
1536 4400 1569 4459 ll.
1583 4419 1608 4459 c.
1622 4409 1648 4460 3.

432 4491 509 4562 (quod
529 4489 696 4549 inscribitur
715 4512 730 4546 ‹
749 4493 815 4557 Quo
835 4489 890 4546 ritu
911 4489 939 4545 in
953 4491 1094 4547 Ecclesiis
1107 4491 1340 4554 Cathedralibus,
1356 4493 1477 4549 alrscntc
1492 4491 1647 4564 Episcopo

434 4579 479 4634 rel
500 4578 527 4634 in
548 4582 725 4653 Collegiatis,
745 4583 899 4652 Vesperac
919 4581 1114 4637 celebrandae
1134 4581 1199 4636 sint.
1212 4601 1234 4665 .'
