4175 5717
530 741 595 805 284
989 754 1055 805 trs.
1081 756 1115 804 11.

442 869 627 934 ecclesiam.
652 868 724 933 Duo
747 867 955 932 thuriferarii
989 868 1099 950 ignem
1130 867 1162 929 in
1195 865 1376 931 thuribulis
1400 863 1660 952 praeparabunt,

445 985 481 1042 ut
504 997 578 1042 cum
602 977 679 1062 ipsis
703 981 738 1041 et
760 975 923 1040 naviculis
946 973 1055 1039 adsint
1080 974 1140 1040 sub
1162 972 1262 1040 tinem
1285 973 1407 1044 Missae
1431 992 1535 1061 prope
1561 989 1665 1039 scam-

443 1104 521 1149 num
547 1084 762 1150 Oelebrantis.
780 1082 940 1169 Acolythi
956 1089 1129 1168 postquam
1146 1104 1220 1149 cum
1235 1083 1354 1150 debitis
1369 1079 1662 1170 genuflexionibus

442 1191 606 1278 ampullas
618 1191 659 1256 ad
671 1191 808 1256 abacum
820 1190 1009 1268 retulerint,
1023 1191 1240 1277 explicabunt
1250 1191 1399 1279 pluviale
1414 1211 1517 1278 super
1528 1207 1664 1257 scamno

444 1299 661 1365 Celebrantis.

529 1407 581 1471 42.
606 1408 746 1472 Praesto
769 1407 834 1472 erit
857 1406 943 1492 apud
967 1406 1107 1473 abacum
1131 1408 1231 1472 etiam
1247 1407 1401 1484 clericus,
1419 1403 1659 1493 superpellicio

441 1513 586 1590 indutus,
610 1515 664 1598 qui
689 1513 828 1579 Crucem
851 1514 1133 1600 processionalem
1149 1514 1302 1600 gestabit.
1321 1513 1454 1591 Clerici,
1472 1515 1527 1598 qui
1545 1531 1663 1578 curam

441 1627 560 1706 gerent
582 1620 769 1686 umbraculi
793 1619 932 1698 hastilis,
956 1627 1090 1708 praesto
1114 1628 1215 1688 erunt
1231 1628 1265 1688 et
1279 1621 1339 1708 ipsi
1357 1627 1394 1686 ut
1410 1619 1497 1686 illud
1518 1616 1664 1687 afferant

439 1735 516 1793 ante
540 1727 658 1793 Altare
683 1728 736 1794 vel
761 1727 802 1806 ad
826 1729 1011 1814 ingressum
1036 1729 1249 1815 presbyterii
1274 1729 1420 1796 aderunt
1442 1727 1502 1794 alii
1526 1747 1663 1814 quoque

440 1835 565 1913 clerici,
589 1838 644 1920 qui
667 1837 816 1902 laternas
839 1836 943 1903 hastis
966 1835 1086 1903 infixas
1110 1838 1299 1924 gestabunt.

528 1945 579 2013 43.
606 1945 797 2020 celebrans,
820 1945 992 2011 ablutione
1015 1955 1155 2032 sumpta,
1180 1943 1448 2031 genuflexionem
1463 1945 1579 2022 faciet,
1597 1963 1665 2010 nra·

440 2052 534 2117 nibus
558 2054 713 2118 insistens
744 2051 863 2128 Altari;
896 2053 1053 2118 transibit
1085 2055 1118 2119 in
1149 2052 1239 2118 latus
1272 2053 1442 2139 Epistulae
1472 2052 1588 2138 ibique
1618 2069 1663 2118 ex

440 2160 566 2225 Missali
589 2161 681 2245 leget
705 2167 735 2235 i.
761 2160 962 2227 Communio.

527 2269 579 2332 44.
605 2267 832 2333 Subdiaconus
855 2274 1011 2354 exterget
1034 2275 1068 2334 et
1092 2271 1261 2356 cooperiet
1283 2269 1433 2346 calicem,
1457 2274 1496 2334 ut
1518 2269 1556 2333 in
1584 2267 1661 2334 aliis

439 2375 548 2441 Missis
572 2374 782 2451 solemnibus,
800 2373 856 2441 sed
881 2376 1050 2460 relinquet
1073 2377 1310 2474 corporalem
1340 2377 1462 2454 Alteri,
1494 2375 1662 2462 siquidem

438 2503 537 2568 super
560 2503 600 2548 eo
623 2483 765 2568 positum
789 2485 855 2548 erit
878 2482 1121 2552 Ostensorium.
1149 2483 1238 2549 ldem
1255 2483 1483 2576 subdiaconus
1499 2483 1663 2550 advertat

438 2597 474 2655 ut
497 2590 648 2676 paullum
672 2589 807 2655 recedat
829 2590 869 2656 de
893 2590 999 2657 medio
1023 2592 1271 2678 Alteri-quum
1296 2592 1477 2658 Celebrans
1505 2591 1662 2658 cantabit

436 2698 607 2764 Dominus
638 2697 824 2765 uobiscum.
861 2698 1005 2764 Calicem
1036 2705 1232 2785 coopertum
1265 2701 1415 2786 accipiet,
1448 2697 1662 2786 genuflectet

381 2855 383 2860 .
436 2806 468 2868 in
492 2805 711 2890 suppedaneo,
736 2805 776 2870 de
800 2805 910 2870 Alteri
933 2804 1121 2880 descendet
1139 2826 1257 2872 rursus
1274 2805 1478 2893 genuflectet
1495 2809 1532 2872 in
1549 2807 1660 2876 medio

438 2912 560 2994 gradus
585 2911 695 2988 intimi,
720 2913 849 2979 deferet
871 2913 1010 2980 calicem
1034 2915 1075 2980 ad
1098 2914 1246 2991 abacum,
1272 2912 1391 2980 redibit
1407 2915 1448 2982 ad
1468 2915 1593 2984 Altare
1610 2937 1662 2984 se·

436 3043 499 3105 que
523 3029 597 3107 post
620 3022 801 3087 Diaconum
824 3023 958 3088 locabit.

524 3131 577 3194 45.
603 3130 783 3196 Celebrans
807 3151 907 3214 quum
930 3130 1053 3214 legerit
1077 3135 1108 3203 t.
1137 3131 1351 3206 Communia,
1376 3127 1498 3196 redibit
1521 3129 1566 3198 ad
1589 3151 1661 3200 me-

436 3234 523 3301 dium
555 3236 692 3313 Altaris,
729 3235 940 3322 genuflectet,
975 3237 1095 3302 Altare
1131 3237 1347 3314 osculabitur,
1381 3235 1660 3322 genuflexionem

435 3343 578 3421 iterabit,
603 3351 821 3410 convertetur
844 3342 885 3408 ad
909 3342 1067 3429 populum
1101 3365 1219 3411 versus
1244 3351 1372 3431 partem
1397 3345 1587 3432 Evangelii,
1616 3367 1661 3417 ne

435 3461 566 3538 tergum
591 3459 702 3519 uertat.
726 3453 952 3529 Sacramento,
976 3452 1125 3518 cantabit
1147 3454 1318 3521 Dominus
1345 3453 1537 3534 vobiscum,
1570 3461 1665 3524 con-'

435 3581 552 3626 versus
576 3560 617 3626 ad
641 3561 759 3627 Altare
782 3557 985 3646 genuflectet
1007 3581 1135 3638 rursus,
1160 3560 1280 3628 redibit
1303 3562 1338 3627 in
1353 3580 1459 3628 cornu
1476 3561 1658 3650 Epistolee

434 3675 467 3732 et
492 3670 675 3734 orationem
699 3668 855 3734 cantabit.

521 3776 573 3841 46.
598 3776 762 3842 Diaconus
786 3783 944 3860 sequetur
969 3777 1211 3854 Celebrantem
1236 3797 1311 3843 cunr
1334 3778 1404 3863 ipso
1433 3773 1660 3863 genuflexio-

433 3903 509 3949 nem
531 3884 635 3949 iaciet
657 3905 757 3968 quum
779 3887 911 3950 venerit
934 3887 967 3948 in
992 3883 1134 3951 medium
1159 3884 1317 3970 illamque
1348 3883 1484 3952 iterabit
1515 3885 1658 3956 rediens

432 4013 507 4058 cum
530 3991 644 4058 eodem
668 3993 701 4057 in
724 3991 813 4058 latus
838 3992 1021 4078 Epistolae.

519 4101 572 4164 47.
597 4100 775 4182 Post-quam
800 4099 980 4166 Celebrans
996 4101 1159 4166 cecinerit
1174 4101 1357 4166 orationem
1374 4101 1444 4166 sive
1465 4104 1657 4186 orationes,

431 4205 552 4271 redibit
575 4209 608 4271 in
631 4206 772 4272 medium
797 4228 870 4273 cum
895 4207 1054 4274 Ministris
1078 4215 1112 4273 et
1135 4205 1399 4293 genuflexionem
1424 4208 1525 4275 simul
1549 4211 1658 4278 confl-

430 4318 528 4380 ciont.
554 4315 735 4381 celebrans
760 4314 967 4381 osculabitur
990 4315 1120 4392 Altare,
1139 4336 1256 4380 rursus
1273 4312 1486 4401 genuflectet,
1508 4337 1656 4388 conver

322 4467 327 4472 -
431 4429 522 4487 tetur
544 4423 585 4488 ad
609 4425 776 4510 populum,
801 4430 838 4489 ut
865 4443 975 4509 supra,
1007 4433 1041 4489 et
1071 4422 1219 4488 cantabit
1248 4423 1420 4490 Dominus
1450 4423 1652 4496 vobiscum.

431 4530 593 4595 Diaconos
616 4533 680 4598 hoc
702 4541 850 4618 tempore
873 4528 1085 4616 genuflectet,
1110 4537 1328 4597 convertetur
1351 4531 1392 4597 ad
1415 4533 1593 4619 populum,
1613 4543 1652 4603 ut

432 4637 621 4716 Celebrans,
646 4647 680 4706 et
703 4639 849 4706 cantabit
872 4641 923 4707 lte
946 4640 1059 4706 Missa
1082 4645 1141 4706 est.
1168 4639 1240 4715 Quo
1264 4645 1364 4726 captu
1389 4645 1527 4725 peracto
1544 4640 1650 4712 Gele-
