4175 5717
973 958 1045 1004 car.
1072 957 1118 1004 xi.
1503 941 1566 1007 115

432 1064 564 1130 facient
587 1063 627 1129 ad
651 1063 791 1129 Crucem
827 1064 882 1128 vel
915 1063 957 1128 ad
988 1065 1164 1149 imaginem
1196 1067 1405 1151 praecipuam
1437 1068 1585 1143 sacrarii,
1621 1071 1656 1133 et

433 1169 480 1237 ad
503 1170 623 1236 Altare
646 1173 861 1258 expositionis
885 1171 1078 1258 procedent:
1096 1172 1239 1258 praeibit
1254 1172 1503 1251 thuriferarius,
1520 1192 1658 1258 sequen·

432 1287 496 1345 tur
517 1278 583 1345 duo
618 1279 735 1344 clerici
765 1281 936 1345 intorticia
965 1286 1148 1365 gestantes
1184 1281 1241 1364 qui
1270 1279 1484 1346 dextrorsum
1516 1280 1656 1358 incedet,

432 1387 641 1453 interl-icium
666 1385 808 1452 dextera
838 1386 1027 1462 sustinebit,
1062 1388 1118 1471 qui
1149 1389 1388 1462 sinistrorsum,
1420 1388 1565 1465 sinistrm
1597 1409 1657 1474 po-

432 1503 562 1560 stremo
586 1493 661 1559 loco
685 1493 848 1559 Sacerdos
872 1494 961 1560 stola
983 1493 1189 1560 circumdata
1212 1494 1303 1560 collo
1327 1500 1361 1560 et
1377 1496 1484 1580 capite
1500 1502 1657 1581 cooperto

431 1599 562 1668 medius
586 1601 675 1666 inter
698 1599 781 1666 duos
805 1600 957 1676 clericos,
982 1607 1042 1665 aut
1065 1602 1092 1664 si
1116 1601 1261 1666 clericus
1285 1602 1351 1668 erit
1367 1622 1464 1680 unus,
1482 1604 1509 1668 is
1525 1602 1657 1670 incedet

431 1727 454 1774 a
478 1707 578 1773 laeva
600 1707 790 1774 Sacerdotis
814 1707 917 1793 ipsius
940 1715 975 1774 et
997 1707 1092 1774 ibunt
1116 1709 1238 1773 iunctis
1261 1707 1421 1774 manibus.
1446 1709 1480 1775 Si
1507 1710 1656 1776 transle-

432 1813 577 1881 rendum
616 1816 660 1880 sit
682 1813 739 1880 SS.
775 1814 1037 1890 Sacramentum,
1069 1816 1124 1898 qui
1160 1815 1304 1881 clericus
1335 1816 1467 1882 incedet
1496 1837 1516 1881 a
1547 1817 1657 1884 latere

434 1920 628 1990 Sacerdotis
640 1921 785 2006 portabit
798 1921 1038 1998 umbraculum,
1052 1923 1116 1988 nisi
1127 1924 1190 1987 iam
1202 1922 1344 1989 allatum
1356 1924 1461 1990 luerit
1471 1923 1514 1989 ad
1526 1923 1655 1989 altare.

525 2027 579 2094 21.
605 2027 714 2104 Quum
737 2027 779 2094 ad
803 2028 923 2094 Altare
947 2029 1005 2098 SS.
1031 2028 1238 2096 Sacramenti
1262 2036 1399 2097 ventum
1434 2032 1509 2106 erit,
1540 2029 1656 2098 clerici

435 2138 610 2204 intorticia
635 2137 783 2202 terentes
814 2134 1013 2202 dirimentur
1041 2143 1076 2202 et
1106 2138 1290 2203 consistent
1320 2139 1354 2203 in
1382 2137 1546 2204 lateribus
1578 2145 1656 2206 ante

435 2243 586 2310 infimum
609 2243 759 2329 gradum:
784 2243 947 2309 Sacerdos
970 2263 1045 2308 cum
1069 2243 1195 2310 clerico
1219 2265 1279 2311 seu
1302 2244 1435 2312 clericis
1451 2247 1562 2312 veniet
1578 2253 1656 2312 ante

435 2349 586 2417 infimum
609 2350 750 2435 gradum
774 2358 810 2415 et
832 2352 940 2437 capite
963 2350 1089 2416 nudato
1114 2352 1230 2430 bireto,
1262 2352 1348 2436 quod
1383 2352 1494 2419 tradet
1532 2354 1656 2422 clerico

435 2458 501 2526 sihi
522 2457 736 2524 dextrorsum
776 2457 932 2534 adstanti,
956 2455 1204 2543 genuflectetur
1233 2459 1274 2525 ab
1309 2460 1459 2526 omnibus
1494 2461 1528 2525 in
1562 2461 1657 2549 pavi-

436 2572 562 2632 mento.

526 2671 581 2738 22.
618 2671 740 2738 Clerici
773 2673 978 2738 sustinentes
1013 2673 1183 2738 intorticia
1216 2672 1457 2758 geniculabunt
1494 2673 1527 2738 in
1561 2674 1658 2759 pavi·

436 2787 562 2856 mento,
587 2787 621 2846 et
643 2779 759 2846 clerici
782 2782 978 2846 assistentes
1003 2779 1186 2856 Sacerdoti,
1210 2781 1244 2846 in
1267 2778 1374 2865 gradu
1404 2778 1525 2845 infimo.
1558 2780 1658 2847 Alter

436 2889 579 2954 istorum
602 2888 713 2953 statim
738 2886 922 2973 explicabit
944 2886 1057 2952 velum
1087 2886 1271 2953 humerale.
1307 2886 1471 2956 Sacerdos
1500 2887 1659 2954 ascendet

436 2992 481 3061 ad
506 2994 634 3070 Altare,
659 2995 703 3060 ibi
727 2996 760 3058 in
783 2993 890 3059 medio
914 2992 1095 3080 explicabit
1118 2993 1304 3080 corporale,
1335 2995 1476 3081 accipiet
1506 2994 1657 3061 clavicu-

436 3101 516 3176 lam,
533 3102 662 3187 aperiet
677 3101 877 3187 perticulam
895 3099 1113 3176 tabernaculi,
1131 3111 1165 3167 et
1175 3098 1442 3186 genuflexionem
1456 3102 1557 3168 faciet
1568 3123 1657 3188 genu

437 3208 580 3274 dextero
604 3215 742 3273 tantum.
769 3207 852 3272 Tum
876 3208 1034 3274 extrahet
1057 3207 1240 3282 custodiam
1265 3228 1323 3275 seu
1347 3209 1500 3295 pixidem,
1532 3211 1564 3274 in
1592 3230 1657 3294 qua

436 3318 505 3384 erit
528 3316 561 3382 S.
585 3316 703 3382 Hostia
724 3315 931 3401 exponenda,
954 3324 1055 3401 ponet
1078 3335 1150 3383 eam
1174 3318 1208 3381 in
1232 3317 1410 3403 corporali,
1426 3317 1562 3384 claudet
1577 3338 1657 3404 por-

437 3424 579 3492 ticulum
602 3444 641 3489 ac
665 3444 783 3489 rursus
806 3422 1011 3508 geniculabit
1034 3424 1069 3488 in
1092 3424 1302 3509 suppedaneo
1321 3423 1458 3490 Altaria.

528 3531 582 3596 23.
612 3531 763 3598 Clericus
794 3551 895 3616 super
924 3531 1081 3596 humeros
1116 3530 1209 3597 illius
1240 3531 1352 3598 velum
1387 3532 1561 3598 humerale
1595 3533 1658 3598 im·

437 3651 543 3728 ponet
565 3647 599 3705 et
622 3645 700 3704 ante
725 3644 841 3723 pectus
866 3639 926 3724 ipsi
948 3638 1112 3724 alligabit.
1147 3638 1235 3705 ldexn
1266 3638 1421 3716 clericus,
1452 3640 1515 3706 nisi
1550 3639 1659 3707 aderit

438 3748 540 3824 alius,
563 3749 704 3833 accipiet
728 3745 958 3812 umbraculum
982 3753 1017 3813 et
1038 3749 1178 3835 aperiet,
1212 3745 1366 3813 advertet
1394 3754 1506 3814 autem
1537 3754 1575 3814 ut
1605 3748 1658 3814 bi-

437 3863 552 3924 retum
577 3855 766 3922 Sacerdotis
791 3855 880 3920 ierat
902 3875 1024 3921 secum.

529 3963 583 4029 24.
621 3962 782 4029 Sacerdos
815 3969 989 4048 postquam
1021 3964 1082 4049 ipsi
1113 3964 1225 4028 velum
1263 3962 1436 4028 humerale
1471 3964 1657 4050 impositum

438 4071 556 4148 fuerit,
590 4077 754 4157 assurget,
778 4070 962 4136 custodiam
993 4090 1069 4136 cum
1099 4069 1156 4136 SS.
1188 4069 1405 4136 sacramento
1435 4071 1570 4136 sinistra
1599 4089 1658 4134 ao-

438 4180 552 4268 cipiet,
588 4197 725 4262 eamque
758 4178 927 4262 cooperiet
968 4183 1111 4262 utraque
1145 4177 1358 4244 extremitate
1392 4177 1553 4243 anteriori
1593 4175 1659 4242 veli

438 4285 625 4354 humeralis
649 4305 748 4351 manu
773 4284 922 4360 dextera,
948 4305 1013 4369 qua
1035 4283 1153 4350 deinde
1177 4286 1329 4370 imposita
1352 4285 1506 4350 sinistrae
1532 4282 1574 4348 ad
1597 4302 1658 4350 cu·

438 4393 593 4470 stodiam,
617 4392 796 4460 descendet
819 4391 859 4457 de
883 4392 993 4458 Altari
1016 4399 1051 4460 et
1073 4391 1114 4459 ad
1137 4393 1292 4469 alterum,
1317 4393 1351 4457 in
1374 4412 1439 4476 quo
1462 4389 1519 4457 flet
1553 4410 1658 4476 expo-

438 4504 529 4579 sitio,
553 4499 793 4588 proficiscetur.

529 4609 583 4674 25.
608 4609 817 4674 Praecedent
840 4607 905 4673 duo
929 4608 1044 4674 clerici
1067 4610 1270 4674 sustinentes
1293 4608 1471 4683 intorticia,
1499 4612 1659 4689 sequetur

439 4716 606 4788 Sacerdos
629 4737 703 4784 cum
729 4717 954 4793 Sacramento,
978 4727 1013 4784 et
1036 4715 1178 4803 desuper
1194 4715 1424 4783 umbraculum
1439 4713 1660 4781 sustinebitur

437 4847 461 4896 a
483 4826 621 4902 clerico,
645 4828 702 4910 quai
725 4841 800 4912 post
826 4823 1039 4892 Sacerdotem
1063 4824 1132 4891 ibit.
1157 4823 1192 4892 Si
1215 4823 1321 4891 aderit
1344 4828 1379 4888 et
1401 4820 1490 4888 alter
1513 4821 1658 4889 clericus

442 4954 464 5001 a
486 4933 632 5000 sinistris
656 4933 758 5018 ipsius
781 4929 970 4998 Sacerdotis
993 4931 1133 4998 incedet.
