4175 5717
522 673 566 736 {stt
989 689 1054 737 nra.
1079 691 1098 736 ι.

520 796 656 862 :sabulo
684 796 782 861 Missa
803 794 1014 862 adhibebitur
1037 799 1123 862 ritus
1147 817 1207 882 pro
1232 797 1330 864 Missa
1354 795 1534 884 pontititali
1557 815 1653 883 prae·

433 904 586 990 scriptus.

519 1011 595 1077 530.
621 1011 670 1076 Ad
700 1011 990 1077 annunciationem
1021 1019 1056 1077 et
1086 1012 1325 1077 intonationem
1354 1011 1506 1079 Alleluia
1539 1009 1652 1089 stabit·

432 1117 719 1184 animadvertatur
741 1123 852 1184 autem
877 1124 914 1184 ut
936 1139 1014 1206 pars
1037 1139 1107 1184 una
1129 1117 1228 1194 Cleri,
1252 1124 1280 1184 si
1304 1127 1420 1184 utetur
1442 1137 1553 1205 cappa.
1577 1131 1655 1204 pen-
1705 1098 1713 1118 ⁸

434 1233 490 1309 gat
515 1227 548 1289 in
572 1225 762 1291 Sacrarium
789 1231 827 1290 ut
857 1245 929 1290 eam
959 1224 1112 1313 deponat,
1139 1231 1239 1311 atque
1270 1225 1357 1292 adsit
1378 1227 1413 1291 in
1436 1226 1538 1291 choro
1571 1223 1652 1290 dum

435 1340 575 1397 canetur
605 1333 770 1409 Alleluia,
799 1332 979 1418 eodemque
1009 1340 1157 1420 tempore
1191 1332 1340 1399 discedat
1369 1353 1445 1419 pars
1472 1332 1581 1398 altera
1607 1315 1665 1398 ad¹

434 1459 570 1525 cappam
594 1441 720 1526 pariter
742 1438 978 1508 dimittendam.

522 1547 596 1612 531.
622 1546 729 1622 Quum
763 1547 943 1636 Episcopus
970 1554 1046 1635 post
1072 1550 1387 1615 consummationem
1418 1547 1459 1613 ad
1492 1548 1654 1614 thronum

435 1653 563 1722 redibit.
589 1655 706 1720 Clarus
729 1650 995 1739 genuflexionem
1028 1677 1146 1722 versus
1177 1677 1252 1722 eum
1283 1656 1383 1722 faciet
1410 1675 1473 1740 quo
1503 1661 1655 1740 tempore

434 1764 493 1845 ipsi
520 1763 700 1828 benedicet.

521 1871 596 1936 532.
621 1871 752 1937 Sedebit
785 1872 862 1938 dum
893 1870 1084 1947 cantabitur
1111 1873 1292 1958 antiphona
1318 1872 1480 1956 Alleluia,
1505 1870 1654 1956 psalmus

438 1978 594 2048 laudate
618 1979 806 2056 Dorolaam
828 1987 863 2045 et
885 1982 1039 2067 repetitio
1063 1978 1120 2045 det
1141 1980 1352 2066 antiphonae.

520 2086 596 2151 533.
621 2087 806 2172 consurget
822 2086 864 2152 ad
880 2089 1119 2153 intonationem
1143 2087 1343 2174 antiphonae
1366 2085 1515 2170 Vespere
1532 2093 1656 2152 aalma

434 2191 578 2261 Sublati
597 2203 697 2278 atque
721 2196 841 2260 iterum
863 2194 1059 2262 considebit.

519 2301 593 2364 534.
619 2300 747 2366 Rursus
765 2322 866 2386 quum
882 2303 1095 2368 inchoabitur
1111 2311 1229 2369 cantus
1246 2303 1454 2391 Mapnificat
1468 2305 1653 2386 consurget

430 2427 469 2471 ac
494 2427 610 2472 versus
635 2408 833 2494 Episcopum
855 2407 1068 2493 genuflectet,
1093 2431 1193 2494 quum
1224 2409 1265 2475 ad
1295 2410 1413 2475 Altare
1443 2407 1580 2474 accedet
1609 2405 1652 2472 ad

431 2512 521 2579 illius
546 2513 836 2592 thurificationem,
862 2535 961 2600 quum
985 2522 1058 2602 post
1084 2517 1210 2582 altaris
1238 2518 1498 2582 incensationem
1530 2512 1654 2580 redibit

429 2621 470 2686 ad
487 2622 655 2699 thronum,
672 2643 837 2708 quumque
852 2623 894 2688 ad
911 2623 1030 2689 Altare
1046 2623 1166 2690 redibit
1183 2624 1410 2711 completurus
1432 2619 1651 2690 Sacrificium.

517 2730 593 2795 535.
618 2731 653 2794 In
679 2731 808 2814 reliqua
823 2731 995 2796 functione
1011 2730 1210 2797 documenta
1230 2733 1382 2818 superius
1400 2728 1523 2796 tradita
1539 2727 1653 2794 obser·

431 2837 611 2904 vabuntur.

517 2946 592 3010 aas.
617 2945 651 3011 Si
676 2947 856 3033 Episcopus
880 2948 979 3013 huius
1003 2948 1066 3013 diei
1091 2947 1318 3013 functionibus
1340 2947 1491 3012 intererit
1510 2951 1651 3022 tantum,

430 3053 615 3117 observatis
638 3055 677 3118 iis
701 3074 785 3138 quae
808 3075 868 3141 pro
891 3075 1028 3121 accessu
1052 3055 1093 3122 ad
1118 3054 1304 3120 Ecclesiam
1329 3061 1362 3118 et
1389 3053 1430 3120 ad
1457 3053 1576 3120 Altaro
1597 3055 1652 3118 in-

431 3161 572 3236 nuimus,
598 3160 716 3225 Glerus
740 3161 934 3237 considebit,
958 3182 1059 3245 quum
1076 3162 1217 3247 profecti
1234 3160 1274 3226 de
1291 3159 1507 3247 Presby'terio
1523 3159 1648 3224 fuerint

432 3267 605 3343 Diaconus
631 3269 857 3334 subdiaconus
881 3271 1050 3353 ceterique
1075 3269 1201 3333 clerici.

518 3376 592 3440 537.
618 3376 829 3461 Consurgent
852 3382 884 3441 et
909 3396 1009 3460 quum
1037 3378 1143 3463 prima
1166 3382 1199 3440 et
1224 3375 1370 3441 secunda
1403 3376 1473 3440 rice
1508 3380 1653 3440 cauetur

430 3481 567 3548 marea
594 3483 725 3550 Christi
746 3480 958 3568 genuflectet.
984 3482 1250 3569 ingredientibus
1273 3490 1383 3558 autem
1408 3484 1441 3547 in
1465 3482 1652 3567 Presbyte-

430 3591 515 3653 rium
551 3589 727 3674 praedictis
762 3592 933 3664 timisi-ris,
959 3596 1151 3676 consurget.
1176 3590 1294 3656 deinde
1325 3587 1529 3675 genuflectet
1551 3596 1590 3654 ut
1618 3590 1651 3654 in

430 3696 505 3760 aliis
529 3696 665 3760 vicibus.
1461 3699 1464 3704 '

516 3803 591 3868 538.
616 3803 747 3868 Sedebit
771 3804 811 3869 ad
835 3807 984 3872 actiones
1009 3805 1155 3882 Diaconi,
1180 3824 1264 3888 qtrae
1289 3805 1506 3870 Praeconium
1527 3798 1654 3870 'canen-

430 3911 506 3976 dum
530 3910 743 3997 praecedunt.

517 4019 592 4084 539.
618 4019 804 4103 Consurget
835 4040 935 4103 quum
960 4021 1179 4085 Praeconium
1211 4028 1360 4092 canetur,
1386 4017 1442 4082 sed
1466 4016 1652 4084 considehit

429 4147 527 4211 quum
555 4127 717 4192 Diaconus
750 4128 902 4192 immittet
933 4146 1040 4212 grana
1071 4130 1102 4192 in
1138 4127 1289 4197 cereum.
1318 4125 1477 4192 accendet
1508 4126 1650 4192 Gereum

430 4234 569 4298 eundem
594 4242 628 4299 et
650 4234 877 4299 accendentur
896 4235 1074 4320 lampades.
1574 4231 1577 4236 ’

517 4342 591 4405 540.
617 4340 749 4406 Sedebit
772 4340 848 4405 dum
873 4329 1056 4407 celebrans
1081 4349 1113 4407 et
1137 4343 1281 4408 Ministri
1306 4345 1374 4408 suis
1398 4343 1537 4426 quisque
1554 4362 1651 4428 paru-

430 4449 548 4510 mentis
573 4447 764 4512 induentur.

518 4555 591 4616 541.
620 4555 667 4618 hd
699 4555 887 4640 prophetias
920 4577 1003 4637 quae
1036 4564 1199 4621 crinontur
1234 4557 1368 4622 sedebit.
1404 4557 1503 4622 stabit
1536 4564 1651 4623 autem
