4175 5717
519 809 586 874 312
984 831 1050 878 nm.
1075 833 1095 880 1.

403 963 407 974 ·
434 937 501 1005 tias
512 938 652 1020 opimus
668 937 737 1005 tibi.
752 938 838 1006 Jecu
856 939 1002 1006 Christe.
1020 937 1168 1022 Suscipe
1183 939 1463 1022 deprecationes
1477 943 1653 1006 mamm.

331 1069 335 1078 ¹
433 1045 484 1110 Ad
504 1046 611 1113 uerba
632 1043 744 1114 alitem
769 1045 859 1114 Cum
883 1045 1011 1114 Soneio
1042 1045 1180 1129 Spiritu
1207 1047 1244 1113 in
1270 1047 1389 1131 picria
1419 1045 1485 1114 Dei
1517 1043 1657 1114 Patris.

433 1153 555 1226 Arma,
579 1173 615 1216 se
634 1153 790 1238 ,signabit
814 1173 854 1227 ac
875 1153 964 1220 dicto
986 1153 1110 1229 Anien,
1127 1172 1244 1218 manus
1259 1159 1416 1219 extensas
1431 1154 1579 1239 imponet
1593 1149 1656 1217 Al·

433 1260 508 1336 tari,
533 1259 619 1344 quod
643 1258 850 1326 osculabitur
872 1260 906 1324 in
929 1258 1045 1325 medio.

521 1367 574 1432 41.
598 1366 779 1433 Osculatus
802 1366 922 1440 Altero
944 1351 1053 1452 eriget
1068 1387 1113 1444 se,
1131 1369 1272 1452 iungens
1290 1365 1405 1432 eodem
1419 1371 1569 1452 tempore
1585 1383 1656 1430 ma·

432 1493 495 1538 nus
518 1480 597 1540 ante
620 1479 747 1559 pectus,
760 1494 796 1539 se
811 1475 1052 1550 sinistrorsum,
1065 1493 1124 1539 seu
1147 1495 1263 1540 versus
1287 1493 1394 1539 couno
1418 1469 1654 1560 Epistclce,ad

434 1581 591 1666 populum
607 1602 643 1648 se
657 1587 844 1658 convertet,
859 1582 965 1650 oculis
981 1581 1142 1658 demissis,
1159 1601 1277 1646 manus
1293 1582 1414 1646 iterum
1431 1580 1560 1667 aperiet
1573 1583 1656 1646 unte

433 1695 560 1773 pectus,
585 1708 705 1773 easque
738 1690 957 1774 reconiunget
990 1687 1103 1754 dicem
1136 1687 1235 1754 simul
1266 1689 1439 1756 Dominus
1460 1686 1653 1756 ccbiscncm

434 1795 525 1880 Opus
548 1802 600 1862 est
623 1800 735 1862 autem
758 1815 903 1873 monere,
927 1795 1013 1879 quod
1037 1815 1138 1879 quum
1162 1795 1226 1861 hoc
1249 1794 1345 1861 modo
1368 1794 1530 1861 salutabit
1552 1813 1656 1882 popu·

432 1900 512 1978 lum,
537 1904 688 1989 aperiens
705 1922 822 1968 manus
845 1921 912 1967 non
936 1902 1034 1967 debet
1056 1900 1220 1968 excedere
1251 1903 1467 1968 humerorum
1497 1900 1656 1967 latitudi-

433 2028 516 2084 nem;
542 2007 628 2092 quod
652 2009 782 2093 palmae
804 2028 962 2074 manuum
976 2008 1100 2074 debent
1114 2007 1156 2074 ad
1172 2009 1313 2075 invicem
1329 2009 1438 2076 altera
1451 2007 1494 2076 ad
1508 2007 1655 2076 atteram

431 2120 592 2201 spectare
615 2114 703 2199 quod
726 2121 826 2200 caput
848 2113 1087 2181 demittendum
1112 2135 1178 2180 non
1202 2121 1263 2194 est,
1288 2135 1394 2200 neque
1425 2104 1512 2182 alius
1535 2121 1655 2202 gestus

432 2222 604 2288 faciendus
626 2242 744 2288 versus
768 2222 938 2308 populum,
962 2242 1025 2288 nec
1041 2222 1177 2288 renibus
1201 2222 1311 2292 Alteri
1334 2220 1563 2290 insistendum.

524 2330 577 2394 42.
601 2329 662 2396 Ubi
686 2329 806 2395 Altare
829 2337 880 2396 est
903 2330 946 2395 ad
968 2331 1127 2417 populum
1157 2349 1302 2407 versum,
1327 2349 1394 2396 non
1417 2349 1452 2396 se
1475 2335 1656 2398 convertet

430 2436 471 2501 ad
496 2437 668 2504 Dominus
702 2437 888 2512 vobiscum,
914 2437 970 2503 sed
1006 2444 1098 2504 stans
1121 2438 1164 2504 ibi
1188 2446 1362 2524 postquam
1391 2438 1563 2506 osculatus
1587 2439 1656 2504 erit

434 2543 564 2620 Altero,
588 2545 691 2609 faciet
714 2549 886 2630 utsupra.
1249 2543 1252 2548 ’

521 2651 574 2715 43.
599 2649 723 2717 Deinde
746 2671 790 2716 ex
812 2651 926 2718 eadem
948 2658 1054 2738 parte,
1079 2672 1196 2738 nempe
1224 2672 1325 2738 super
1356 2671 1449 2720 suam
1483 2653 1655 2718 sinistram

433 2757 552 2824 redibit
574 2756 615 2823 ad
640 2758 785 2838 Missale,
810 2765 845 2825 et
868 2778 1050 2825 conversus
1074 2759 1115 2826 ad
1139 2759 1258 2826 Altam
1275 2758 1436 2828 extendet
1451 2779 1570 2826 rursus
1587 2777 1656 2824 ma-

433 2885 495 2930 nus
519 2870 554 2930 et
576 2867 692 2951 iunget
714 2864 827 2930 dicens
854 2863 1003 2934 Oremus
1034 2873 1070 2958 et
1099 2865 1282 2952 simplicem
1314 2865 1564 2932 inclinationem
1599 2865 1656 2932 ia-

432 2975 497 3038 ciet
521 2972 629 3041 Cruci:
657 2971 776 3038 deinde
798 2972 972 3038 disiunctis
996 2974 1108 3038 statim
1133 2973 1282 3038 manibus
1305 2972 1347 3039 ad
1369 2971 1582 3038 altitudinem
1607 2971 1658 3038 la-

432 3079 674 3164 titudinemque
697 3080 912 3146 humerorum
935 3085 970 3145 et
993 3080 1111 3166 palmis
1134 3079 1176 3146 ad
1200 3081 1341 3146 invicem
1365 3061 1546 3157 conversis,
1570 3080 1658 3146 reci·

433 3188 516 3254 tabit
539 3189 731 3252 orationem.
755 3185 791 3252 Id
815 3184 872 3252 fiet
895 3188 1166 3272 quotiescumque
1200 3186 1376 3254 dicendum
1409 3189 1475 3253 erit
1500 3184 1657 3256 Ονωηυε

430 3301 508 3361 ante
532 3296 725 3370 orationem,
750 3295 812 3358 nisi
836 3294 937 3359 aliter
961 3295 1207 3379 praescriptum
1231 3296 1283 3359 sit.
1300 3295 1408 3360 Porro
1424 3293 1586 3362 Sacerdos
1612 3313 1656 3361 ne

433 3403 548 3466 oculos
572 3401 684 3466 elevet
707 3402 740 3464 in
763 3401 880 3476 altum,
906 3402 960 3465 vel
991 3400 1032 3465 ad
1066 3401 1207 3467 Crucem
1237 3421 1337 3485 quum
1369 3399 1457 3467 dicet
1493 3398 1656 3478 Oretum

434 3510 577 3591 itemque
600 3507 708 3592 fugiat
731 3507 857 3583 vitium,
882 3526 1056 3573 commune
1079 3508 1204 3584 multis,
1228 3507 1471 3593 pronunciandi
1500 3507 1658 3576 sillabam

434 3613 462 3679 0
487 3633 562 3677 cum
585 3614 799 3700 expressione
823 3614 1119 3704 nimisexquisita‚
1143 3613 1356 3700 producendo
1379 3615 1507 3682 scilicet
1532 3634 1573 3682 ac
1596 3613 1658 3682 du·

432 3718 585 3805 plicando
609 3719 770 3797 vocalem,
795 3720 901 3786 veluti
916 3719 1092 3786 dicendum
1115 3727 1205 3787 esset
1230 3719 1410 3796 Ooremus.

520 3829 573 3891 44.
597 3825 649 3893 Ad
680 3827 927 3893 conclusionem
951 3830 1111 3894 orationis
1135 3827 1248 3896 dicens
1280 3829 1352 3896 Per
1379 3829 1569 3897 Dominum
1592 3848 1658 3896 no·

433 3943 558 4011 strum,
583 3941 642 3999 aut
660 3954 729 4017 per
752 3935 911 4002 eumdem
932 3936 1124 4002 Dominum
1147 3944 1310 4005 nostrum
1334 3939 1452 4023 iunget
1467 3955 1596 4014 manus,
1621 3942 1659 4002 et

433 4043 475 4108 ad
498 4041 601 4108 verba
622 4041 745 4108 Jesum
772 4041 953 4109 ocrisiam
968 4043 1142 4108 inclinabit
1157 4051 1261 4130 caput
1277 4044 1419 4112 Crucem
1435 4063 1564 4120 versus,
1578 4043 1661 4109 iun·

432 4152 558 4234 ctisque
582 4147 732 4216 manibus
756 4150 916 4214 orationis
940 4149 1188 4215 conclusionem
1212 4152 1429 4218 emimuabit.
1455 4150 1490 4217 Si
1521 4152 1554 4216 in
1579 4170 1661 4216 con-

432 4257 582 4321 clusione
606 4255 737 4322 dicetur
763 4255 829 4326 Qui
860 4257 947 4321 ciuis
974 4264 1006 4325 ct
1029 4277 1161 4341 requos
1185 4267 1243 4324 aut
1281 4257 1347 4330 Qui
1376 4266 1490 4325 tecum
1515 4258 1660 4327 visitet

431 4372 567 4447 repeat,
585 4366 664 4449 quin
689 4373 788 4448 caput
811 4363 852 4428 ad
878 4364 1018 4429 Crucem
1042 4366 1190 4440 inclinet,
1205 4386 1320 4432 luanus
1345 4368 1461 4452 iunget
1486 4364 1528 4431 ad
1551 4366 1661 4434 verba

432 4471 470 4537 in
492 4474 626 4539 unitate
649 4470 806 4555 Spiritus
831 4469 964 4537 Sancti.

520 4579 572 4642 45.
598 4579 631 4644 Si
654 4580 768 4665 plures
792 4585 892 4644 erunt
915 4577 1107 4644 recitandae
1123 4582 1301 4657 orationes,
1320 4601 1386 4646 non
1403 4579 1536 4648 dicetur
1563 4579 1657 4648 Orc-

435 4704 515 4750 mus
539 4685 580 4750 ad
603 4686 763 4768 singulas,
787 4687 844 4751 sed
867 4692 996 4752 tantum
1020 4693 1098 4752 ante
1121 4689 1260 4772 primam
1284 4709 1368 4773 quae
1393 4690 1558 4756 recitatur
1583 4695 1661 4756 sta·
