4175 5717
518 683 560 747 98
983 699 1048 747 ara.
1073 700 1095 744 1.

432 809 523 875 ribus
547 807 723 894 pollentes,
747 805 929 890 quibusque
952 789 1169 872 secus'etiam
1192 803 1274 870 ordo
1297 803 1441 870 collatus
1471 803 1524 878 sit,
1547 820 1646 890 prae·

432 917 546 982 sertim
570 915 625 980 ubi
649 913 768 979 Glerus
791 914 857 979 erit
879 932 1086 990 numerosus,

516 1022 547 1088 2.
577 1020 752 1086 Habebunt
775 1019 1054 1106 superpelliceum
1077 1038 1179 1105 supra
1200 1023 1326 1084 vestem
1349 1018 1502 1095 talarem,
1515 1023 1648 1084 ettam·

431 1148 511 1215 pore
535 1132 723 1214 opportuno
746 1126 902 1192 candelas
925 1146 1025 1213 super
1050 1126 1160 1195 Altari
1183 1127 1363 1192 functionis
1386 1145 1504 1191 caussa
1525 1144 1648 1194 aceen-

430 1233 517 1301 dent'
533 1237 633 1299 iuxta
655 1232 846 1299 methodum
869 1232 1027 1300 traditam
1048 1253 1119 1319 cap.
1144 1234 1167 1297 Ι.
1192 1253 1280 1298 num.
1304 1232 1336 1298 9.
1356 1232 1434 1298 libri
1457 1233 1566 1298 buius.
1646 1321 1648 1324 Ι

518 1343 548 1408 3.
576 1341 728 1408 Candelis
753 1344 787 1407 in
810 1343 920 1407 Alteri
943 1343 1102 1418 accensis,
1130 1342 1308 1407 advertant
1341 1343 1439 1407 etiam
1463 1348 1501 1407 ut
1522 1340 1649 1407 alteras

430 1451 613 1517 accendant
636 1452 668 1515 in
694 1450 902 1516 candelabris
926 1452 960 1516 in
983 1451 1131 1516 sacrario
1160 1455 1304 1536 paratas,
1329 1470 1413 1534 quae
1443 1451 1483 1516 ab
1513 1450 1590 1535 ipsis
1605 1450 1649 1514 in

432 1560 605 1625 functione
628 1558 789 1643 gestanda
812 1564 921 1622 erunt.
1012 1617 1017 1638 ,

520 1669 550 1732 4.
579 1665 761 1766 Manebunt
783 1667 817 1729 iu
841 1667 988 1731 sacrario
1015 1667 1112 1731 iuxta
1135 1665 1264 1743 Altare,
1290 1666 1345 1730 vel
1369 1684 1526 1741 mensam,
1550 1684 1651 1750 supra

431 1792 528 1857 quam
562 1772 719 1858 disposita
749 1772 982 1838 Ministrorum
1016 1779 1210 1859 paramenta
1243 1778 1353 1850 erunt,
1381 1779 1416 1839 et
1444 1771 1650 1839 adiuvabunt

434 1881 603 1945 Ministros
626 1880 660 1943 in
685 1878 858 1944 induendis
883 1881 987 1945 sacris
1011 1880 1227 1945 vestimentis.

520 1986 551 2052 5.
577 1986 628 2052 Ad
659 1993 777 2051 nutum
809 1986 1079 2063 caeremoniarii,
1103 2006 1202 2070 quum
1238 1988 1346 2052 omnia
1369 2007 1428 2072 pro
1459 2005 1555 2052 sacra
1577 1985 1652 2051 iun·

436 2095 545 2159 ctione
575 2092 734 2177 disposita
764 2100 874 2169 erunt,
899 2099 1031 2158 sument
1053 2092 1263 2172 candelabra,
1288 2101 1322 2159 et
1351 2095 1457 2161 iuncti
1486 2095 1520 2158 in
1544 2092 1649 2160 medio

434 2202 590 2277 sacrario,
609 2201 833 2266 reverentiam
849 2198 992 2266 efficient
1007 2199 1049 2265 ad
1066 2200 1206 2266 Crucem
1229 2200 1285 2266 vel
1304 2199 1345 2265 ad
1366 2201 1541 2286 imaginem
1564 2200 1652 2285 prin·

433 2310 537 2393 cipem
561 2310 594 2371 in
618 2306 732 2372 eodem
765 2309 913 2371 sacrario
947 2309 1098 2393 positam,
1123 2314 1157 2373 et
1184 2306 1224 2372 ad
1249 2307 1367 2372 Altare
1399 2306 1592 2393 procedent,
1616 2307 1651 2371 in

434 2436 498 2500 quo
521 2417 587 2481 erit
610 2416 738 2480 iunctio
761 2414 961 2501 peragenda.

521 2523 552 2588 6.
577 2523 614 2587 111
639 2543 674 2587 se
698 2521 924 2588 convertendo
947 2523 1027 2587 ituri
1051 2520 1092 2586 ad
1123 2521 1252 2599 Altare,
1276 2522 1455 2588 advertant
1486 2527 1523 2588 ut
1552 2541 1653 2609 super

435 2629 608 2695 dexteram
631 2649 723 2696 suam
747 2635 989 2695 convertantur
1011 2636 1184 2696 manentes
1207 2630 1282 2696 loco
1305 2632 1444 2715 quisque
1468 2650 1537 2695 suo.

521 2739 551 2802 7.
580 2736 823 2803 Candelabrum
853 2736 1032 2821 gestabunt
1062 2737 1384 2823 perpendiculariter
1417 2744 1496 2803 ante
1525 2743 1652 2823 pectus:

436 2847 491 2928 qui
514 2845 633 2909 horum
663 2843 795 2909 incedet
828 2842 1052 2919 dextrorsum,
1076 2844 1165 2911 feret
1193 2865 1293 2910 manu
1324 2844 1464 2911 dextera
1493 2844 1653 2911 candela-

436 2952 530 3016 brum
562 2971 663 3037 prope
690 2950 836 3016 eiusdem
868 2950 999 3026 nodum,
1024 2958 1058 3015 et
1089 2952 1223 3016 sinistra
1256 2952 1462 3018 substinebit:
1493 2953 1549 3037 qui
1578 2952 1656 3017 sini·

437 3063 612 3135 strorsum,
644 3059 811 3123 sinistram
843 3057 1022 3144 applicabit
1053 3057 1148 3136 nodo,
1176 3057 1316 3124 dextera
1346 3058 1465 3125 fulciet
1494 3058 1654 3124 candela-

434 3169 538 3234 brum.
557 3168 591 3234 Si
608 3170 641 3232 in
666 3188 701 3233 se
725 3166 950 3233 convertendo
974 3168 1150 3252 nequirent
1165 3167 1278 3251 aliqua
1293 3188 1412 3233 caussa
1427 3168 1537 3233 locum
1555 3188 1652 3233 suum

432 3295 578 3350 servare,
602 3274 781 3340 advertant
803 3281 840 3340 ut
863 3261 1019 3340 manuum
1042 3275 1237 3360 positionem
1260 3274 1301 3340 ad
1329 3275 1564 3341 candelabrum
1593 3296 1654 3340 su·

438 3382 624 3449 stinendum
649 3384 833 3447 immutent.

524 3492 554 3554 8.
580 3491 619 3554 In
643 3489 868 3554 functionibus
892 3508 1006 3554 eorum
1031 3490 1130 3554 statio
1154 3496 1305 3556 estante
1327 3490 1475 3566 abacum,
1500 3490 1555 3555 ubi
1583 3495 1654 3553 sta-

428 3597 517 3663 bunt
545 3598 665 3662 iunctis
696 3596 856 3672 manibus,
888 3596 943 3662 vel
975 3597 1085 3662 altera
1111 3598 1211 3663 alteri
1247 3604 1326 3662 ante
1356 3604 1472 3683 pectus
1496 3597 1655 3682 superim-

438 3707 555 3791 posita.

523 3813 554 3877 9.
579 3812 647 3875 Nisi
671 3830 736 3894 qua
759 3811 937 3896 peculiaris
960 3813 1048 3876 actio
1071 3813 1136 3876 erit
1160 3813 1198 3875 iis
1216 3812 1414 3897 peragenda,
1439 3818 1594 3898 poterunt
1620 3814 1653 3876 in

436 3921 536 3986 stallo
560 3919 719 3983 inferiore
743 3918 836 3983 chori
860 3918 1046 3995 considere,
1071 3917 1343 4003 quemadmodum
1371 3919 1524 4005 deinceps
1547 3920 1652 3985 fusius

438 4026 690 4095 declarabimus.

741 4247 773 4326 5.
800 4244 827 4307 l.
855 4242 899 4309 la
931 4243 1092 4328 Vesperis
1115 4243 1336 4311 solemnibus.

525 4463 574 4526 10.
599 4459 815 4526 Adiuvabunt
838 4457 1049 4543 pluvialistas
1072 4455 1114 4522 ad
1137 4476 1209 4521 sese
1232 4459 1395 4543 parandos
1419 4459 1570 4546 pluviali.

529 4569 576 4632 ll.
603 4565 791 4633 Procedant
805 4564 846 4629 ad
863 4562 981 4630 Altare
996 4562 1198 4630 candelabra
1213 4563 1371 4642 serentes,
1388 4574 1423 4632 et
1441 4572 1519 4631 ante
1542 4571 1654 4631 extre·

440 4677 589 4742 mitatem
614 4674 736 4759 gradus
760 4670 860 4739 infimi
884 4672 976 4737 illius
1000 4670 1189 4738 subsistent.
