4175 5717
978 756 1064 815 oda·
1078 767 1109 814 v.
1460 809 1462 814 ,
1523 749 1567 812 :te

434 876 510 950 met,
535 892 555 938 a
578 873 723 940 secundo
746 875 872 940 clerico
898 894 1016 940 rursus
1039 875 1101 959 ipsi
1126 875 1314 959 imponetur
1338 875 1537 960 manipulus
1555 881 1588 940 et
1605 895 1657 940 ca·

435 988 495 1066 put
518 981 625 1047 bireto
648 982 827 1068 cooperiet.
1212 1057 1214 1062 ¹

522 1088 948 1177 62.r1·escle1·ieiprope
978 1089 1117 1157 abacum
1153 1089 1286 1156 calceos
1322 1088 1383 1154 sibi
1414 1087 1594 1164 detrahent
1627 1097 1661 1153 et

433 1202 574 1283 pergent
597 1196 638 1261 ad
662 1195 899 1274 adorationem,
924 1204 1148 1290 exsequentes
1173 1217 1214 1264 ea
1237 1215 1321 1282 quae
1346 1195 1528 1262 Celebrans
1560 1216 1659 1282 pere-

431 1305 534 1389 gerit.

522 1410 576 1476 63.
602 1409 770 1477 Redibunt
792 1410 833 1477 ad
857 1411 1007 1488 abacum,
1031 1412 1165 1478 calceos
1190 1432 1308 1478 rursus
1332 1412 1393 1479 sibi
1410 1411 1570 1477 inducent
1587 1420 1657 1478 tum

433 1518 558 1603 primus
582 1517 740 1584 subsistet
763 1538 865 1604 prope
890 1518 1031 1585 Crucem
1057 1523 1094 1584 ut
1116 1517 1220 1584 laicos
1245 1519 1278 1583 in
1302 1518 1495 1587 adoratione
1504 1520 1655 1604 diducat.

523 1625 576 1691 64.
601 1625 682 1692 Post
705 1627 846 1692 clericos
870 1626 1053 1713 procedent
1075 1625 1118 1694 ad
1140 1626 1368 1694 adorationem
1399 1627 1596 1694 Goniratres
1627 1630 1655 1694 si

433 1731 588 1809 aderunt,
614 1732 719 1799 induti
744 1754 851 1811 sacca,
876 1733 993 1799 deinde
1018 1734 1139 1819 reliqui
1162 1733 1250 1811 laici,
1275 1741 1441 1821 postremo
1474 1735 1549 1801 loco
1579 1757 1655 1801 mu-

428 1839 545 1917 neres,
571 1861 684 1907 omnes
708 1847 820 1908 tamen
843 1840 920 1907 bini.

521 1947 574 2014 65.
600 1947 790 2026 celebrans,
815 1948 981 2015 secundus
1005 1969 1044 2015 ac
1068 1950 1188 2018 tertius
1212 1949 1366 2026 clericus,
1391 1950 1446 2035 qui
1477 1949 1613 2015 stabunt
1636 1972 1655 2014 a

433 2054 596 2121 lateribus
620 2057 702 2133 eius,
728 2055 919 2122 recitabunt
953 2054 1044 2122 elata
1076 2076 1158 2122 voce
1189 2058 1397 2144 improperia,
1431 2058 1463 2122 in
1499 2059 1654 2121 maim-eru

433 2163 697 2231 commoditatem
721 2162 829 2230 divisa
851 2165 1004 2249 sequenti
1027 2162 1135 2229 modo:

899 2380 1040 2447 PRIMA
1065 2380 1189 2448 PARS.
1307 2431 1310 2440 .

522 2598 630 2668 cereo.
655 2604 687 2673 i.
712 2597 840 2685 Popule
863 2618 967 2674 meus,
992 2596 1070 2683 quid
1094 2597 1159 2663 feci
1181 2593 1256 2662 tibit
1278 2601 1337 2662 aut
1361 2597 1394 2660 in
1426 2616 1491 2680 quo
1522 2599 1652 2662 contri-

430 2726 516 2791 sttvi
540 2723 588 2791 tei
610 2724 775 2811 responde
798 2724 889 2790 mihi.

518 2857 542 2926 t
565 2851 651 2927 Quia
672 2850 772 2917 eduxi
795 2857 830 2916 te
854 2849 895 2915 de
917 2856 1012 2916 terra
1034 2849 1191 2935 Aegypta
1215 2848 1340 2935 pardsti
1365 2846 1507 2915 Crucem
1532 2848 1654 2914 Salva-

431 2977 498 3042 tbri
521 2984 590 3043 tuo.

518 3102 549 3167 2.
577 3102 625 3169 Gt.
651 3113 686 3183 ru.
712 3102 813 3188 Agios
840 3123 859 3168 o
884 3102 1002 3167 Theos.

519 3228 549 3292 3.
578 3228 626 3295 ct.
718 3228 860 3294 Sanctus
884 3227 982 3292 Deus.

519 3354 550 3419 2.
579 3354 626 3421 ot.
718 3354 820 3439 Agios
843 3349 1010 3439 ischyros.

519 3480 550 3544 3.
577 3480 626 3546 ct.
717 3479 860 3545 Sanctus
884 3479 995 3545 fortis.

518 3606 550 3671 2.
578 3606 627 3672 Gt.
718 3604 820 3691 Agios
842 3606 1021 3671 athanatos
1044 3603 1172 3670 eleison
1195 3604 1288 3669 imas.

519 3732 549 3795 3.
577 3732 624 3799 Gt.
716 3731 859 3797 Sanctus
884 3731 1080 3797 immortalis
1105 3728 1264 3795 miserere
1288 3729 1394 3799 nobis.

522 3857 589 3923 Cel.
615 3862 646 3931 t.
671 3857 756 3933 Quia
779 3857 878 3924 eddxi
902 3864 936 3923 te
959 3877 1019 3943 per
1042 3855 1212 3922 desertum
1236 3855 1458 3940 quadraginta
1490 3856 1596 3919 annis:
1621 3863 1656 3920 et

429 4004 552 4051 manna
574 3986 681 4051 cibavi
705 3994 747 4051 te:
773 3991 807 4051 et
831 3984 1001 4050 introduxi
1025 3991 1059 4049 te
1085 3984 1119 4049 in
1142 3989 1268 4049 terram
1285 3984 1365 4048 satis
1382 3981 1511 4047 bonam:
1529 3982 1655 4067 parasti

431 4113 573 4178 Crucem
598 4111 766 4178 Salvatbri
791 4119 859 4179 tuo.
1092 4189 1094 4191 v

403 4315 413 4324 ,
521 4238 552 4303 2.
580 4239 627 4305 ct.
654 4248 688 4318 ab.
714 4239 815 4323 Agios
839 4260 858 4303 o
883 4238 1001 4304 Theos.

521 4366 552 4429 3.
580 4366 627 4432 Οἱ.
719 4365 862 4430 Sanctus
885 4364 984 4435 neus.

398 4559 403 4567 ,
521 4492 552 4556 2.
581 4492 627 4558 ct.
720 4492 822 4577 Agios
844 4488 1011 4579 ischyros.

523 4620 553 4681 13.
582 4619 629 4682 Οἱ.
722 4618 864 4684 Sanctus
889 4620 995 4685 fortis.
