4175 5717
630 715 697 782 236
1094 730 1160 776 ars.
1184 731 1204 778 1.

482 865 486 872 ·
543 838 703 924 populum
725 857 785 904 seu
807 836 1053 924 presbyterium
1076 840 1304 906 convertetur.
1328 836 1461 903 circum
1483 835 1599 922 pedem
1633 833 1764 904 Osten-

546 946 634 1020 sorii,
658 946 687 1010 si
709 964 792 1031 opus
825 944 939 1022 fuerit,
963 944 1195 1010 extremitates
1229 943 1297 1009 veli
1329 943 1513 1010 humeralis
1529 942 1683 1031 ,aptabit
1719 939 1765 1010 Se

543 1056 655 1118 autem
684 1051 727 1118 ad
760 1051 918 1138 populum
952 1056 1164 1128 convertens,
1195 1057 1355 1136 sequetur
1388 1071 1518 1137 semper
1552 1049 1765 1118 celebrantis

544 1158 729 1236 dexteram,
760 1160 856 1243 eique
889 1159 924 1224 in
953 1159 1165 1246 processione
1199 1155 1361 1225 fimbriam
1394 1157 1569 1225 dexteram
1602 1155 1766 1246 pluvialis

544 1266 730 1333 sustinebit
1553 1263 1558 1272 '

633 1373 710 1438 377.
733 1373 771 1438 ln
795 1374 1006 1459 processione
1030 1375 1108 1438 item
1136 1371 1350 1439 dextrorsum
1382 1373 1590 1440 celebrantis
1619 1371 1766 1452 incedet,

544 1483 639 1566 eique
661 1482 696 1546 in
719 1482 854 1567 psalmis
876 1487 976 1566 atque
998 1481 1132 1567 hymnis
1156 1480 1335 1548 recitandis
1358 1481 1579 1568 respondebit

633 1589 708 1653 378.
734 1589 768 1654 Si
792 1609 856 1674 quo
878 1590 913 1654 in
935 1588 1061 1676 templo
1076 1589 1133 1655 vel
1149 1589 1261 1655 Alteri
1275 1588 1317 1655 ad
1333 1590 1397 1655 hoc
1411 1594 1535 1665 erecte,
1551 1589 1651 1656 statio
1666 1585 1792 1656 fleret·

545 1701 580 1765 in
602 1699 732 1774 itinere,
755 1698 947 1784 priusquam
970 1698 1146 1783 perveniat
1169 1696 1210 1762 ad
1234 1697 1365 1776 Altera,
1382 1698 1416 1763 in
1432 1717 1498 1781 quo
1513 1695 1701 1784 ponendum
1720 1697 1768 1763 sit

546 1805 603 1874 SS.
629 1804 892 1882 Sacramentum,
915 1825 1018 1870 unum
1041 1806 1098 1870 uel
1122 1806 1269 1871 alterum
1292 1825 1424 1892 passum
1447 1804 1598 1892 praeibit,
1621 1809 1662 1870 ut
1683 1807 1766 1872 ante

546 1914 788 1991 Celebrantem,
811 1910 889 1978 dum
912 1914 1136 2000 superveniet,
1160 1912 1256 1978 adsit.
1281 1910 1491 1980 Genuflsctet
1511 1911 1554 1978 ad
1570 1911 1767 1980 Sacramen-

546 2025 626 2097 tum,
651 2020 882 2087 Ostensorium
905 2039 926 2084 a
949 2019 1159 2086 Celebrantis
1183 2020 1332 2088 manibus
1356 2021 1506 2106 accipiet,
1529 2025 1685 2105 assurget
1708 2037 1768 2087 ex·

545 2133 682 2216 pectans
704 2127 782 2194 dum
804 2127 859 2193 hio
874 2124 1142 2213 genuflexionem
1158 2134 1305 2214 peragat,
1322 2134 1495 2214 postquam
1511 2125 1766 2194 Sacramentum

545 2236 576 2302 ei
598 2232 788 2301 reddiderit.

634 2340 709 2408 379.
734 2339 903 2407 Ascendet
924 2340 966 2406 ad
989 2341 1120 2420 Altare,
1147 2344 1181 2408 in
1204 2340 1311 2409 medio
1334 2344 1435 2430 ipsius
1461 2361 1562 2428 super
1595 2339 1768 2428 corporali

547 2449 778 2518 Ostensorium
811 2453 930 2534 ponet,
944 2446 1150 2535 genuflectet
1182 2451 1333 2537 paullum
1356 2471 1377 2516 a
1399 2450 1517 2528 latere,
1540 2455 1580 2516 ut
1607 2447 1767 2536 superius

547 2557 755 2625 declaratum
778 2561 840 2634 est,
864 2561 899 2622 et
920 2555 962 2621 ad
985 2555 1159 2622 dexteram
1183 2557 1390 2624 celebrantis
1413 2555 1600 2624 descendet.

634 2665 710 2732 380.
735 2663 923 2750 consurget
945 2684 1021 2730 cum
1044 2684 1084 2729 eo
1115 2664 1305 2742 celebrans,
1330 2666 1384 2732 oui
1414 2666 1485 2730 sine
1516 2663 1640 2732 osculis
1671 2664 1768 2730 mini·

546 2772 665 2840 strabit
688 2773 869 2850 incensum,
893 2770 1097 2858 genibusque
1120 2773 1240 2838 iterum
1264 2770 1360 2839 flexis
1382 2772 1592 2840 thuribulum
1614 2791 1636 2838 a
1657 2771 1769 2838 thuri·

549 2881 674 2947 serario
697 2880 839 2965 accipiet
861 2883 896 2945 et
919 2879 1111 2946 Celebranti
1134 2878 1313 2966 praebebit,
1337 2882 1392 2965 qui
1416 2879 1668 2946 Sacramentum
1690 2877 1769 2948 thu·

549 2986 700 3064 rificabit,
724 2993 961 3073 receptumque
983 2986 1025 3051 ab
1049 2987 1118 3072 ipso
1142 2988 1298 3053 restituet
1320 2988 1548 3054 thuriferario.

639 3094 714 3160 381.
739 3093 790 3160 Ad
814 3095 1008 3171 orationem,
1032 3113 1129 3178 quam
1153 3101 1252 3160 canet
1286 3096 1476 3172 Celebrans,
1500 3114 1637 3162 manens
1667 3093 1767 3164 flexis

546 3202 695 3292 genibus,
719 3201 842 3267 librum
866 3201 971 3267 eidem
994 3203 1128 3268 sinistra
1151 3202 1335 3300 sustinebit.

635 3309 710 3377 382.
736 3311 818 3377 Post
839 3310 1025 3376 orationem
1048 3316 1211 3396 assurget,
1236 3311 1349 3377 velum
1372 3311 1545 3382 humerale
1560 3317 1711 3380 resumet
1724 3331 1767 3380 ac

552 3418 760 3486 Celebrantis
783 3418 931 3483 humeris
954 3417 1111 3504 imponet,
1135 3424 1205 3483 tum
1228 3418 1269 3483 ad
1292 3419 1411 3485 Altare
1434 3419 1599 3498 ascendet,
1623 3420 1768 3508 recipiet

548 3528 808 3602 Sacramentum,
833 3523 929 3609 quod,
955 3530 994 3589 ut
1016 3543 1118 3611 supra
1133 3523 1396 3592 demonstratum
1412 3532 1473 3605 est,
1490 3526 1682 3594 celebranti
1696 3531 1769 3594 tra·

547 3635 612 3712 det,
636 3639 671 3699 et
693 3633 859 3719 processio
880 3638 1071 3720 peragetur.

635 3742 710 3808 383.
723 3741 760 3805 Iu
777 3740 886 3806 reditu
898 3741 940 3806 ad
954 3741 1139 3808 Ecclesiam
1155 3748 1358 3828 exsequetur
1373 3740 1530 3828 quidquid
1546 3743 1766 3832 paragraphis

547 3847 819 3938 praecedentibus
843 3868 863 3912 a
887 3869 976 3913 num.
999 3850 1075 3914 378.
1101 3871 1205 3935 usque
1229 3850 1270 3915 ad
1293 3850 1367 3916 381.
1391 3851 1633 3937 praescriptum
1664 3850 1741 3918 fuit.

634 3957 710 4022 384.
734 3957 914 4040 Postquam
939 3955 1119 4023 Celebrans
1144 3958 1326 4024 orationem
1350 3959 1519 4034 cecinerit,
1537 3959 1633 4043 eique
1648 3958 1766 4026 velum

545 4063 719 4132 humerale
742 4063 944 4148 imposuerit,
969 4064 1214 4151 suppedaneum
1238 4084 1313 4130 oum
1337 4065 1408 4151 ipso
1424 4064 1636 4144 conscendet,
1653 4085 1694 4132 ac
1708 4085 1766 4154 ge·

548 4171 737 4239 nuderione
761 4168 803 4236 ad
827 4169 1078 4237 Sacramentum
1101 4173 1201 4250 laeta,
1224 4172 1455 4239 Ostensorium
1489 4171 1541 4237 illi
1576 4173 1609 4238 iu
1645 4193 1765 4242 manus

550 4279 669 4358 tradet,
686 4277 955 4345 animadvertens
972 4285 1010 4345 ut
1025 4301 1102 4366 pars
1120 4283 1270 4348 anterior
1285 4287 1405 4368 vergat
1418 4281 1460 4348 ad
1475 4281 1644 4369 populum,
1661 4304 1766 4369 quum

549 4387 756 4453 inmanibus
780 4385 988 4452 Celebrantis
1012 4389 1086 4453 erit.

639 4494 714 4561 385.
739 4492 790 4561 Ad
814 4493 1075 4562 benedictionem
1099 4497 1132 4560 in
1155 4501 1305 4563 extremo
1329 4497 1538 4585 suppedaneo
1560 4499 1769 4585 geniculabit

558 4621 598 4670 ac
621 4601 810 4670 Gelebranti
832 4600 993 4671 fimbriam
1017 4603 1188 4671 dexteram
1211 4604 1368 4691 pluvialis
1403 4606 1570 4674 sustollet.
1601 4607 1685 4678 Post
1712 4609 1769 4678 be-
