4175 5717
545 729 606 795 136
1007 747 1073 796 mn.
1100 751 1133 797 n.

543 855 596 921 26.
621 857 688 920 Pro
719 858 828 922 Missis
855 857 952 923 lectis
975 857 1022 946 (a)
1054 856 1307 943 praeparabitur
1337 859 1371 922 in
1402 857 1514 923 Alteri
1544 858 1674 924 sivein

455 961 639 1040 Altaribus,
664 965 839 1047 inquibus
867 964 1087 1030 celebrandae
1111 970 1221 1042 erunt,
1245 965 1419 1031 vasculum
1446 965 1674 1052 operculntum

454 1071 598 1134 vitreum
622 1079 681 1136 aut
702 1079 899 1158 argenteum
927 1092 1001 1137 cum
1031 1091 1118 1155 aqua
1148 1091 1207 1157 pro
1238 1071 1468 1158 purificatione
1498 1072 1675 1160 digitorum

454 1177 674 1254 Celebrantis,
698 1187 732 1245 et
755 1179 893 1266 capsula
916 1182 1015 1245 etiam
1038 1179 1234 1265 operculata
1256 1200 1330 1246 cum
1355 1181 1473 1246 hostiis
1497 1180 1674 1267 diligenter

452 1285 601 1370 spoliatis
624 1288 833 1372 fragmentis,
850 1287 891 1352 ad
907 1288 1050 1352 alt-eram
1067 1295 1100 1352 et
1116 1289 1249 1353 tertiam
1265 1289 1401 1353 Missam
1425 1287 1673 1356 substituendis.

451 1394 633 1461 Oelebrans
656 1397 690 1459 in
714 1397 818 1482 prima
841 1403 876 1462 et
899 1396 1045 1462 secunda
1068 1396 1169 1462 Missa
1191 1411 1364 1483 postquam
1396 1399 1674 1464 consummaverit

327 1575 334 1590 ‚
450 1511 484 1566 et
507 1504 640 1569 omnino
665 1505 813 1568 hauserit
839 1505 994 1581 Calicem,
1018 1511 1120 1590 ponet
1142 1505 1248 1589 ipsum
1272 1504 1307 1569 in
1331 1502 1436 1568 medio
1456 1503 1673 1590 corporaliet

449 1615 617 1697 cooperiet
629 1613 728 1698 palla;
741 1612 830 1677 dicet
840 1614 961 1679 iunctis
977 1613 1128 1678 manibus
1141 1613 1324 1679 orationem
1342 1612 1440 1684 Quod
1453 1631 1516 1680 ore
1526 1612 1674 1696 rumpet-

447 1739 528 1786 ·mos
551 1727 614 1785 etc.
639 1719 757 1785 deinde
780 1727 879 1786 extra
902 1720 1078 1806 corporale
1095 1721 1128 1783 in
1146 1719 1285 1785 vasculo
1301 1727 1500 1806 praeparato
1516 1719 1673 1807 punnec-

448 1827 495 1892 bit
519 1827 657 1912 pollices
685 1834 719 1892 et
749 1828 884 1904 indices,
910 1829 1055 1892 recitans
1080 1828 1266 1912 orationem
1300 1827 1439 1911 Corpus
1471 1835 1574 1896 tuum
1601 1828 1674 1896 Do·

446 1937 538 2002 mine
561 1942 624 2001 etc.
649 1942 683 2001 et
706 1933 932 2022 purificatorio
955 1941 1121 2019 exterget.
1146 1935 1306 2000 Patenam
1330 1935 1441 2021 pallae
1465 1937 1623 2022 imponet,
1640 1945 1673 2002 et

446 2065 488 2108 ex
512 2043 648 2130 capsula
671 2044 854 2108 hostiarum
877 2044 1017 2127 accipiet
1041 2062 1141 2107 unam
1176 2049 1210 2108 et
1243 2048 1344 2129 ponet
1371 2063 1472 2130 supra
1506 2049 1670 2130 patenam,

446 2151 585 2216 calicem
617 2149 693 2215 velo
718 2151 886 2235 cooperiet
911 2156 945 2214 et
968 2151 1103 2214 Missam
1135 2157 1364 2236 persequetur,
1389 2151 1461 2216 Non
1485 2156 1538 2216 est
1561 2157 1672 2218 autem

445 2258 595 2322 facienda
627 2258 668 2322 ad
699 2259 837 2322 calicem
868 2255 1076 2342 genuflexio,
1108 2258 1135 2320 si
1166 2256 1364 2323 veniendum
1395 2265 1454 2323 aut
1486 2263 1672 2326 transeun-

443 2364 520 2430 dum
544 2367 587 2430 sit
609 2365 649 2430 ad
673 2365 814 2430 medium
838 2364 976 2430 Altaris,
1001 2366 1038 2429 ln
1063 2365 1208 2430 secunde
1231 2373 1267 2431 et
1295 2367 1396 2432 tertia
1419 2367 1521 2432 Missa
1546 2367 1588 2432 ad
1614 2365 1672 2434 Of-

442 2473 628 2549 fertorium,
654 2479 826 2558 postquam
857 2473 969 2538 velum
1003 2471 1044 2537 de
1079 2473 1183 2537 calice
1207 2472 1403 2550 detraxerit,
1433 2473 1602 2540 amovebit
1631 2473 1671 2540 de

441 2581 547 2645 medio
570 2580 708 2646 calicem
743 2582 859 2665 ipsum,
884 2580 1077 2663 relinquens
1108 2600 1183 2644 eum
1214 2581 1247 2644 in
1283 2581 1450 2668 corporali
1473 2586 1669 2668 coopertum

439 2688 531 2774 palla
555 2694 589 2753 et
611 2688 740 2754 hostiae
764 2692 902 2773 peraget
925 2687 1137 2752 oblationem.
1155 2689 1285 2752 Patena
1304 2687 1472 2775 corporali
1489 2690 1669 2776 supposita,

440 2796 577 2860 calicem
612 2794 746 2880 deteget
768 2815 807 2860 ao
831 2813 929 2859 manu
965 2796 1134 2860 sustinens
1161 2795 1257 2859 illum
1285 2795 1364 2878 quin
1393 2796 1540 2881 imponat
1567 2815 1669 2884 super

438 2903 566 2980 Altare,
592 2902 747 2968 transibit
769 2905 803 2966 in
826 2921 932 2966 cornu
957 2902 1128 2987 Epistolae
1152 2908 1186 2967 et
1210 2904 1243 2966 in
1267 2922 1342 2967 eum
1373 2902 1530 2969 infundet
1553 2906 1666 2970 vinum

437 3019 471 3074 et.
494 3030 622 3094 aquarn,
648 3030 709 3075 nec
733 3007 958 3095 purificatorio
982 3014 1147 3094 exterget.
1166 3009 1200 3074 Si
1217 3029 1297 3095 opus
1321 3009 1434 3086 fuerit,
1460 3016 1576 3096 guttas
1600 3013 1667 3078 vini

437 3119 470 3182 in
493 3117 607 3182 calicis
631 3125 727 3205 parte
754 3119 904 3182 interiori
939 3135 1072 3202 sparsas
1107 3116 1256 3202 colliget,
1281 3117 1446 3182 inclinans
1475 3119 1509 3182 in
1543 3136 1665 3204 gyrum

435 3226 573 3291 calicem
599 3233 635 3291 ut
658 3247 678 3290 a
701 3226 830 3308 reliquo
855 3226 931 3289 vino
954 3225 1174 3310 excipiantur.
1199 3224 1349 3310 Deponet
1372 3222 1490 3290 deinde
1518 3224 1664 3292 Calicem

436 3334 470 3396 in
500 3332 667 3418 corporali
697 3334 846 3408 seorsim,
870 3351 910 3396 ac
938 3351 1095 3396 reversus
1127 3330 1168 3395 ad
1201 3331 1343 3396 medium
1372 3331 1501 3408 Altare,
1527 3334 1665 3420 recipiet

435 3441 541 3526 ipsum
564 3447 599 3505 et
621 3440 822 3504 oblationem
847 3439 939 3504 illius
957 3444 1172 3523 exsequetur.

522 3547 575 3612 27.
600 3547 728 3630 Aquam
752 3549 786 3612 in
810 3547 958 3620 vasculo,
983 3567 1048 3631 qua
1072 3568 1151 3612 usus
1175 3546 1280 3612 fuerit
1294 3546 1335 3611 ad
1359 3545 1587 3632 purificandos
1610 3547 1661 3614 di·

374 3675 378 3698 ·
432 3656 528 3739 gitos,
550 3656 673 3739 poterit
690 3654 871 3719 Celebrans
891 3653 1067 3719 infundere
1092 3656 1126 3717 in
1149 3654 1295 3720 Calicem
1313 3653 1354 3719 ad
1373 3653 1581 3720 ablutionem
1597 3661 1662 3722 teo·

432 3765 498 3827 tiae
522 3762 652 3838 Missae
678 3762 732 3825 vel
765 3762 934 3845 relinquet
956 3781 1028 3826 eam
1054 3763 1087 3825 in
1110 3761 1232 3836 Alteri,
1256 3768 1292 3826 et
1316 3760 1483 3826 Sacristae
1516 3759 1658 3828 officium

432 3871 497 3935 erit
519 3889 591 3933 earn
607 3868 781 3934 demittere
805 3871 837 3933 in
862 3869 1020 3955 piscinam
1044 3888 1104 3934 seu
1128 3870 1312 3933 sacrarium
1327 3874 1405 3956 post
1422 3869 1568 3934 omnium
1586 3869 1667 3938 Mis-0

432 3997 544 4042 serum
569 3976 838 4043 celebrationem.
1086 3962 1094 3982 ⁹
1554 3964 1556 3970 ¹

520 4087 573 4153 28.
599 4087 707 4152 (tantu
731 4086 880 4151 Laudum
904 4085 1068 4162 absolute,
1085 4084 1263 4150 claudetur
1278 4084 1431 4161 ecclesia,
1449 4103 1489 4150 ac
1505 4084 1534 4150 si
1556 4084 1658 4150 fuerit

502 4287 544 4355 (a)
565 4285 740 4344 Notandum.
764 4284 840 4356 quod
866 4282 922 4340 bac
947 4293 1034 4340 nocte
1053 4283 1169 4354 lMissas
1193 4283 1287 4338 lectas
1311 4281 1465 4338 celebrare
1496 4297 1555 4336 non
1582 4278 1657 4356 licet,

431 4385 556 4447 excepta
575 4375 698 4432 solemni
718 4381 783 4447 post
803 4374 987 4434 Matutinum,
1001 4391 1076 4447 quae
1097 4372 1225 4446 pertinet
1244 4372 1280 4427 ad
1301 4371 1438 4428 officium.
1452 4371 1492 4428 Ul
1508 4367 1652 4427 celebrari

431 4465 541 4534 possint
566 4465 677 4523 Missae
706 4465 814 4530 lectae,
841 4472 984 4521 nocturno
1014 4477 1156 4537 tempore,
1182 4462 1341 4536 requiritur
1364 4459 1500 4534 specialis
1529 4459 1653 4536 facultas

431 4553 544 4608 Summi
564 4555 721 4620 Pontificis,
741 4572 816 4629 quae
836 4555 960 4611 facultas
980 4555 1084 4611 eadem
1099 4552 1269 4610 neccssaria
1289 4559 1335 4610 cst
1353 4551 1390 4608 ad
1411 4550 1652 4610 communionem

431 4651 516 4698 nocte
536 4643 803 4714 administrandam,
823 4664 860 4702 ne
879 4645 1002 4702 solemni
1021 4644 1137 4719 quidem
1158 4634 1245 4700 officii
1266 4640 1360 4700 Missa
1380 4653 1515 4716 excepta
