4175 5717
980 689 1044 736 ula.
1071 690 1091 735 l.

795 907 826 982 g.
850 901 881 964 3.
906 901 950 967 In
981 901 1095 969 Missa
1122 906 1275 970 solemni.

522 1116 571 1178 17.
597 1117 676 1180 Sese
700 1117 867 1201 acolythis
891 1116 1060 1202 adiunget,
1085 1117 1203 1201 quibus
1234 1116 1373 1203 praeibit
1399 1117 1549 1184 manibus
1573 1119 1650 1182 iun-

430 1225 491 1287 ctis
517 1225 549 1286 in
572 1243 709 1288 accessu
732 1223 772 1288 ad
797 1224 926 1300 Altero,
951 1223 1130 1291 advertens
1154 1233 1192 1290 ut.
1214 1224 1256 1290 ad
1273 1225 1413 1290 Crucem
1436 1226 1491 1291 vel
1508 1225 1549 1290 ad
1564 1226 1648 1289 ima-

431 1332 540 1413 ginem
565 1332 744 1416 principem
769 1331 914 1397 Sacrarii
939 1334 1161 1398 reverentiam
1187 1331 1308 1398 efficiat
1332 1323 1421 1398 et'ad
1438 1332 1528 1398 fores
1549 1333 1649 1418 ipsius

431 1459 466 1501 se
490 1457 575 1520 aqua
598 1437 771 1503 benedicta
795 1441 912 1523 signet.

524 1545 572 1608 18.
597 1546 776 1629 Postquam
800 1566 875 1612 cum
899 1548 1112 1613 ceroferariis
1136 1559 1215 1613 ante
1239 1548 1357 1613 Altare
1389 1549 1529 1624 venerit,
1561 1547 1651 1612 facta

431 1648 673 1736 genuflexione,
688 1659 805 1738 perget
827 1653 869 1719 ad
893 1656 1076 1740 parandum
1092 1655 1312 1731 thuribulum,
1330 1654 1416 1738 quod
1440 1657 1473 1719 in
1497 1663 1650 1741 promptu

430 1781 502 1824 esse
527 1759 669 1836 debebit,
694 1782 769 1825 cum
796 1763 866 1848 ipso
883 1763 1072 1828 naviculam
1090 1785 1219 1847 quoque
1236 1763 1391 1828 deferens
1407 1764 1447 1828 ad
1464 1763 1553 1828 latus
1570 1750 1652 1848 Epi-

431 1867 539 1931 stolae
562 1887 662 1951 quum
687 1868 867 1933 Celebrans
891 1871 1132 1935 confessionem
1157 1873 1222 1935 erit
1245 1871 1471 1936 absoluturus.

524 1976 571 2039 19.
601 1976 801 2041 Celebrante
817 1977 858 2041 ad
875 1977 995 2043 Altare
1011 1978 1222 2055 ascendente,
1240 1977 1399 2043 ascendet.
1414 1998 1434 2042 a
1450 1978 1558 2043 latere
1578 1979 1653 2043 thu-

382 2130 386 2138 .
433 2083 617 2159 riferarius,
643 2084 832 2148 naviculam
849 2084 958 2150 tradet
984 2085 1139 2161 Diacono,
1164 2093 1197 2150 et
1222 2084 1415 2152 celebranti
1431 2084 1560 2175 obiiciet
1577 2085 1654 2149 thu·

433 2189 586 2265 albulum,
612 2190 698 2273 quod
722 2191 840 2256 deinde
864 2191 971 2256 tradet
998 2193 1142 2257 Diacono
1167 2201 1202 2258 et
1224 2192 1264 2257 ab
1289 2195 1357 2277 ipso
1382 2193 1517 2278 recipiet
1554 2193 1651 2256 nari-

431 2297 551 2370 culam,
573 2317 669 2381 quam
693 2319 793 2384 super
815 2298 953 2364 abacum
981 2300 1114 2365 locabit..
1140 2300 1255 2385 Legile
1286 2320 1345 2364 seu
1376 2301 1544 2365 cussinum
1575 2319 1650 2364 cum

432 2403 558 2467 blissali
582 2405 748 2471 amovebit
770 2406 810 2470 ab
834 2406 944 2471 Altari
970 2406 1226 2472 thurificationis
1251 2413 1407 2493 tempore,
1433 2415 1547 2493 postea
1567 2406 1650 2471 illuc

431 2512 566 2575 referet.

519 2621 572 2684 20.
598 2621 748 2706 Recipiet
774 2622 981 2711 thuribulum
1006 2631 1219 2708 posteaquam
1237 2622 1402 2687 Diaconos
1420 2620 1651 2686 Celebrantem

433 2727 687 2804 thurificaverit,
713 2735 747 2793 et
771 2729 897 2794 referet
920 2730 960 2796 ad
985 2730 1123 2795 abacum
1148 2730 1202 2794 rel
1226 2730 1267 2794 ad
1291 2731 1486 2802 sacrarium,
1510 2737 1544 2794 et
1567 2727 1652 2793 redi·

433 2835 477 2898 bit
503 2837 537 2898 in
560 2836 698 2900 chorum
721 2835 763 2901 ad
786 2836 897 2901 locum
921 2858 1027 2912 suum
1061 2836 1115 2901 rel
1147 2838 1174 2900 si
1206 2838 1329 2901 chorus
1361 2856 1427 2900 uon
1457 2836 1532 2911 erit,
1563 2833 1650 2920 apud

431 2941 578 3007 abacum.

520 3050 571 3114 21.
600 3050 660 3114 Ubi
684 3059 819 3117 cantata
842 3054 885 3119 sit
909 3053 1070 3138 Epistola,
1095 3059 1266 3139 receptum
1290 3051 1499 3117 thuribulum
1523 3052 1652 3116 referet

431 3158 471 3220 ad
497 3158 615 3222 Altare
638 3179 703 3242 quo
728 3164 875 3246 tempore
899 3160 1079 3226 Celebrans
1104 3160 1192 3243 leget
1213 3158 1442 3244 Evangelium,
1460 3158 1534 3223 loco
1550 3177 1649 3243 prae-

432 3265 518 3330 dicto
542 3266 736 3331 subsistens,

521 3375 573 3438 22.
600 3374 650 3439 Ad
668 3376 924 3441 Caeremoniarii
942 3382 1060 3442 nutum
1079 3375 1238 3441 ascendet
1253 3374 1294 3439 ad
1311 3373 1441 3448 Altare,
1459 3373 1649 3438 naviculam

434 3482 538 3546 tradet
566 3483 722 3558 Diacono,
747 3484 954 3547 thuribulum
979 3484 1112 3549 obiiciat
1136 3484 1373 3559 Celebranli‚a
1397 3502 1461 3565 quo
1478 3486 1650 3565 postquam

433 3592 603 3656 incensum
629 3593 695 3655 erit
718 3591 937 3668 benedictum,
962 3593 1101 3677 recipiet
1124 3593 1222 3657 etiam
1253 3589 1452 3665 naviculam,
1478 3609 1574 3672 quam
1594 3609 1651 3654 re-

434 3699 563 3781 linquet
587 3719 687 3782 super
711 3698 824 3774 abaco,
850 3706 883 3764 et
906 3700 1115 3765 thnribulum
1132 3702 1165 3765 in
1182 3699 1390 3765 caeremonia
1406 3697 1560 3761 deferens
1576 3716 1649 3761 sese

432 3807 591 3890 adiunget
613 3808 826 3872 ceroferariis
850 3809 883 3872 in
907 3809 1013 3874 medio
1037 3807 1246 3894 presbyterio
1270 3812 1348 3869 ante
1372 3804 1501 3868 Altare.

519 3912 572 3978 23.
598 3913 870 3980 Genuflexionem
887 3916 928 3980 ad
942 3916 1061 3982 Altare
1085 3923 1119 3980 et
1136 3914 1359 3979 reverentiam
1384 3909 1425 3975 ad
1448 3911 1587 3978 chorum
1605 3911 1652 3976 ef-

434 4023 522 4088 ficiet
545 4042 620 4086 cum
643 4023 798 4098 Diacono,
824 4024 1030 4089 Subdiacono
1055 4031 1089 4088 ot
1112 4022 1299 4107 Acolythis,
1329 4026 1363 4086 et
1386 4017 1544 4084 subsistet
1574 4019 1649 4084 loco

433 4151 497 4214 quo
521 4135 662 4195 canetur
685 4131 906 4216 Evangelium
937 4152 1038 4216 prope
1069 4132 1237 4196 sinistram
1268 4128 1403 4191 Diaconi
1433 4126 1505 4191 fere
1536 4126 1649 4192 eadem

434 4239 522 4303 l'mca
546 4259 620 4304 cum
645 4239 814 4325 Acolytho
837 4242 957 4324 priore,
975 4241 1029 4324 qui
1055 4240 1119 4304 erit
1142 4240 1355 4304 dextrorsum
1381 4236 1589 4304 Subdiaconi.

521 4347 573 4411 24.
606 4349 688 4413 Dum
721 4348 884 4412 Diaconus
916 4353 1014 4414 canet
1050 4349 1194 4413 [aritium
1225 4347 1278 4411 rel
1311 4345 1499 4432 Sequentia
1531 4345 1653 4413 Sancti

434 4453 617 4538 Euoopeb'i
649 4454 804 4521 occludet
838 4456 1057 4531 thuribulum,
1092 4455 1367 4540 appropinquabit
1399 4455 1440 4521 ad
1474 4455 1649 4520 dexteram

433 4561 577 4638 Diaooui,
601 4567 696 4649 eique
719 4563 803 4630 illud
827 4563 1035 4629 ministrabit.
