4175 5717
515 711 580 778 260
976 728 1041 776 um.
1068 730 1088 776 1.

518 839 593 904 244.
618 837 743 904 Deinde
766 857 832 908 non
856 857 1039 903 conversus
1069 837 1111 904 ad
1141 838 1308 924 populum,
1340 838 1460 910 iunctis
1490 837 1645 912 manibus

431 953 465 1013 et
488 951 567 1012 tono
590 944 701 1010 feriali
731 950 830 1012 canet
863 945 1036 1014 Dominus
1070 944 1304 1016 vobiscumet
1327 945 1510 1016 orationem
1543 944 1645 1014 Deus

435 1073 539 1140 quem
560 1053 707 1138 dib’pere
730 1058 792 1117 etc.
818 1051 981 1118 Advertet
1004 1058 1074 1118 tum
1098 1053 1132 1120 in
1154 1052 1311 1118 hactum
1333 1053 1368 1118 in
1390 1053 1512 1119 ceteris
1540 1051 1647 1124 omoi-

431 1162 492 1227 bus
516 1160 729 1237 orationibus,
755 1178 839 1244 quae
856 1158 1111 1244 subsequentur,
1135 1165 1174 1226 ut
1196 1164 1297 1246 caput
1307 1178 1425 1226 versus
1440 1158 1580 1226 Druoem
1595 1158 1646 1226 in·

431 1269 544 1344 clinet,
569 1287 668 1352 quum
691 1265 876 1332 canendum
899 1267 965 1332 erit
990 1265 1147 1335 cronos.

519 1375 593 1440 245.
618 1376 699 1440 Post
721 1380 888 1440 cantatam
913 1375 1106 1452 orationem,
1131 1373 1292 1442 submissa
1308 1394 1390 1442 voce
1401 1374 1580 1444 lectionem
1595 1373 1647 1440 le·

431 1489 487 1570 get
510 1487 544 1547 et
573 1487 727 1558 tractum,
758 1481 1019 1548 benedictionem
1050 1482 1260 1568 impertietur
1291 1481 1507 1558 Subdiacono,
1538 1485 1578 1552 ut
1607 1479 1645 1546 in

434 1591 543 1656 Missis
567 1589 778 1666 solemnibus,
803 1594 838 1654 et
860 1595 1013 1675 perstans
1036 1591 1071 1654 in
1094 1589 1208 1656 eodem
1231 1589 1340 1656 latere
1362 1589 1516 1656 recitabit
1537 1588 1648 1656 Mutt-

432 1700 478 1764 do
501 1719 563 1765 cor
584 1717 712 1772 maura
735 1697 827 1782 leget
850 1689 1072 1782 Evangelium
1095 1697 1163 1762 ritu
1186 1695 1294 1773 solite,
1318 1715 1390 1770 nec,
1414 1695 1559 1768 lectione
1581 1693 1646 1768 ab·

433 1805 552 1881 soluta,
577 1805 698 1870 librum
724 1804 939 1874 osculabitur.

520 1913 595 1978 246.
621 1912 743 1978 Eodem
767 1919 922 1998 perstans
944 1911 1053 1978 adhue
1076 1912 1109 1977 in
1133 1911 1218 1989 loco,
1243 1912 1414 1978 incensum
1436 1912 1471 1982 in
1494 1910 1649 1977 thuribu-

434 2020 502 2084 lum
528 2018 679 2083 infundet
702 2038 776 2086 cum
801 2019 924 2084 usitata
946 2017 1175 2085 benedictione
1198 2018 1251 2086 Ao
1272 2020 1331 2086 illo
1360 2018 1578 2090 benedicaris
1608 2039 1647 2084 ee

434 2133 631 2192 convertens
655 2146 754 2211 super
777 2126 944 2192 sinistram
967 2146 1072 2203 suam,
1096 2133 1166 2193 tum
1188 2125 1448 2194 benedictionem
1464 2125 1554 2192 dabit
1569 2126 1649 2192 Dia-

434 2254 516 2299 cono
540 2254 576 2297 se
600 2239 798 2298 convertens
822 2232 1046 2299 dextrorsum.

505 2336 596 2406 1247.
620 2340 671 2405 Ad
695 2340 917 2425 Euangeliou
940 2340 1027 2424 quod
1050 2348 1200 2418 cauetur,
1225 2347 1442 2408 convertetur
1464 2341 1505 2407 ad
1532 2342 1649 2409 Diaco-

434 2470 521 2526 num,
546 2468 581 2514 se
604 2448 756 2533 signabit,
782 2454 819 2512 ut
842 2448 876 2512 in
899 2449 1008 2513 Missis
1032 2448 1243 2525 solemnibus
1268 2455 1343 2536 post
1365 2453 1498 2515 cantum
1514 2447 1648 2515 oscula-

383 2626 385 2630 ,
436 2556 525 2622 bitur
549 2555 681 2632 librum,
706 2575 803 2639 quem
827 2557 857 2620 ei
879 2557 1030 2643 porriget
1064 2555 1301 2633 §obtinemus
1332 2562 1498 2644 postremo
1527 2553 1648 2631 aDia·

432 2686 516 2731 cono
540 2663 819 2731 thurificationem
842 2666 992 2753 accipiet.

521 2773 596 2839 248.
622 2772 663 2838 Se
687 2774 809 2839 iterum
833 2772 875 2839 ad
898 2772 1033 2868 Missale
1060 2777 1245 2849 convertet,
1270 2792 1309 2840 ac
1332 2775 1476 2840 reversis
1498 2773 1540 2842 ad
1563 2774 1649 2842 lute-

432 2902 471 2946 ra
494 2882 563 2945 eius
587 2880 690 2945 sacris
714 2880 883 2955 Ministris,
908 2881 987 2964 quin
1010 2900 1046 2946 se
1077 2886 1252 2945 convertat
1281 2880 1323 2946 ad
1346 2880 1514 2968 populum,
1548 2886 1650 2952 unet

436 2995 466 3063 b.
486 2989 657 3055 Dominus
672 2987 850 3055 cobucum
864 2992 900 3052 et
916 2995 995 3053 tono
1008 2988 1119 3052 feriali
1131 2989 1298 3071 orationes
1310 2990 1531 3076 praescriptas
1542 3010 1649 3075 usque

434 3096 474 3160 ad
499 3096 744 3162 Praefationem
767 3096 941 3171 inclusive,
967 3114 1049 3161 voce
1073 3101 1184 3161 autem
1207 3096 1369 3162 submissa
1391 3117 1465 3164 oum
1485 3098 1649 3166 Ministris

435 3204 589 3268 recitabit
613 3204 808 3287 Trisagium.
834 3203 941 3280 Quum
965 3203 1092 3290 palmas
1116 3204 1352 3271 benedicturus
1383 3207 1457 3282 erit,
1492 3205 1649 3274 iacietid

435 3330 532 3375 manu
556 3310 705 3387 dextera,
730 3312 897 3376 sinistram
920 3331 1002 3376 vero
1025 3317 1197 3378 extensam
1221 3313 1366 3398 imponet
1388 3312 1509 3379 Alteri.

523 3418 598 3483 249.
623 3418 765 3483 Adiiciet
787 3420 886 3484 etiam
911 3426 988 3484 tono
1011 3419 1123 3484 feriali
1139 3419 1284 3503 reliquas
1300 3420 1444 3505 quinque
1468 3421 1646 3500 orationes,

435 3530 510 3611 post
532 3543 613 3607 quas
637 3526 807 3591 incensum
829 3527 863 3591 in
894 3526 1103 3591 thuribulum
1135 3526 1287 3593 demittat
1316 3548 1391 3594 oum
1419 3527 1648 3596 benedictione

436 3631 487 3700 Ab
510 3634 568 3698 illo
593 3632 811 3699 benedicaris
834 3640 897 3699 etc.
921 3635 1154 3719 Aspersorium
1177 3654 1197 3699 a
1220 3635 1365 3700 Diacono
1400 3637 1549 3721 accipiet,
1578 3636 1649 3724 pal·

436 3760 505 3805 mas
529 3745 684 3825 asperget
706 3742 739 3804 in
763 3741 878 3818 medie,
903 3741 944 3806 ed
967 3742 1137 3808 sinistram
1160 3750 1195 3809 et
1217 3741 1390 3812 dexteram
1413 3763 1516 3820 suam,
1535 3742 1650 3811 dicens

434 3847 596 3914 submissa
618 3867 700 3912 voce
723 3848 900 3933 Asperpes
921 3868 976 3915 mc
998 3855 1062 3916 etc.
1088 3852 1244 3916 restituet
1259 3851 1491 3935 aspersorium,
1507 3851 1650 3937 accipiet

435 3954 644 4021 thuribulum
668 3963 702 4020 et
725 3954 850 4040 palmas
873 3954 1019 4021 adolebit
1050 3956 1145 4021 modo
1176 3957 1328 4042 superius
1357 3955 1491 4034 tradito,
1515 3956 1649 4024 nullum

435 4063 607 4148 proferens
631 4061 778 4137 verbum,
803 4062 1074 4129 acthuribulum
1100 4065 1161 4149 ipsi
1185 4064 1330 4130 Diacono
1353 4063 1479 4132 reddet.

519 4169 594 4234 250.
619 4169 705 4234 Hinc
727 4170 847 4235 iunctis
870 4171 1030 4247 manibus,
1058 4190 1124 4236 non
1148 4191 1331 4238 conversus
1352 4171 1395 4237 ad
1428 4172 1586 4258 populum
1609 4193 1651 4241 ac

434 4284 512 4342 tono
536 4276 646 4341 feriali
669 4281 766 4340 canet
788 4276 959 4343 Dominus
981 4277 1161 4344 uobiscum
1183 4283 1218 4342 et
1241 4279 1423 4344 orationem
1454 4279 1560 4363 Deces,
1585 4283 1652 4367 qui

432 4402 499 4464 per
521 4384 652 4451 Filium
675 4390 776 4450 touta
799 4390 862 4449 etc.
1166 4442 1170 4449 .

522 4490 596 4554 251.
622 4490 792 4577 Gompleta
815 4490 985 4577 praedicta
1008 4492 1166 4569 oratione,
1191 4492 1290 4558 radet
1311 4492 1352 4558 ad
1368 4493 1509 4561 medium
1527 4494 1649 4563 Altare

437 4615 472 4662 se
496 4605 669 4665 convertet
691 4619 808 4665 versus
830 4597 963 4684 gradus,
988 4598 1129 4685 palmam
1151 4619 1171 4664 a
1201 4599 1350 4685 digniore
1382 4601 1473 4668 Dleri
1496 4604 1648 4689 accipiet,
