<?xml version="1.0" encoding="UTF-8"?>
<!DOCTYPE html PUBLIC "-//W3C//DTD XHTML 1.0 Transitional//EN"
    "http://www.w3.org/TR/xhtml1/DTD/xhtml1-transitional.dtd">
<html xmlns="http://www.w3.org/1999/xhtml" xml:lang="en" lang="en">
 <head>
  <title>
</title>
<meta http-equiv="Content-Type" content="text/html;charset=utf-8" />
  <meta name='ocr-system' content='tesseract 3.04.00' />
  <meta name='ocr-capabilities' content='ocr_page ocr_carea ocr_par ocr_line ocrx_word'/>
</head>
<body>
  <div class='ocr_page' id='page_1' title='image "./manualesacrarum00martgoog_0586.png"; bbox 0 0 4175 5717; ppageno 0'>
   <div class='ocr_carea' id='block_1_1' title="bbox 526 731 1104 802">
    <p class='ocr_par' dir='ltr' id='par_1_1' title="bbox 526 731 1104 802">
     <span class='ocr_line' id='line_1_1' title="bbox 526 731 1104 802; baseline 0.003 -5"><span class='ocrx_word' id='word_1_1' title='bbox 526 731 588 798; x_wconf 85' lang='lat'>196</span> <span class='ocrx_word' id='word_1_2' title='bbox 976 753 1043 802; x_wconf 83' lang='lat' dir='ltr'>ura.</span> <span class='ocrx_word' id='word_1_3' title='bbox 1068 754 1104 800; x_wconf 93' lang='grc' dir='ltr'>ιι.</span> 
     </span>
    </p>
   </div>
   <div class='ocr_carea' id='block_1_2' title="bbox 434 857 1663 1054">
    <p class='ocr_par' dir='ltr' id='par_1_2' title="bbox 434 857 1663 1054">
     <span class='ocr_line' id='line_1_2' title="bbox 521 857 1663 946; baseline 0.002 -22"><span class='ocrx_word' id='word_1_4' title='bbox 521 857 576 924; x_wconf 86' lang='grc'>64.</span> <span class='ocrx_word' id='word_1_5' title='bbox 600 859 748 926; x_wconf 87' lang='lat' dir='ltr'>Sacrista</span> <span class='ocrx_word' id='word_1_6' title='bbox 769 866 934 946; x_wconf 76' lang='lat' dir='ltr'>assurget,</span> <span class='ocrx_word' id='word_1_7' title='bbox 958 883 984 926; x_wconf 88' lang='lat' dir='ltr'>s.</span> <span class='ocrx_word' id='word_1_8' title='bbox 1009 859 1160 932; x_wconf 82' lang='lat' dir='ltr'>Pixidem</span> <span class='ocrx_word' id='word_1_9' title='bbox 1183 859 1437 938; x_wconf 78' lang='lat' dir='ltr'>etebernaculo</span> <span class='ocrx_word' id='word_1_10' title='bbox 1452 858 1584 938; x_wconf 74' lang='lat' dir='ltr'>educet,</span> <span class='ocrx_word' id='word_1_11' title='bbox 1602 877 1663 946; x_wconf 90' lang='lat' dir='ltr'>po·</span> 
     </span>
     <span class='ocr_line' id='line_1_3' title="bbox 434 966 1661 1054; baseline 0.005 -20"><span class='ocrx_word' id='word_1_12' title='bbox 434 973 491 1034; x_wconf 85' lang='lat' dir='ltr'>aet</span> <span class='ocrx_word' id='word_1_13' title='bbox 513 967 546 1030; x_wconf 95' lang='lat' dir='ltr'>in</span> <span class='ocrx_word' id='word_1_14' title='bbox 571 966 691 1044; x_wconf 78' lang='lat' dir='ltr'>Alteri,</span> <span class='ocrx_word' id='word_1_15' title='bbox 715 969 856 1054; x_wconf 74' lang='lat' dir='ltr'>accipiet</span> <span class='ocrx_word' id='word_1_16' title='bbox 878 970 1024 1046; x_wconf 85' lang='lat' dir='ltr'>sinistra,</span> <span class='ocrx_word' id='word_1_17' title='bbox 1049 975 1084 1035; x_wconf 87' lang='lat' dir='ltr'>et</span> <span class='ocrx_word' id='word_1_18' title='bbox 1105 968 1247 1036; x_wconf 79' lang='lat' dir='ltr'>deutera</span> <span class='ocrx_word' id='word_1_19' title='bbox 1269 968 1440 1054; x_wconf 76' lang='lat' dir='ltr'>cooperiet</span> <span class='ocrx_word' id='word_1_20' title='bbox 1462 968 1569 1054; x_wconf 75' lang='lat' dir='ltr'>ipsam</span> <span class='ocrx_word' id='word_1_21' title='bbox 1598 985 1661 1040; x_wconf 70' lang='lat' dir='ltr'>ex·</span> 
     </span>
    </p>
   </div>
   <div class='ocr_carea' id='block_1_3' title="bbox 320 1074 1661 1163">
    <p class='ocr_par' dir='ltr' id='par_1_3' title="bbox 320 1074 1661 1163">
     <span class='ocr_line' id='line_1_4' title="bbox 320 1074 1661 1163; baseline 0.002 -24"><span class='ocrx_word' id='word_1_22' title='bbox 320 1093 332 1110; x_wconf 92' lang='lat'>··</span> <span class='ocrx_word' id='word_1_23' title='bbox 432 1074 656 1142; x_wconf 85' lang='lat' dir='ltr'>tremitatibus</span> <span class='ocrx_word' id='word_1_24' title='bbox 670 1076 894 1142; x_wconf 81' lang='lat' dir='ltr'>anterioribus</span> <span class='ocrx_word' id='word_1_25' title='bbox 911 1077 978 1142; x_wconf 84' lang='lat' dir='ltr'>veli</span> <span class='ocrx_word' id='word_1_26' title='bbox 993 1077 1186 1152; x_wconf 86' lang='lat' dir='ltr'>humeralis,</span> <span class='ocrx_word' id='word_1_27' title='bbox 1204 1081 1319 1163; x_wconf 86' lang='lat' dir='ltr'>postea</span> <span class='ocrx_word' id='word_1_28' title='bbox 1333 1075 1506 1146; x_wconf 81' lang='lat' dir='ltr'>dexteram</span> <span class='ocrx_word' id='word_1_29' title='bbox 1523 1093 1661 1161; x_wconf 86' lang='lat' dir='ltr'>qaoque</span> 
     </span>
    </p>
   </div>
   <div class='ocr_carea' id='block_1_4' title="bbox 430 1180 1711 4720">
    <p class='ocr_par' dir='ltr' id='par_1_4' title="bbox 433 1180 1662 1488">
     <span class='ocr_line' id='line_1_5' title="bbox 433 1180 1661 1270; baseline 0.004 -25"><span class='ocrx_word' id='word_1_30' title='bbox 433 1180 542 1248; x_wconf 81' lang='lat' dir='ltr'>Pixidi</span> <span class='ocrx_word' id='word_1_31' title='bbox 564 1189 717 1269; x_wconf 86' lang='lat' dir='ltr'>apponet.</span> <span class='ocrx_word' id='word_1_32' title='bbox 742 1183 966 1256; x_wconf 70' lang='lat' dir='ltr'>eonvertatur</span> <span class='ocrx_word' id='word_1_33' title='bbox 987 1189 1024 1250; x_wconf 88' lang='lat' dir='ltr'>ct</span> <span class='ocrx_word' id='word_1_34' title='bbox 1046 1184 1086 1251; x_wconf 91' lang='lat' dir='ltr'>de</span> <span class='ocrx_word' id='word_1_35' title='bbox 1111 1185 1222 1256; x_wconf 82' lang='lat' dir='ltr'>Alteri</span> <span class='ocrx_word' id='word_1_36' title='bbox 1256 1183 1444 1252; x_wconf 72' lang='lat' dir='ltr'>descendet</span> <span class='ocrx_word' id='word_1_37' title='bbox 1474 1187 1661 1270; x_wconf 70' lang='lat' dir='ltr'>assurgent</span> 
     </span>
     <span class='ocr_line' id='line_1_6' title="bbox 434 1289 1662 1378; baseline 0.004 -25"><span class='ocrx_word' id='word_1_38' title='bbox 434 1289 550 1356; x_wconf 90' lang='lat' dir='ltr'>clerici</span> <span class='ocrx_word' id='word_1_39' title='bbox 573 1311 649 1356; x_wconf 93' lang='lat' dir='ltr'>cum</span> <span class='ocrx_word' id='word_1_40' title='bbox 673 1292 850 1358; x_wconf 89' lang='lat' dir='ltr'>intorticiis</span> <span class='ocrx_word' id='word_1_41' title='bbox 873 1297 908 1356; x_wconf 91' lang='lat' dir='ltr'>et</span> <span class='ocrx_word' id='word_1_42' title='bbox 929 1293 960 1358; x_wconf 90' lang='lat' dir='ltr'>ei</span> <span class='ocrx_word' id='word_1_43' title='bbox 983 1292 1170 1378; x_wconf 86' lang='lat' dir='ltr'>praeibunt.</span> <span class='ocrx_word' id='word_1_44' title='bbox 1201 1291 1345 1360; x_wconf 88' lang='lat' dir='ltr'>clericus</span> <span class='ocrx_word' id='word_1_45' title='bbox 1376 1291 1466 1360; x_wconf 86' lang='lat' dir='ltr'>altar</span> <span class='ocrx_word' id='word_1_46' title='bbox 1490 1295 1662 1375; x_wconf 81' lang='lat' dir='ltr'>aequetur</span> 
     </span>
     <span class='ocr_line' id='line_1_7' title="bbox 433 1399 1344 1488; baseline 0.002 -27"><span class='ocrx_word' id='word_1_47' title='bbox 433 1415 521 1472; x_wconf 87' lang='lat' dir='ltr'>eum,</span> <span class='ocrx_word' id='word_1_48' title='bbox 541 1405 679 1482; x_wconf 78' lang='lat' dir='ltr'>gestans</span> <span class='ocrx_word' id='word_1_49' title='bbox 703 1399 935 1474; x_wconf 84' lang='lat' dir='ltr'>umbraculum</span> <span class='ocrx_word' id='word_1_50' title='bbox 957 1419 1059 1488; x_wconf 88' lang='lat' dir='ltr'>super</span> <span class='ocrx_word' id='word_1_51' title='bbox 1083 1400 1344 1468; x_wconf 73' lang='lat' dir='ltr'>Sacramentum.</span> 
     </span>
    </p>

    <p class='ocr_par' dir='ltr' id='par_1_5' title="bbox 430 1503 1711 2453">
     <span class='ocr_line' id='line_1_8' title="bbox 522 1503 1663 1594; baseline 0.004 -24"><span class='ocrx_word' id='word_1_52' title='bbox 522 1505 575 1570; x_wconf 85' lang='grc'>65.</span> <span class='ocrx_word' id='word_1_53' title='bbox 599 1506 637 1572; x_wconf 90' lang='lat' dir='ltr'>In</span> <span class='ocrx_word' id='word_1_54' title='bbox 661 1507 781 1574; x_wconf 90' lang='lat' dir='ltr'>itinere</span> <span class='ocrx_word' id='word_1_55' title='bbox 806 1507 1001 1574; x_wconf 84' lang='lat' dir='ltr'>recitabitur</span> <span class='ocrx_word' id='word_1_56' title='bbox 1023 1508 1145 1592; x_wconf 91' lang='lat' dir='ltr'>aliquis</span> <span class='ocrx_word' id='word_1_57' title='bbox 1160 1507 1316 1594; x_wconf 84' lang='lat' dir='ltr'>psalmus,</span> <span class='ocrx_word' id='word_1_58' title='bbox 1334 1505 1515 1574; x_wconf 87' lang='lat' dir='ltr'>omittendo</span> <span class='ocrx_word' id='word_1_59' title='bbox 1532 1503 1663 1582; x_wconf 76' lang='lat' dir='ltr'>Gloria</span> 
     </span>
     <span class='ocr_line' id='line_1_9' title="bbox 434 1613 1665 1702; baseline 0 -22"><span class='ocrx_word' id='word_1_60' title='bbox 434 1613 545 1680; x_wconf 66' lang='lat' dir='ltr'>Patra.</span> <span class='ocrx_word' id='word_1_61' title='bbox 578 1613 631 1678; x_wconf 86' lang='lat' dir='ltr'>Ex</span> <span class='ocrx_word' id='word_1_62' title='bbox 666 1613 779 1680; x_wconf 79' lang='lat' dir='ltr'>Alteri</span> <span class='ocrx_word' id='word_1_63' title='bbox 815 1613 1008 1700; x_wconf 90' lang='lat' dir='ltr'>supradicto</span> <span class='ocrx_word' id='word_1_64' title='bbox 1039 1614 1082 1694; x_wconf 77' lang='lat' dir='ltr'>ad</span> <span class='ocrx_word' id='word_1_65' title='bbox 1116 1617 1301 1688; x_wconf 76' lang='lat' dir='ltr'>serranum</span> <span class='ocrx_word' id='word_1_66' title='bbox 1334 1613 1593 1702; x_wconf 80' lang='lat' dir='ltr'>proficiscentur</span> <span class='ocrx_word' id='word_1_67' title='bbox 1628 1617 1665 1680; x_wconf 89' lang='lat' dir='ltr'>et</span> 
     </span>
     <span class='ocr_line' id='line_1_10' title="bbox 434 1720 1669 1808; baseline 0 -22"><span class='ocrx_word' id='word_1_68' title='bbox 434 1724 571 1789; x_wconf 83' lang='lat' dir='ltr'>venient</span> <span class='ocrx_word' id='word_1_69' title='bbox 593 1722 626 1786; x_wconf 91' lang='lat' dir='ltr'>in</span> <span class='ocrx_word' id='word_1_70' title='bbox 651 1721 763 1787; x_wconf 92' lang='lat' dir='ltr'>locum</span> <span class='ocrx_word' id='word_1_71' title='bbox 794 1741 854 1788; x_wconf 91' lang='lat' dir='ltr'>seu</span> <span class='ocrx_word' id='word_1_72' title='bbox 885 1721 1007 1788; x_wconf 89' lang='lat' dir='ltr'>cellam</span> <span class='ocrx_word' id='word_1_73' title='bbox 1038 1724 1101 1788; x_wconf 87' lang='lat' dir='ltr'>iam</span> <span class='ocrx_word' id='word_1_74' title='bbox 1125 1721 1324 1808; x_wconf 84' lang='lat' dir='ltr'>dispositam:</span> <span class='ocrx_word' id='word_1_75' title='bbox 1359 1721 1403 1790; x_wconf 92' lang='lat' dir='ltr'>ibi</span> <span class='ocrx_word' id='word_1_76' title='bbox 1430 1720 1549 1790; x_wconf 86' lang='lat' dir='ltr'>clerici</span> <span class='ocrx_word' id='word_1_77' title='bbox 1582 1739 1669 1788; x_wconf 85' lang='lat' dir='ltr'>cum.</span> 
     </span>
     <span class='ocr_line' id='line_1_11' title="bbox 433 1827 1663 1914; baseline 0 -20"><span class='ocrx_word' id='word_1_78' title='bbox 433 1830 610 1895; x_wconf 84' lang='lat' dir='ltr'>intorticiis</span> <span class='ocrx_word' id='word_1_79' title='bbox 634 1830 668 1894; x_wconf 94' lang='lat' dir='ltr'>in</span> <span class='ocrx_word' id='word_1_80' title='bbox 690 1848 801 1912; x_wconf 86' lang='lat' dir='ltr'>genua</span> <span class='ocrx_word' id='word_1_81' title='bbox 823 1829 1051 1914; x_wconf 86' lang='lat' dir='ltr'>procumbant,</span> <span class='ocrx_word' id='word_1_82' title='bbox 1076 1836 1111 1896; x_wconf 91' lang='lat' dir='ltr'>et</span> <span class='ocrx_word' id='word_1_83' title='bbox 1133 1830 1223 1896; x_wconf 89' lang='lat' dir='ltr'>alter</span> <span class='ocrx_word' id='word_1_84' title='bbox 1253 1827 1389 1902; x_wconf 83' lang='lat' dir='ltr'>claudet</span> <span class='ocrx_word' id='word_1_85' title='bbox 1422 1827 1663 1904; x_wconf 84' lang='lat' dir='ltr'>umbraculum</span> 
     </span>
     <span class='ocr_line' id='line_1_12' title="bbox 432 1935 1711 2020; baseline -0.002 -18"><span class='ocrx_word' id='word_1_86' title='bbox 432 1942 467 2002; x_wconf 92' lang='lat' dir='ltr'>et</span> <span class='ocrx_word' id='word_1_87' title='bbox 491 1937 659 2020; x_wconf 86' lang='lat' dir='ltr'>relinquet</span> <span class='ocrx_word' id='word_1_88' title='bbox 682 1937 830 2000; x_wconf 82' lang='lat' dir='ltr'>seorsim:</span> <span class='ocrx_word' id='word_1_89' title='bbox 854 1935 1000 2004; x_wconf 86' lang='lat' dir='ltr'>Sacrista</span> <span class='ocrx_word' id='word_1_90' title='bbox 1026 1937 1126 2006; x_wconf 88' lang='lat' dir='ltr'>tollet</span> <span class='ocrx_word' id='word_1_91' title='bbox 1148 1937 1289 2006; x_wconf 85' lang='lat' dir='ltr'>dextera</span> <span class='ocrx_word' id='word_1_92' title='bbox 1312 1935 1561 2010; x_wconf 79' lang='lat' dir='ltr'>extremitatem</span> <span class='ocrx_word' id='word_1_93' title='bbox 1591 1935 1664 2012; x_wconf 81' lang='lat' dir='ltr'>veli</span> <span class='ocrx_word' id='word_1_94' title='bbox 1708 1940 1711 1946; x_wconf 87' lang='lat'>&#39;</span> 
     </span>
     <span class='ocr_line' id='line_1_13' title="bbox 433 2043 1662 2130; baseline 0 -18"><span class='ocrx_word' id='word_1_95' title='bbox 433 2047 576 2130; x_wconf 82' lang='lat' dir='ltr'>tegentis</span> <span class='ocrx_word' id='word_1_96' title='bbox 599 2067 625 2108; x_wconf 85' lang='lat' dir='ltr'>s.</span> <span class='ocrx_word' id='word_1_97' title='bbox 636 2044 812 2118; x_wconf 59' lang='lat' dir='ltr'>‘Pixidem</span> <span class='ocrx_word' id='word_1_98' title='bbox 836 2065 934 2130; x_wconf 92' lang='lat' dir='ltr'>quam</span> <span class='ocrx_word' id='word_1_99' title='bbox 958 2047 990 2110; x_wconf 93' lang='lat' dir='ltr'>in</span> <span class='ocrx_word' id='word_1_100' title='bbox 1015 2045 1234 2111; x_wconf 86' lang='lat' dir='ltr'>tabernaculo</span> <span class='ocrx_word' id='word_1_101' title='bbox 1257 2064 1357 2112; x_wconf 91' lang='lat' dir='ltr'>manu</span> <span class='ocrx_word' id='word_1_102' title='bbox 1372 2043 1488 2118; x_wconf 59' lang='lat' dir='ltr'>wem</span> <span class='ocrx_word' id='word_1_103' title='bbox 1504 2048 1662 2130; x_wconf 80' lang='lat' dir='ltr'>reponet:</span> 
     </span>
     <span class='ocr_line' id='line_1_14' title="bbox 433 2149 1665 2238; baseline 0.003 -20"><span class='ocrx_word' id='word_1_104' title='bbox 433 2159 502 2218; x_wconf 89' lang='lat' dir='ltr'>tum</span> <span class='ocrx_word' id='word_1_105' title='bbox 526 2150 741 2238; x_wconf 81' lang='lat' dir='ltr'>genuflectet,</span> <span class='ocrx_word' id='word_1_106' title='bbox 761 2152 901 2224; x_wconf 79' lang='lat' dir='ltr'>claudet</span> <span class='ocrx_word' id='word_1_107' title='bbox 924 2153 1124 2238; x_wconf 83' lang='lat' dir='ltr'>perticulam</span> <span class='ocrx_word' id='word_1_108' title='bbox 1146 2152 1357 2222; x_wconf 79' lang='lat' dir='ltr'>tabernaculi</span> <span class='ocrx_word' id='word_1_109' title='bbox 1380 2171 1420 2220; x_wconf 89' lang='lat' dir='ltr'>eo</span> <span class='ocrx_word' id='word_1_110' title='bbox 1447 2149 1549 2218; x_wconf 87' lang='lat' dir='ltr'>tollet</span> <span class='ocrx_word' id='word_1_111' title='bbox 1586 2149 1665 2222; x_wconf 68' lang='lat' dir='ltr'>clar</span> 
     </span>
     <span class='ocr_line' id='line_1_15' title="bbox 431 2257 1667 2345; baseline 0.001 -20"><span class='ocrx_word' id='word_1_112' title='bbox 431 2260 585 2325; x_wconf 85' lang='lat' dir='ltr'>viculam:</span> <span class='ocrx_word' id='word_1_113' title='bbox 610 2260 754 2345; x_wconf 88' lang='lat' dir='ltr'>deponet</span> <span class='ocrx_word' id='word_1_114' title='bbox 777 2259 890 2324; x_wconf 86' lang='lat' dir='ltr'>uelum</span> <span class='ocrx_word' id='word_1_115' title='bbox 913 2260 1096 2340; x_wconf 77' lang='lat' dir='ltr'>humerale,</span> <span class='ocrx_word' id='word_1_116' title='bbox 1122 2259 1208 2344; x_wconf 92' lang='lat' dir='ltr'>quod</span> <span class='ocrx_word' id='word_1_117' title='bbox 1233 2259 1277 2325; x_wconf 89' lang='lat' dir='ltr'>ibi</span> <span class='ocrx_word' id='word_1_118' title='bbox 1300 2279 1375 2324; x_wconf 93' lang='lat' dir='ltr'>cum</span> <span class='ocrx_word' id='word_1_119' title='bbox 1401 2257 1602 2336; x_wconf 63' lang='lat' dir='ltr'>demeacula</span> <span class='ocrx_word' id='word_1_120' title='bbox 1629 2263 1667 2326; x_wconf 84' lang='lat' dir='ltr'>at</span> 
     </span>
     <span class='ocr_line' id='line_1_16' title="bbox 430 2363 1614 2462; baseline -0.002 -28"><span class='ocrx_word' id='word_1_121' title='bbox 430 2369 606 2434; x_wconf 87' lang='lat' dir='ltr'>intorticiis</span> <span class='ocrx_word' id='word_1_122' title='bbox 629 2368 788 2435; x_wconf 83' lang='lat' dir='ltr'>extinctis</span> <span class='ocrx_word' id='word_1_123' title='bbox 810 2368 935 2453; x_wconf 90' lang='lat' dir='ltr'>poterit</span> <span class='ocrx_word' id='word_1_124' title='bbox 957 2367 1112 2451; x_wconf 84' lang='lat' dir='ltr'>relinqui.</span> <span class='ocrx_word' id='word_1_125' title='bbox 1137 2374 1171 2434; x_wconf 88' lang='lat' dir='ltr'>et</span> <span class='ocrx_word' id='word_1_126' title='bbox 1194 2368 1419 2452; x_wconf 88' lang='lat' dir='ltr'>unusquisque</span> <span class='ocrx_word' id='word_1_127' title='bbox 1450 2363 1614 2462; x_wconf 60' lang='lat' dir='ltr'>decedet.</span> 
     </span>
    </p>

    <p class='ocr_par' dir='ltr' id='par_1_6' title="bbox 431 2471 1666 2669">
     <span class='ocr_line' id='line_1_17' title="bbox 519 2471 1666 2560; baseline -0.001 -19"><span class='ocrx_word' id='word_1_128' title='bbox 519 2475 574 2542; x_wconf 95' lang='grc'>66</span> <span class='ocrx_word' id='word_1_129' title='bbox 598 2474 766 2541; x_wconf 89' lang='lat' dir='ltr'>Sacristae</span> <span class='ocrx_word' id='word_1_130' title='bbox 791 2473 933 2541; x_wconf 88' lang='lat' dir='ltr'>officium</span> <span class='ocrx_word' id='word_1_131' title='bbox 957 2476 1023 2541; x_wconf 86' lang='lat' dir='ltr'>erit</span> <span class='ocrx_word' id='word_1_132' title='bbox 1046 2481 1175 2560; x_wconf 89' lang='lat' dir='ltr'>portam</span> <span class='ocrx_word' id='word_1_133' title='bbox 1209 2474 1368 2544; x_wconf 87' lang='lat' dir='ltr'>claudere</span> <span class='ocrx_word' id='word_1_134' title='bbox 1399 2472 1499 2538; x_wconf 88' lang='lat' dir='ltr'>huius</span> <span class='ocrx_word' id='word_1_135' title='bbox 1535 2471 1666 2554; x_wconf 74' lang='lat' dir='ltr'>cellae,</span> 
     </span>
     <span class='ocr_line' id='line_1_18' title="bbox 431 2579 1666 2669; baseline -0.004 -20"><span class='ocrx_word' id='word_1_136' title='bbox 431 2587 465 2649; x_wconf 94' lang='lat' dir='ltr'>in</span> <span class='ocrx_word' id='word_1_137' title='bbox 490 2603 555 2669; x_wconf 92' lang='lat' dir='ltr'>qua</span> <span class='ocrx_word' id='word_1_138' title='bbox 578 2590 654 2650; x_wconf 90' lang='lat' dir='ltr'>cust</span> <span class='ocrx_word' id='word_1_139' title='bbox 640 2583 789 2649; x_wconf 87' lang='lat' dir='ltr'>todietur</span> <span class='ocrx_word' id='word_1_140' title='bbox 812 2581 869 2648; x_wconf 89' lang='lat' dir='ltr'>SS.</span> <span class='ocrx_word' id='word_1_141' title='bbox 895 2579 1156 2660; x_wconf 85' lang='lat' dir='ltr'>Sacramentum,</span> <span class='ocrx_word' id='word_1_142' title='bbox 1182 2583 1296 2649; x_wconf 89' lang='lat' dir='ltr'>iubere</span> <span class='ocrx_word' id='word_1_143' title='bbox 1319 2579 1456 2648; x_wconf 85' lang='lat' dir='ltr'>accendi</span> <span class='ocrx_word' id='word_1_144' title='bbox 1486 2579 1666 2668; x_wconf 72' lang='lat' dir='ltr'>lampadas</span> 
     </span>
    </p>

    <p class='ocr_par' dir='ltr' id='par_1_7' title="bbox 433 2691 1014 2776">
     <span class='ocr_line' id='line_1_19' title="bbox 433 2691 1014 2776; baseline -0.006 -17.675"><span class='ocrx_word' id='word_1_145' title='bbox 433 2691 647 2758; x_wconf 89' lang='lat' dir='ltr'>etcandelas</span> <span class='ocrx_word' id='word_1_146' title='bbox 671 2711 830 2758; x_wconf 81' lang='lat' dir='ltr'>accensas</span> <span class='ocrx_word' id='word_1_147' title='bbox 853 2692 1014 2776; x_wconf 82' lang='lat' dir='ltr'>extingui.</span> 
     </span>
    </p>

    <p class='ocr_par' dir='ltr' id='par_1_8' title="bbox 432 2797 1668 3317">
     <span class='ocr_line' id='line_1_20' title="bbox 519 2797 1668 2884; baseline -0.002 -18"><span class='ocrx_word' id='word_1_148' title='bbox 519 2800 574 2866; x_wconf 85' lang='lat'>67.</span> <span class='ocrx_word' id='word_1_149' title='bbox 599 2797 710 2874; x_wconf 89' lang='lat' dir='ltr'>Quum</span> <span class='ocrx_word' id='word_1_150' title='bbox 735 2797 988 2866; x_wconf 88' lang='lat' dir='ltr'>Sacramentum</span> <span class='ocrx_word' id='word_1_151' title='bbox 1018 2819 1063 2866; x_wconf 83' lang='lat' dir='ltr'>ex</span> <span class='ocrx_word' id='word_1_152' title='bbox 1096 2799 1260 2874; x_wconf 83' lang='lat' dir='ltr'>Alteri,</span> <span class='ocrx_word' id='word_1_153' title='bbox 1253 2817 1287 2863; x_wconf 91' lang='lat' dir='ltr'>m</span> <span class='ocrx_word' id='word_1_154' title='bbox 1318 2817 1385 2884; x_wconf 93' lang='lat' dir='ltr'>quo</span> <span class='ocrx_word' id='word_1_155' title='bbox 1408 2797 1668 2878; x_wconf 80' lang='lat' dir='ltr'>asservabatur,</span> 
     </span>
     <span class='ocr_line' id='line_1_21' title="bbox 432 2903 1665 2991; baseline -0.003 -17"><span class='ocrx_word' id='word_1_156' title='bbox 432 2911 578 2974; x_wconf 89' lang='lat' dir='ltr'>amotum</span> <span class='ocrx_word' id='word_1_157' title='bbox 602 2907 677 2984; x_wconf 89' lang='lat' dir='ltr'>erit,</span> <span class='ocrx_word' id='word_1_158' title='bbox 704 2927 790 2972; x_wconf 86' lang='lat' dir='ltr'>unua</span> <span class='ocrx_word' id='word_1_159' title='bbox 814 2927 832 2972; x_wconf 90' lang='lat' dir='ltr'>e</span> <span class='ocrx_word' id='word_1_160' title='bbox 856 2906 989 2974; x_wconf 88' lang='lat' dir='ltr'>clericis</span> <span class='ocrx_word' id='word_1_161' title='bbox 1013 2908 1191 2991; x_wconf 86' lang='lat' dir='ltr'>extinguet</span> <span class='ocrx_word' id='word_1_162' title='bbox 1223 2904 1392 2990; x_wconf 88' lang='lat' dir='ltr'>lampadas</span> <span class='ocrx_word' id='word_1_163' title='bbox 1422 2909 1457 2970; x_wconf 91' lang='lat' dir='ltr'>et</span> <span class='ocrx_word' id='word_1_164' title='bbox 1486 2903 1665 2986; x_wconf 57' lang='lat' dir='ltr'>candel..</span> 
     </span>
     <span class='ocr_line' id='line_1_22' title="bbox 431 3010 1666 3101; baseline 0.002 -21.025"><span class='ocrx_word' id='word_1_165' title='bbox 431 3015 533 3082; x_wconf 91' lang='lat' dir='ltr'>tollet</span> <span class='ocrx_word' id='word_1_166' title='bbox 556 3033 762 3101; x_wconf 90' lang='lat' dir='ltr'>conopoeum</span> <span class='ocrx_word' id='word_1_167' title='bbox 786 3021 821 3082; x_wconf 89' lang='lat' dir='ltr'>e</span> <span class='ocrx_word' id='word_1_168' title='bbox 843 3013 1029 3101; x_wconf 87' lang='lat' dir='ltr'>corporale,</span> <span class='ocrx_word' id='word_1_169' title='bbox 1054 3013 1094 3080; x_wconf 92' lang='lat' dir='ltr'>de</span> <span class='ocrx_word' id='word_1_170' title='bbox 1119 3010 1223 3080; x_wconf 91' lang='lat' dir='ltr'>medio</span> <span class='ocrx_word' id='word_1_171' title='bbox 1247 3011 1369 3087; x_wconf 79' lang='lat' dir='ltr'>Alteri,</span> <span class='ocrx_word' id='word_1_172' title='bbox 1393 3016 1428 3078; x_wconf 89' lang='lat' dir='ltr'>et</span> <span class='ocrx_word' id='word_1_173' title='bbox 1455 3011 1666 3082; x_wconf 82' lang='lat' dir='ltr'>claviculam</span> 
     </span>
     <span class='ocr_line' id='line_1_23' title="bbox 432 3118 1668 3208; baseline 0.004 -21.058"><span class='ocrx_word' id='word_1_174' title='bbox 432 3122 675 3189; x_wconf 86' lang='lat' dir='ltr'>tabernaculi</span> <span class='ocrx_word' id='word_1_175' title='bbox 666 3142 700 3188; x_wconf 92' lang='grc' dir='ltr'>ιιι</span> <span class='ocrx_word' id='word_1_176' title='bbox 727 3123 911 3190; x_wconf 88' lang='lat' dir='ltr'>sacrarium</span> <span class='ocrx_word' id='word_1_177' title='bbox 935 3121 1130 3208; x_wconf 88' lang='lat' dir='ltr'>reportabit.</span> <span class='ocrx_word' id='word_1_178' title='bbox 1156 3120 1251 3188; x_wconf 85' lang='lat' dir='ltr'>Tunc</span> <span class='ocrx_word' id='word_1_179' title='bbox 1274 3118 1484 3200; x_wconf 83' lang='lat' dir='ltr'>tabernaculi</span> <span class='ocrx_word' id='word_1_180' title='bbox 1506 3121 1668 3206; x_wconf 75' lang='lat' dir='ltr'>pertim-</span> 
     </span>
     <span class='ocr_line' id='line_1_24' title="bbox 434 3230 1037 3317; baseline 0.003 -23"><span class='ocrx_word' id='word_1_181' title='bbox 434 3230 501 3296; x_wconf 87' lang='lat' dir='ltr'>lam</span> <span class='ocrx_word' id='word_1_182' title='bbox 523 3231 640 3297; x_wconf 85' lang='lat' dir='ltr'>licebit</span> <span class='ocrx_word' id='word_1_183' title='bbox 662 3232 854 3316; x_wconf 90' lang='lat' dir='ltr'>relinquere</span> <span class='ocrx_word' id='word_1_184' title='bbox 877 3236 1037 3317; x_wconf 86' lang='lat' dir='ltr'>apertam.</span> 
     </span>
    </p>

    <p class='ocr_par' dir='ltr' id='par_1_9' title="bbox 435 3283 1670 4073">
     <span class='ocr_line' id='line_1_25' title="bbox 522 3283 1666 3426; baseline 0.003 -24"><span class='ocrx_word' id='word_1_185' title='bbox 522 3339 575 3402; x_wconf 91' lang='grc'>68.</span> <span class='ocrx_word' id='word_1_186' title='bbox 601 3338 717 3403; x_wconf 90' lang='lat' dir='ltr'>Dum</span> <span class='ocrx_word' id='word_1_187' title='bbox 710 3359 743 3404; x_wconf 93' lang='lat' dir='ltr'>m</span> <span class='ocrx_word' id='word_1_188' title='bbox 766 3339 869 3404; x_wconf 91' lang='lat' dir='ltr'>choro</span> <span class='ocrx_word' id='word_1_189' title='bbox 893 3337 1091 3403; x_wconf 87' lang='lat' dir='ltr'>recitabitur</span> <span class='ocrx_word' id='word_1_190' title='bbox 1126 3339 1307 3418; x_wconf 71' lang='lat' dir='ltr'>maerere,</span> <span class='ocrx_word' id='word_1_191' title='bbox 1339 3338 1454 3426; x_wconf 91' lang='lat' dir='ltr'>paullo</span> <span class='ocrx_word' id='word_1_192' title='bbox 1486 3341 1570 3404; x_wconf 85' lang='lat' dir='ltr'>ante</span> <span class='ocrx_word' id='word_1_193' title='bbox 1601 3283 1666 3410; x_wconf 80' lang='lat' dir='ltr'>aut</span> 
     </span>
     <span class='ocr_line' id='line_1_26' title="bbox 436 3444 1665 3534; baseline 0.002 -22"><span class='ocrx_word' id='word_1_194' title='bbox 436 3453 519 3534; x_wconf 84' lang='lat' dir='ltr'>post,</span> <span class='ocrx_word' id='word_1_195' title='bbox 495 3446 725 3514; x_wconf 87' lang='lat' dir='ltr'>tsecundum</span> <span class='ocrx_word' id='word_1_196' title='bbox 749 3446 882 3514; x_wconf 88' lang='lat' dir='ltr'>distant</span> <span class='ocrx_word' id='word_1_197' title='bbox 859 3453 939 3512; x_wconf 84' lang='lat' dir='ltr'>tram</span> <span class='ocrx_word' id='word_1_198' title='bbox 962 3447 1101 3512; x_wconf 86' lang='lat' dir='ltr'>sacrarii</span> <span class='ocrx_word' id='word_1_199' title='bbox 1124 3446 1164 3514; x_wconf 88' lang='lat' dir='ltr'>ab</span> <span class='ocrx_word' id='word_1_200' title='bbox 1188 3447 1299 3522; x_wconf 81' lang='lat' dir='ltr'>Alteri</span> <span class='ocrx_word' id='word_1_201' title='bbox 1323 3448 1456 3524; x_wconf 89' lang='lat' dir='ltr'>maiore,</span> <span class='ocrx_word' id='word_1_202' title='bbox 1474 3444 1665 3514; x_wconf 77' lang='lat' dir='ltr'>celebrans</span> 
     </span>
     <span class='ocr_line' id='line_1_27' title="bbox 435 3553 1666 3640; baseline 0 -20"><span class='ocrx_word' id='word_1_203' title='bbox 435 3575 514 3620; x_wconf 90' lang='lat' dir='ltr'>cum</span> <span class='ocrx_word' id='word_1_204' title='bbox 538 3553 682 3620; x_wconf 89' lang='lat' dir='ltr'>Minist</span> <span class='ocrx_word' id='word_1_205' title='bbox 638 3559 702 3624; x_wconf 81' lang='lat' dir='ltr'>trra</span> <span class='ocrx_word' id='word_1_206' title='bbox 723 3559 760 3620; x_wconf 88' lang='lat' dir='ltr'>et</span> <span class='ocrx_word' id='word_1_207' title='bbox 781 3553 1001 3640; x_wconf 84' lang='lat' dir='ltr'>Acolythie,&#39;</span> <span class='ocrx_word' id='word_1_208' title='bbox 993 3559 1155 3620; x_wconf 80' lang='lat' dir='ltr'>innuente</span> <span class='ocrx_word' id='word_1_209' title='bbox 1187 3553 1462 3632; x_wconf 86' lang='lat' dir='ltr'>Gaeremoniario,</span> <span class='ocrx_word' id='word_1_210' title='bbox 1493 3571 1666 3620; x_wconf 90' lang='lat' dir='ltr'>reveren·</span> 
     </span>
     <span class='ocr_line' id='line_1_28' title="bbox 438 3659 1670 3748; baseline 0.001 -21"><span class='ocrx_word' id='word_1_211' title='bbox 438 3663 518 3727; x_wconf 87' lang='lat' dir='ltr'>tiam</span> <span class='ocrx_word' id='word_1_212' title='bbox 543 3661 667 3728; x_wconf 80' lang='lat' dir='ltr'>lactent</span> <span class='ocrx_word' id='word_1_213' title='bbox 689 3659 731 3738; x_wconf 83' lang='lat' dir='ltr'>ad</span> <span class='ocrx_word' id='word_1_214' title='bbox 754 3661 895 3730; x_wconf 74' lang='lat' dir='ltr'>(trucem</span> <span class='ocrx_word' id='word_1_215' title='bbox 918 3661 973 3727; x_wconf 84' lang='lat' dir='ltr'>rel</span> <span class='ocrx_word' id='word_1_216' title='bbox 996 3660 1038 3727; x_wconf 92' lang='lat' dir='ltr'>ad</span> <span class='ocrx_word' id='word_1_217' title='bbox 1056 3662 1230 3748; x_wconf 78' lang='lat' dir='ltr'>imaginem</span> <span class='ocrx_word' id='word_1_218' title='bbox 1246 3663 1383 3728; x_wconf 87' lang='lat' dir='ltr'>sacrarii</span> <span class='ocrx_word' id='word_1_219' title='bbox 1399 3665 1433 3730; x_wconf 92' lang='lat' dir='ltr'>et</span> <span class='ocrx_word' id='word_1_220' title='bbox 1448 3659 1670 3748; x_wconf 69' lang='lat' dir='ltr'>proficiscen.</span> 
     </span>
     <span class='ocr_line' id='line_1_29' title="bbox 436 3768 1665 3855; baseline 0.002 -19"><span class='ocrx_word' id='word_1_221' title='bbox 436 3778 492 3836; x_wconf 90' lang='lat' dir='ltr'>tur</span> <span class='ocrx_word' id='word_1_222' title='bbox 515 3770 556 3836; x_wconf 92' lang='lat' dir='ltr'>ad</span> <span class='ocrx_word' id='word_1_223' title='bbox 581 3769 700 3837; x_wconf 79' lang='lat' dir='ltr'>Altare</span> <span class='ocrx_word' id='word_1_224' title='bbox 723 3772 927 3855; x_wconf 85' lang='lat' dir='ltr'>primarium,</span> <span class='ocrx_word' id='word_1_225' title='bbox 951 3775 989 3838; x_wconf 89' lang='lat' dir='ltr'>ut</span> <span class='ocrx_word' id='word_1_226' title='bbox 1011 3769 1180 3837; x_wconf 76' lang='lat' dir='ltr'>Altanum</span> <span class='ocrx_word' id='word_1_227' title='bbox 1203 3768 1433 3838; x_wconf 89' lang='lat' dir='ltr'>denudationis</span> <span class='ocrx_word' id='word_1_228' title='bbox 1457 3771 1590 3844; x_wconf 91' lang='lat' dir='ltr'>initium</span> <span class='ocrx_word' id='word_1_229' title='bbox 1618 3771 1665 3850; x_wconf 74' lang='lat' dir='ltr'>ab</span> 
     </span>
     <span class='ocr_line' id='line_1_30' title="bbox 436 3877 1664 3966; baseline 0.002 -21"><span class='ocrx_word' id='word_1_230' title='bbox 436 3900 475 3945; x_wconf 89' lang='lat' dir='ltr'>eo</span> <span class='ocrx_word' id='word_1_231' title='bbox 499 3878 633 3945; x_wconf 82' lang='lat' dir='ltr'>facient.</span> <span class='ocrx_word' id='word_1_232' title='bbox 658 3877 746 3944; x_wconf 90' lang='lat' dir='ltr'>Illuc</span> <span class='ocrx_word' id='word_1_233' title='bbox 768 3878 935 3946; x_wconf 88' lang='lat' dir='ltr'>curabunt</span> <span class='ocrx_word' id='word_1_234' title='bbox 957 3885 995 3946; x_wconf 90' lang='lat' dir='ltr'>ut</span> <span class='ocrx_word' id='word_1_235' title='bbox 1010 3879 1122 3948; x_wconf 84' lang='lat' dir='ltr'>adsint</span> <span class='ocrx_word' id='word_1_236' title='bbox 1136 3880 1246 3946; x_wconf 82' lang='lat' dir='ltr'>stetim</span> <span class='ocrx_word' id='word_1_237' title='bbox 1269 3898 1309 3946; x_wconf 89' lang='lat' dir='ltr'>ac</span> <span class='ocrx_word' id='word_1_238' title='bbox 1325 3879 1490 3966; x_wconf 88' lang='lat' dir='ltr'>completa</span> <span class='ocrx_word' id='word_1_239' title='bbox 1505 3879 1575 3946; x_wconf 89' lang='lat' dir='ltr'>erit</span> <span class='ocrx_word' id='word_1_240' title='bbox 1590 3879 1664 3962; x_wconf 74' lang='lat' dir='ltr'>Vs-</span> 
     </span>
     <span class='ocr_line' id='line_1_31' title="bbox 436 3987 750 4073; baseline -0.01 -21"><span class='ocrx_word' id='word_1_241' title='bbox 436 4006 609 4073; x_wconf 82' lang='lat' dir='ltr'>sperarum</span> <span class='ocrx_word' id='word_1_242' title='bbox 632 3987 750 4052; x_wconf 88' lang='lat' dir='ltr'>oratio.</span> 
     </span>
    </p>

    <p class='ocr_par' dir='ltr' id='par_1_10' title="bbox 437 4081 1665 4288">
     <span class='ocr_line' id='line_1_32' title="bbox 522 4081 1665 4180; baseline 0.003 -20"><span class='ocrx_word' id='word_1_243' title='bbox 522 4094 576 4160; x_wconf 88' lang='grc'>69.</span> <span class='ocrx_word' id='word_1_244' title='bbox 602 4092 810 4162; x_wconf 89' lang='lat' dir='ltr'>Praecedent</span> <span class='ocrx_word' id='word_1_245' title='bbox 832 4093 992 4180; x_wconf 76' lang='lat' dir='ltr'>Acolythi</span> <span class='ocrx_word' id='word_1_246' title='bbox 1015 4095 1116 4166; x_wconf 90' lang='lat' dir='ltr'>simul</span> <span class='ocrx_word' id='word_1_247' title='bbox 1132 4102 1166 4166; x_wconf 87' lang='lat' dir='ltr'>et</span> <span class='ocrx_word' id='word_1_248' title='bbox 1181 4095 1302 4166; x_wconf 87' lang='lat' dir='ltr'>iunctis</span> <span class='ocrx_word' id='word_1_249' title='bbox 1318 4093 1478 4172; x_wconf 80' lang='lat' dir='ltr'>menibus,</span> <span class='ocrx_word' id='word_1_250' title='bbox 1495 4081 1665 4180; x_wconf 83' lang='lat' dir='ltr'>sequetur</span> 
     </span>
     <span class='ocr_line' id='line_1_33' title="bbox 437 4200 1664 4288; baseline 0.002 -20"><span class='ocrx_word' id='word_1_251' title='bbox 437 4202 713 4278; x_wconf 65' lang='lat' dir='ltr'>Subdiaconuat</span> <span class='ocrx_word' id='word_1_252' title='bbox 700 4207 769 4266; x_wconf 88' lang='lat' dir='ltr'>tum</span> <span class='ocrx_word' id='word_1_253' title='bbox 794 4201 968 4279; x_wconf 85' lang='lat' dir='ltr'>Diaconua,</span> <span class='ocrx_word' id='word_1_254' title='bbox 986 4209 1151 4288; x_wconf 88' lang='lat' dir='ltr'>postremo</span> <span class='ocrx_word' id='word_1_255' title='bbox 1168 4200 1349 4270; x_wconf 75' lang='lat' dir='ltr'>celebrans</span> <span class='ocrx_word' id='word_1_256' title='bbox 1366 4202 1489 4270; x_wconf 83' lang='lat' dir='ltr'>iunctis</span> <span class='ocrx_word' id='word_1_257' title='bbox 1505 4201 1664 4270; x_wconf 86' lang='lat' dir='ltr'>manibus</span> 
     </span>
    </p>

    <p class='ocr_par' dir='ltr' id='par_1_11' title="bbox 438 4312 753 4397">
     <span class='ocr_line' id='line_1_34' title="bbox 438 4312 753 4397; baseline 0.004 -22.231"><span class='ocrx_word' id='word_1_258' title='bbox 438 4312 603 4397; x_wconf 86' lang='lat' dir='ltr'>etcapite</span> <span class='ocrx_word' id='word_1_259' title='bbox 627 4315 753 4397; x_wconf 84' lang='lat' dir='ltr'>operto.</span> 
     </span>
    </p>

    <p class='ocr_par' dir='ltr' id='par_1_12' title="bbox 438 4415 1664 4720">
     <span class='ocr_line' id='line_1_35' title="bbox 525 4415 1664 4505; baseline 0.001 -22"><span class='ocrx_word' id='word_1_260' title='bbox 525 4418 755 4486; x_wconf 85' lang='lat' dir='ltr'>70.1naditu</span> <span class='ocrx_word' id='word_1_261' title='bbox 778 4418 979 4505; x_wconf 85' lang='lat' dir='ltr'>presbyterii</span> <span class='ocrx_word' id='word_1_262' title='bbox 1004 4418 1129 4505; x_wconf 82' lang='lat' dir='ltr'>Acolyt</span> <span class='ocrx_word' id='word_1_263' title='bbox 1116 4418 1164 4484; x_wconf 86' lang='lat' dir='ltr'>thi</span> <span class='ocrx_word' id='word_1_264' title='bbox 1187 4389 1443 4484; x_wconf 91' lang='lat' dir='ltr'>dirimenturet</span> <span class='ocrx_word' id='word_1_265' title='bbox 1473 4415 1515 4488; x_wconf 82' lang='lat' dir='ltr'>ad</span> <span class='ocrx_word' id='word_1_266' title='bbox 1547 4415 1664 4484; x_wconf 81' lang='lat' dir='ltr'>latera</span> 
     </span>
     <span class='ocr_line' id='line_1_36' title="bbox 438 4524 1662 4611; baseline 0.006 -26"><span class='ocrx_word' id='word_1_267' title='bbox 438 4525 551 4593; x_wconf 76' lang='lat' dir='ltr'>llinist</span> <span class='ocrx_word' id='word_1_268' title='bbox 537 4534 667 4594; x_wconf 92' lang='lat' dir='ltr'>trorum</span> <span class='ocrx_word' id='word_1_269' title='bbox 691 4527 890 4602; x_wconf 74' lang='lat' dir='ltr'>transibunt</span> <span class='ocrx_word' id='word_1_270' title='bbox 916 4527 1029 4592; x_wconf 88' lang='lat' dir='ltr'>Minist</span> <span class='ocrx_word' id='word_1_271' title='bbox 1015 4529 1059 4592; x_wconf 90' lang='lat' dir='ltr'>tri</span> <span class='ocrx_word' id='word_1_272' title='bbox 1083 4531 1183 4611; x_wconf 91' lang='lat' dir='ltr'>caput</span> <span class='ocrx_word' id='word_1_273' title='bbox 1207 4525 1388 4602; x_wconf 79' lang='lat' dir='ltr'>nudabunt</span> <span class='ocrx_word' id='word_1_274' title='bbox 1414 4524 1557 4592; x_wconf 90' lang='lat' dir='ltr'>biretum</span> <span class='ocrx_word' id='word_1_275' title='bbox 1582 4529 1662 4592; x_wconf 84' lang='lat' dir='ltr'>tre-</span> 
     </span>
     <span class='ocr_line' id='line_1_37' title="bbox 439 4630 1660 4720; baseline 0.005 -25"><span class='ocrx_word' id='word_1_276' title='bbox 439 4630 518 4696; x_wconf 89' lang='lat' dir='ltr'>dcnt</span> <span class='ocrx_word' id='word_1_277' title='bbox 541 4633 805 4704; x_wconf 85' lang='lat' dir='ltr'>Gaeremoniario</span> <span class='ocrx_word' id='word_1_278' title='bbox 829 4642 863 4702; x_wconf 89' lang='lat' dir='ltr'>et</span> <span class='ocrx_word' id='word_1_279' title='bbox 886 4635 1027 4701; x_wconf 89' lang='lat' dir='ltr'>medium</span> <span class='ocrx_word' id='word_1_280' title='bbox 1050 4633 1214 4720; x_wconf 89' lang='lat' dir='ltr'>accipient</span> <span class='ocrx_word' id='word_1_281' title='bbox 1238 4632 1481 4709; x_wconf 76' lang='lat' dir='ltr'>Celebrant-em,</span> <span class='ocrx_word' id='word_1_282' title='bbox 1505 4633 1572 4718; x_wconf 92' lang='lat' dir='ltr'>qui,</span> <span class='ocrx_word' id='word_1_283' title='bbox 1598 4651 1660 4701; x_wconf 90' lang='lat' dir='ltr'>ca·</span> 
     </span>
    </p>
   </div>
   <div class='ocr_carea' id='block_1_5' title="bbox 0 0 2096 5717">
    <p class='ocr_par' dir='ltr' id='par_1_13' title="bbox 0 0 2096 5717">
     <span class='ocr_line' id='line_1_38' title="bbox 0 0 2096 5717; baseline 0 0"><span class='ocrx_word' id='word_1_284' title='bbox 0 0 2096 5717; x_wconf 95' lang='lat' dir='ltr'> </span> 
     </span>
    </p>
   </div>
  </div>
 </body>
</html>
