<?xml version="1.0" encoding="UTF-8"?>
<!DOCTYPE html PUBLIC "-//W3C//DTD XHTML 1.0 Transitional//EN"
    "http://www.w3.org/TR/xhtml1/DTD/xhtml1-transitional.dtd">
<html xmlns="http://www.w3.org/1999/xhtml" xml:lang="en" lang="en">
 <head>
  <title>
</title>
<meta http-equiv="Content-Type" content="text/html;charset=utf-8" />
  <meta name='ocr-system' content='tesseract 3.04.00' />
  <meta name='ocr-capabilities' content='ocr_page ocr_carea ocr_par ocr_line ocrx_word'/>
</head>
<body>
  <div class='ocr_page' id='page_1' title='image "./manualesacrarum00martgoog_0246.png"; bbox 0 0 4175 5717; ppageno 0'>
   <div class='ocr_carea' id='block_1_1' title="bbox 519 733 1094 800">
    <p class='ocr_par' dir='ltr' id='par_1_1' title="bbox 519 733 1094 800">
     <span class='ocr_line' id='line_1_1' title="bbox 519 733 1094 800; baseline -0.002 -2"><span class='ocrx_word' id='word_1_1' title='bbox 519 733 584 798; x_wconf 76' lang='lat'>224</span> <span class='ocrx_word' id='word_1_2' title='bbox 982 753 1049 800; x_wconf 84' lang='lat' dir='ltr'>niu.</span> <span class='ocrx_word' id='word_1_3' title='bbox 1072 755 1094 800; x_wconf 92' lang='lat'>1.</span> 
     </span>
    </p>
   </div>
   <div class='ocr_carea' id='block_1_2' title="bbox 429 857 1762 2128">
    <p class='ocr_par' dir='ltr' id='par_1_2' title="bbox 429 857 1762 1042">
     <span class='ocr_line' id='line_1_2' title="bbox 429 857 1652 947; baseline 0 -23"><span class='ocrx_word' id='word_1_4' title='bbox 429 857 549 936; x_wconf 86' lang='lat' dir='ltr'>albam,</span> <span class='ocrx_word' id='word_1_5' title='bbox 574 858 731 945; x_wconf 73' lang='lat' dir='ltr'>procedet</span> <span class='ocrx_word' id='word_1_6' title='bbox 746 858 787 925; x_wconf 87' lang='lat' dir='ltr'>ad</span> <span class='ocrx_word' id='word_1_7' title='bbox 803 859 932 936; x_wconf 82' lang='lat' dir='ltr'>Altare,</span> <span class='ocrx_word' id='word_1_8' title='bbox 949 879 1116 947; x_wconf 89' lang='lat' dir='ltr'>quumque</span> <span class='ocrx_word' id='word_1_9' title='bbox 1130 861 1164 926; x_wconf 88' lang='lat' dir='ltr'>in</span> <span class='ocrx_word' id='word_1_10' title='bbox 1180 861 1318 926; x_wconf 91' lang='lat' dir='ltr'>chorum</span> <span class='ocrx_word' id='word_1_11' title='bbox 1342 859 1482 936; x_wconf 85' lang='lat' dir='ltr'>venerit,</span> <span class='ocrx_word' id='word_1_12' title='bbox 1500 857 1652 936; x_wconf 83' lang='lat' dir='ltr'>Glernm,</span> 
     </span>
     <span class='ocr_line' id='line_1_3' title="bbox 430 966 1762 1042; baseline -0.003 -10"><span class='ocrx_word' id='word_1_13' title='bbox 430 967 459 1032; x_wconf 90' lang='lat' dir='ltr'>si</span> <span class='ocrx_word' id='word_1_14' title='bbox 480 968 544 1032; x_wconf 89' lang='lat' dir='ltr'>iam</span> <span class='ocrx_word' id='word_1_15' title='bbox 568 967 613 1031; x_wconf 92' lang='lat' dir='ltr'>ibi</span> <span class='ocrx_word' id='word_1_16' title='bbox 635 966 752 1042; x_wconf 84' lang='lat' dir='ltr'>aderit,</span> <span class='ocrx_word' id='word_1_17' title='bbox 776 968 995 1033; x_wconf 77' lang='lat' dir='ltr'>reverebitur.</span> <span class='ocrx_word' id='word_1_18' title='bbox 1760 1023 1762 1028; x_wconf 90' lang='lat'>.</span> 
     </span>
    </p>

    <p class='ocr_par' dir='ltr' id='par_1_3' title="bbox 430 1069 1656 1482">
     <span class='ocr_line' id='line_1_4' title="bbox 519 1069 1656 1160; baseline 0.001 -21"><span class='ocrx_word' id='word_1_19' title='bbox 519 1072 594 1139; x_wconf 88' lang='grc'><strong>361.</strong></span> <span class='ocrx_word' id='word_1_20' title='bbox 618 1073 707 1139; x_wconf 73' lang='lat' dir='ltr'>Ante</span> <span class='ocrx_word' id='word_1_21' title='bbox 739 1073 859 1140; x_wconf 74' lang='lat' dir='ltr'>Altero</span> <span class='ocrx_word' id='word_1_22' title='bbox 889 1091 1086 1160; x_wconf 84' lang='lat' dir='ltr'>progressus</span> <span class='ocrx_word' id='word_1_23' title='bbox 1120 1071 1324 1159; x_wconf 82' lang='lat' dir='ltr'>genuflectet</span> <span class='ocrx_word' id='word_1_24' title='bbox 1353 1071 1395 1140; x_wconf 82' lang='lat' dir='ltr'>ad</span> <span class='ocrx_word' id='word_1_25' title='bbox 1429 1071 1582 1150; x_wconf 83' lang='lat' dir='ltr'>Crucem,</span> <span class='ocrx_word' id='word_1_26' title='bbox 1606 1069 1656 1140; x_wconf 81' lang='lat' dir='ltr'>ad</span> 
     </span>
     <span class='ocr_line' id='line_1_5' title="bbox 430 1177 1654 1257; baseline -0.003 -9"><span class='ocrx_word' id='word_1_27' title='bbox 430 1180 549 1248; x_wconf 87' lang='lat' dir='ltr'>Altare</span> <span class='ocrx_word' id='word_1_28' title='bbox 571 1180 729 1246; x_wconf 78' lang='lat' dir='ltr'>ascendet</span> <span class='ocrx_word' id='word_1_29' title='bbox 751 1201 827 1246; x_wconf 91' lang='lat' dir='ltr'>cum</span> <span class='ocrx_word' id='word_1_30' title='bbox 850 1180 1062 1257; x_wconf 78' lang='lat' dir='ltr'>Celebrante,</span> <span class='ocrx_word' id='word_1_31' title='bbox 1078 1180 1196 1248; x_wconf 86' lang='lat' dir='ltr'>deinde</span> <span class='ocrx_word' id='word_1_32' title='bbox 1219 1201 1294 1246; x_wconf 92' lang='lat' dir='ltr'>cum</span> <span class='ocrx_word' id='word_1_33' title='bbox 1317 1200 1357 1248; x_wconf 91' lang='lat' dir='ltr'>eo</span> <span class='ocrx_word' id='word_1_34' title='bbox 1383 1179 1483 1246; x_wconf 79' lang='lat' dir='ltr'>vadet</span> <span class='ocrx_word' id='word_1_35' title='bbox 1498 1177 1540 1246; x_wconf 89' lang='lat' dir='ltr'>ad</span> <span class='ocrx_word' id='word_1_36' title='bbox 1560 1177 1654 1246; x_wconf 76' lang='lat' dir='ltr'>latus</span> 
     </span>
     <span class='ocr_line' id='line_1_6' title="bbox 430 1287 1656 1375; baseline -0.001 -20"><span class='ocrx_word' id='word_1_37' title='bbox 430 1289 600 1375; x_wconf 85' lang='lat' dir='ltr'>Epistolae</span> <span class='ocrx_word' id='word_1_38' title='bbox 624 1295 659 1355; x_wconf 90' lang='lat' dir='ltr'>et</span> <span class='ocrx_word' id='word_1_39' title='bbox 681 1293 846 1354; x_wconf 88' lang='lat' dir='ltr'>canentur</span> <span class='ocrx_word' id='word_1_40' title='bbox 868 1290 1072 1374; x_wconf 83' lang='lat' dir='ltr'>prophetiae.</span> <span class='ocrx_word' id='word_1_41' title='bbox 1091 1289 1255 1356; x_wconf 83' lang='lat' dir='ltr'>Advertet</span> <span class='ocrx_word' id='word_1_42' title='bbox 1272 1290 1336 1356; x_wconf 90' lang='lat' dir='ltr'>hac</span> <span class='ocrx_word' id='word_1_43' title='bbox 1358 1289 1412 1358; x_wconf 88' lang='lat' dir='ltr'>die</span> <span class='ocrx_word' id='word_1_44' title='bbox 1426 1287 1515 1374; x_wconf 91' lang='lat' dir='ltr'>quod</span> <span class='ocrx_word' id='word_1_45' title='bbox 1530 1305 1656 1356; x_wconf 69' lang='lat' dir='ltr'>canen</span> 
     </span>
     <span class='ocr_line' id='line_1_7' title="bbox 432 1396 1340 1482; baseline 0 -20"><span class='ocrx_word' id='word_1_46' title='bbox 432 1397 509 1462; x_wconf 86' lang='lat' dir='ltr'>dnm</span> <span class='ocrx_word' id='word_1_47' title='bbox 532 1415 598 1460; x_wconf 92' lang='lat' dir='ltr'>non</span> <span class='ocrx_word' id='word_1_48' title='bbox 623 1402 674 1462; x_wconf 86' lang='lat' dir='ltr'>est</span> <span class='ocrx_word' id='word_1_49' title='bbox 697 1396 898 1464; x_wconf 79' lang='lat' dir='ltr'>Flectamus</span> <span class='ocrx_word' id='word_1_50' title='bbox 917 1416 1038 1482; x_wconf 74' lang='lat' dir='ltr'>pertua</span> <span class='ocrx_word' id='word_1_51' title='bbox 1061 1403 1138 1463; x_wconf 88' lang='lat' dir='ltr'>ante</span> <span class='ocrx_word' id='word_1_52' title='bbox 1163 1400 1340 1466; x_wconf 85' lang='lat' dir='ltr'>orationes.</span> 
     </span>
    </p>

    <p class='ocr_par' dir='ltr' id='par_1_4' title="bbox 430 1501 1695 1892">
     <span class='ocr_line' id='line_1_8' title="bbox 518 1501 1657 1591; baseline -0.002 -21"><span class='ocrx_word' id='word_1_53' title='bbox 518 1503 594 1570; x_wconf 86' lang='lat'>362.</span> <span class='ocrx_word' id='word_1_54' title='bbox 619 1503 826 1569; x_wconf 90' lang='lat' dir='ltr'>Procedetur</span> <span class='ocrx_word' id='word_1_55' title='bbox 849 1502 967 1569; x_wconf 89' lang='lat' dir='ltr'>deinde</span> <span class='ocrx_word' id='word_1_56' title='bbox 989 1504 1031 1570; x_wconf 91' lang='lat' dir='ltr'>ad</span> <span class='ocrx_word' id='word_1_57' title='bbox 1054 1505 1180 1571; x_wconf 87' lang='lat' dir='ltr'>fontem</span> <span class='ocrx_word' id='word_1_58' title='bbox 1202 1505 1439 1591; x_wconf 89' lang='lat' dir='ltr'>baptismalem,</span> <span class='ocrx_word' id='word_1_59' title='bbox 1461 1511 1501 1572; x_wconf 90' lang='lat' dir='ltr'>ut</span> <span class='ocrx_word' id='word_1_60' title='bbox 1523 1506 1559 1570; x_wconf 94' lang='lat' dir='ltr'>in</span> <span class='ocrx_word' id='word_1_61' title='bbox 1581 1501 1657 1570; x_wconf 83' lang='lat' dir='ltr'>sab-</span> 
     </span>
     <span class='ocr_line' id='line_1_9' title="bbox 430 1609 1695 1698; baseline -0.003 -22"><span class='ocrx_word' id='word_1_62' title='bbox 430 1612 507 1676; x_wconf 90' lang='lat' dir='ltr'>bato</span> <span class='ocrx_word' id='word_1_63' title='bbox 530 1618 656 1688; x_wconf 84' lang='lat' dir='ltr'>sancto,</span> <span class='ocrx_word' id='word_1_64' title='bbox 669 1609 727 1676; x_wconf 90' lang='lat' dir='ltr'>flet</span> <span class='ocrx_word' id='word_1_65' title='bbox 742 1612 844 1697; x_wconf 86' lang='lat' dir='ltr'>ipsius</span> <span class='ocrx_word' id='word_1_66' title='bbox 859 1611 961 1677; x_wconf 83' lang='lat' dir='ltr'>fontis</span> <span class='ocrx_word' id='word_1_67' title='bbox 978 1610 1172 1689; x_wconf 86' lang='lat' dir='ltr'>benedictio,</span> <span class='ocrx_word' id='word_1_68' title='bbox 1185 1612 1429 1678; x_wconf 85' lang='lat' dir='ltr'>ministrabitur</span> <span class='ocrx_word' id='word_1_69' title='bbox 1441 1611 1654 1698; x_wconf 85' lang='lat' dir='ltr'>baptismum,</span> <span class='ocrx_word' id='word_1_70' title='bbox 1690 1657 1695 1672; x_wconf 90' lang='lat'>.</span> 
     </span>
     <span class='ocr_line' id='line_1_10' title="bbox 432 1717 1655 1806; baseline 0 -24"><span class='ocrx_word' id='word_1_71' title='bbox 432 1723 501 1783; x_wconf 90' lang='lat' dir='ltr'>tum</span> <span class='ocrx_word' id='word_1_72' title='bbox 520 1737 676 1784; x_wconf 86' lang='lat' dir='ltr'>reversus</span> <span class='ocrx_word' id='word_1_73' title='bbox 699 1718 740 1784; x_wconf 91' lang='lat' dir='ltr'>ad</span> <span class='ocrx_word' id='word_1_74' title='bbox 764 1717 883 1785; x_wconf 85' lang='lat' dir='ltr'>Altare</span> <span class='ocrx_word' id='word_1_75' title='bbox 899 1738 935 1783; x_wconf 91' lang='lat' dir='ltr'>se</span> <span class='ocrx_word' id='word_1_76' title='bbox 950 1725 1028 1783; x_wconf 86' lang='lat' dir='ltr'>ante</span> <span class='ocrx_word' id='word_1_77' title='bbox 1044 1721 1150 1805; x_wconf 88' lang='lat' dir='ltr'>ipsum</span> <span class='ocrx_word' id='word_1_78' title='bbox 1166 1724 1358 1806; x_wconf 87' lang='lat' dir='ltr'>prosternet</span> <span class='ocrx_word' id='word_1_79' title='bbox 1373 1718 1414 1785; x_wconf 89' lang='lat' dir='ltr'>ad</span> <span class='ocrx_word' id='word_1_80' title='bbox 1430 1719 1655 1786; x_wconf 83' lang='lat' dir='ltr'>Litaniarium</span> 
     </span>
     <span class='ocr_line' id='line_1_11' title="bbox 434 1817 1114 1892; baseline -0.003 0"><span class='ocrx_word' id='word_1_81' title='bbox 434 1832 578 1892; x_wconf 89' lang='lat' dir='ltr'>cantum.</span> <span class='ocrx_word' id='word_1_82' title='bbox 1098 1817 1114 1844; x_wconf 55' lang='lat'><strong>⁸</strong></span> 
     </span>
    </p>

    <p class='ocr_par' dir='ltr' id='par_1_5' title="bbox 433 1932 1658 2128">
     <span class='ocr_line' id='line_1_12' title="bbox 520 1932 1658 2021; baseline 0.003 -23"><span class='ocrx_word' id='word_1_83' title='bbox 520 1933 595 1999; x_wconf 88' lang='lat'>363.</span> <span class='ocrx_word' id='word_1_84' title='bbox 620 1933 658 1999; x_wconf 93' lang='lat' dir='ltr'>In</span> <span class='ocrx_word' id='word_1_85' title='bbox 681 1933 784 2000; x_wconf 87' lang='lat' dir='ltr'>Missa</span> <span class='ocrx_word' id='word_1_86' title='bbox 810 1934 959 2012; x_wconf 92' lang='lat' dir='ltr'>solemni,</span> <span class='ocrx_word' id='word_1_87' title='bbox 984 1932 1091 2017; x_wconf 88' lang='lat' dir='ltr'>quoad</span> <span class='ocrx_word' id='word_1_88' title='bbox 1118 1935 1220 2000; x_wconf 89' lang='lat' dir='ltr'>ritum</span> <span class='ocrx_word' id='word_1_89' title='bbox 1254 1953 1315 2021; x_wconf 89' lang='lat' dir='ltr'>pro</span> <span class='ocrx_word' id='word_1_90' title='bbox 1347 1933 1422 2000; x_wconf 85' lang='lat' dir='ltr'>altis</span> <span class='ocrx_word' id='word_1_91' title='bbox 1456 1933 1568 2000; x_wconf 87' lang='lat' dir='ltr'>Missis</span> <span class='ocrx_word' id='word_1_92' title='bbox 1596 1951 1658 2000; x_wconf 84' lang='lat' dir='ltr'>so-</span> 
     </span>
     <span class='ocr_line' id='line_1_13' title="bbox 433 2040 1439 2128; baseline 0.001 -24"><span class='ocrx_word' id='word_1_93' title='bbox 433 2040 597 2106; x_wconf 89' lang='lat' dir='ltr'>lemnibus</span> <span class='ocrx_word' id='word_1_94' title='bbox 620 2043 870 2128; x_wconf 89' lang='lat' dir='ltr'>praescriptum,</span> <span class='ocrx_word' id='word_1_95' title='bbox 895 2040 1029 2107; x_wconf 91' lang='lat' dir='ltr'>nullum</span> <span class='ocrx_word' id='word_1_96' title='bbox 1052 2040 1230 2110; x_wconf 89' lang='lat' dir='ltr'>intercedit</span> <span class='ocrx_word' id='word_1_97' title='bbox 1252 2040 1439 2110; x_wconf 88' lang='lat' dir='ltr'>discrimen.</span> 
     </span>
    </p>
   </div>
   <div class='ocr_carea' id='block_1_3' title="bbox 612 2256 1473 2342">
    <p class='ocr_par' dir='ltr' id='par_1_6' title="bbox 612 2256 1473 2342">
     <span class='ocr_line' id='line_1_14' title="bbox 612 2256 1473 2342; baseline 0.001 -21"><span class='ocrx_word' id='word_1_98' title='bbox 612 2259 644 2340; x_wconf 69' lang='lat'>5.</span> <span class='ocrx_word' id='word_1_99' title='bbox 672 2256 722 2323; x_wconf 89' lang='lat'>16.</span> <span class='ocrx_word' id='word_1_100' title='bbox 747 2257 791 2324; x_wconf 82' lang='lat' dir='ltr'>Ia</span> <span class='ocrx_word' id='word_1_101' title='bbox 812 2258 902 2342; x_wconf 76' lang='lat' dir='ltr'>fecto</span> <span class='ocrx_word' id='word_1_102' title='bbox 927 2256 1151 2325; x_wconf 77' lang='lat' dir='ltr'>Pentecostee</span> <span class='ocrx_word' id='word_1_103' title='bbox 1174 2257 1320 2342; x_wconf 74' lang='lat' dir='ltr'>eiusque</span> <span class='ocrx_word' id='word_1_104' title='bbox 1341 2262 1473 2324; x_wconf 82' lang='lat' dir='ltr'>actaeo.</span> 
     </span>
    </p>
   </div>
   <div class='ocr_carea' id='block_1_4' title="bbox 434 2467 1662 3096">
    <p class='ocr_par' dir='ltr' id='par_1_7' title="bbox 434 2467 1662 3096">
     <span class='ocr_line' id='line_1_15' title="bbox 522 2467 1660 2557; baseline -0.002 -21"><span class='ocrx_word' id='word_1_105' title='bbox 522 2470 598 2536; x_wconf 82' lang='grc'>364.</span> <span class='ocrx_word' id='word_1_106' title='bbox 622 2471 660 2536; x_wconf 93' lang='lat' dir='ltr'>ln</span> <span class='ocrx_word' id='word_1_107' title='bbox 683 2470 783 2536; x_wconf 92' lang='lat' dir='ltr'>huius</span> <span class='ocrx_word' id='word_1_108' title='bbox 804 2470 868 2536; x_wconf 90' lang='lat' dir='ltr'>diei</span> <span class='ocrx_word' id='word_1_109' title='bbox 902 2469 1044 2536; x_wconf 89' lang='lat' dir='ltr'>solemni</span> <span class='ocrx_word' id='word_1_110' title='bbox 1075 2469 1188 2546; x_wconf 89' lang='lat' dir='ltr'>Sacro,</span> <span class='ocrx_word' id='word_1_111' title='bbox 1223 2475 1396 2557; x_wconf 88' lang='lat' dir='ltr'>postquam</span> <span class='ocrx_word' id='word_1_112' title='bbox 1426 2467 1660 2536; x_wconf 82' lang='lat' dir='ltr'>Subdinconns</span> 
     </span>
     <span class='ocr_line' id='line_1_16' title="bbox 435 2575 1661 2662; baseline -0.002 -17"><span class='ocrx_word' id='word_1_113' title='bbox 435 2578 644 2645; x_wconf 81' lang='lat' dir='ltr'>Celebrantis</span> <span class='ocrx_word' id='word_1_114' title='bbox 668 2597 801 2643; x_wconf 88' lang='lat' dir='ltr'>manum</span> <span class='ocrx_word' id='word_1_115' title='bbox 825 2577 1038 2644; x_wconf 88' lang='lat' dir='ltr'>deosculatus</span> <span class='ocrx_word' id='word_1_116' title='bbox 1062 2577 1333 2653; x_wconf 89' lang='lat' dir='ltr'>erit‚·Diaconus</span> <span class='ocrx_word' id='word_1_117' title='bbox 1356 2576 1457 2644; x_wconf 83' lang='lat' dir='ltr'>vadet</span> <span class='ocrx_word' id='word_1_118' title='bbox 1484 2575 1528 2644; x_wconf 84' lang='lat' dir='ltr'>ad</span> <span class='ocrx_word' id='word_1_119' title='bbox 1557 2575 1661 2662; x_wconf 77' lang='lat' dir='ltr'>ipsius</span> 
     </span>
     <span class='ocr_line' id='line_1_17' title="bbox 434 2685 1660 2772; baseline -0.001 -19"><span class='ocrx_word' id='word_1_120' title='bbox 434 2687 643 2753; x_wconf 77' lang='lat' dir='ltr'>Celebrantis</span> <span class='ocrx_word' id='word_1_121' title='bbox 666 2685 849 2762; x_wconf 83' lang='lat' dir='ltr'>dexteram,</span> <span class='ocrx_word' id='word_1_122' title='bbox 874 2693 1008 2754; x_wconf 92' lang='lat' dir='ltr'>etcum</span> <span class='ocrx_word' id='word_1_123' title='bbox 1032 2708 1071 2752; x_wconf 87' lang='lat' dir='ltr'>eo</span> <span class='ocrx_word' id='word_1_124' title='bbox 1094 2687 1300 2772; x_wconf 84' lang='lat' dir='ltr'>geniculabit</span> <span class='ocrx_word' id='word_1_125' title='bbox 1333 2687 1367 2752; x_wconf 91' lang='lat' dir='ltr'>in</span> <span class='ocrx_word' id='word_1_126' title='bbox 1391 2690 1545 2752; x_wconf 72' lang='lat' dir='ltr'>exuemo</span> <span class='ocrx_word' id='word_1_127' title='bbox 1575 2705 1660 2772; x_wconf 92' lang='lat' dir='ltr'>sup-</span> 
     </span>
     <span class='ocr_line' id='line_1_18' title="bbox 435 2793 1662 2880; baseline 0.001 -21"><span class='ocrx_word' id='word_1_128' title='bbox 435 2794 581 2880; x_wconf 86' lang='lat' dir='ltr'>pedaneo</span> <span class='ocrx_word' id='word_1_129' title='bbox 606 2794 683 2862; x_wconf 90' lang='lat' dir='ltr'>dum</span> <span class='ocrx_word' id='word_1_130' title='bbox 706 2801 848 2860; x_wconf 89' lang='lat' dir='ltr'>canetur</span> <span class='ocrx_word' id='word_1_131' title='bbox 870 2800 902 2869; x_wconf 73' lang='lat' dir='ltr'>t.</span> <span class='ocrx_word' id='word_1_132' title='bbox 934 2795 1020 2862; x_wconf 77' lang='lat' dir='ltr'>Veni</span> <span class='ocrx_word' id='word_1_133' title='bbox 1042 2793 1170 2862; x_wconf 77' lang='lat' dir='ltr'>Sancte</span> <span class='ocrx_word' id='word_1_134' title='bbox 1193 2793 1358 2878; x_wconf 74' lang='lat' dir='ltr'>Spiritus,</span> <span class='ocrx_word' id='word_1_135' title='bbox 1382 2795 1480 2878; x_wconf 84' lang='lat' dir='ltr'>reple</span> <span class='ocrx_word' id='word_1_136' title='bbox 1495 2797 1559 2860; x_wconf 86' lang='lat' dir='ltr'>etc.</span> <span class='ocrx_word' id='word_1_137' title='bbox 1576 2793 1662 2860; x_wconf 80' lang='lat' dir='ltr'>Post</span> 
     </span>
     <span class='ocr_line' id='line_1_19' title="bbox 434 2899 1662 2986; baseline -0.001 -19"><span class='ocrx_word' id='word_1_138' title='bbox 434 2907 605 2967; x_wconf 89' lang='lat' dir='ltr'>cantatum</span> <span class='ocrx_word' id='word_1_139' title='bbox 629 2902 719 2968; x_wconf 89' lang='lat' dir='ltr'>hunc</span> <span class='ocrx_word' id='word_1_140' title='bbox 741 2921 877 2967; x_wconf 82' lang='lat' dir='ltr'>versum</span> <span class='ocrx_word' id='word_1_141' title='bbox 899 2906 1068 2986; x_wconf 87' lang='lat' dir='ltr'>assurget,</span> <span class='ocrx_word' id='word_1_142' title='bbox 1093 2900 1214 2968; x_wconf 86' lang='lat' dir='ltr'>redibit</span> <span class='ocrx_word' id='word_1_143' title='bbox 1237 2900 1278 2966; x_wconf 89' lang='lat' dir='ltr'>ad</span> <span class='ocrx_word' id='word_1_144' title='bbox 1300 2900 1411 2966; x_wconf 92' lang='lat' dir='ltr'>locum</span> <span class='ocrx_word' id='word_1_145' title='bbox 1425 2919 1532 2978; x_wconf 90' lang='lat' dir='ltr'>suum,</span> <span class='ocrx_word' id='word_1_146' title='bbox 1549 2899 1662 2966; x_wconf 84' lang='lat' dir='ltr'>Evan-</span> 
     </span>
     <span class='ocr_line' id='line_1_20' title="bbox 434 3005 1660 3096; baseline -0.001 -21"><span class='ocrx_word' id='word_1_147' title='bbox 434 3010 611 3096; x_wconf 84' lang='lat' dir='ltr'>geliarium</span> <span class='ocrx_word' id='word_1_148' title='bbox 634 3015 743 3076; x_wconf 89' lang='lat' dir='ltr'>sumet</span> <span class='ocrx_word' id='word_1_149' title='bbox 765 3015 801 3076; x_wconf 91' lang='lat' dir='ltr'>et</span> <span class='ocrx_word' id='word_1_150' title='bbox 823 3011 856 3074; x_wconf 89' lang='lat' dir='ltr'>in</span> <span class='ocrx_word' id='word_1_151' title='bbox 882 3010 984 3076; x_wconf 90' lang='lat' dir='ltr'>Missa</span> <span class='ocrx_word' id='word_1_152' title='bbox 1006 3010 1074 3074; x_wconf 89' lang='lat' dir='ltr'>ritu</span> <span class='ocrx_word' id='word_1_153' title='bbox 1092 3010 1215 3074; x_wconf 87' lang='lat' dir='ltr'>usitato</span> <span class='ocrx_word' id='word_1_154' title='bbox 1230 3009 1426 3074; x_wconf 89' lang='lat' dir='ltr'>ministrare</span> <span class='ocrx_word' id='word_1_155' title='bbox 1440 3005 1660 3074; x_wconf 70' lang='lat' dir='ltr'>continuabit.</span> 
     </span>
    </p>
   </div>
   <div class='ocr_carea' id='block_1_5' title="bbox 608 3222 1535 3401">
    <p class='ocr_par' dir='ltr' id='par_1_8' title="bbox 608 3222 1535 3401">
     <span class='ocr_line' id='line_1_21' title="bbox 608 3222 1535 3322; baseline -0.001 -33"><span class='ocrx_word' id='word_1_156' title='bbox 608 3229 640 3310; x_wconf 63' lang='grc' dir='ltr'>ς.</span> <span class='ocrx_word' id='word_1_157' title='bbox 670 3227 719 3289; x_wconf 88' lang='grc'>17.</span> <span class='ocrx_word' id='word_1_158' title='bbox 743 3226 788 3292; x_wconf 82' lang='lat' dir='ltr'>In</span> <span class='ocrx_word' id='word_1_159' title='bbox 807 3225 1038 3308; x_wconf 80' lang='lat' dir='ltr'>processione</span> <span class='ocrx_word' id='word_1_160' title='bbox 1062 3222 1122 3290; x_wconf 92' lang='grc'>88.</span> <span class='ocrx_word' id='word_1_161' title='bbox 1149 3224 1316 3307; x_wconf 75' lang='lat' dir='ltr'>Corporis</span> <span class='ocrx_word' id='word_1_162' title='bbox 1346 3223 1479 3290; x_wconf 81' lang='lat' dir='ltr'>Christi</span> <span class='ocrx_word' id='word_1_163' title='bbox 1529 3309 1535 3322; x_wconf 37' lang='grc' dir='ltr'>Ι</span> 
     </span>
     <span class='ocr_line' id='line_1_22' title="bbox 723 3330 1369 3401; baseline -0.006 -1"><span class='ocrx_word' id='word_1_164' title='bbox 723 3339 757 3401; x_wconf 86' lang='lat' dir='ltr'>et</span> <span class='ocrx_word' id='word_1_165' title='bbox 778 3334 817 3400; x_wconf 80' lang='lat' dir='ltr'>ta</span> <span class='ocrx_word' id='word_1_166' title='bbox 839 3333 919 3400; x_wconf 81' lang='lat' dir='ltr'>otiis</span> <span class='ocrx_word' id='word_1_167' title='bbox 942 3353 1024 3399; x_wconf 84' lang='lat' dir='ltr'>cam</span> <span class='ocrx_word' id='word_1_168' title='bbox 1047 3330 1107 3398; x_wconf 91' lang='grc'>88.</span> <span class='ocrx_word' id='word_1_169' title='bbox 1131 3330 1369 3399; x_wconf 69' lang='lat' dir='ltr'>Sacramenta.</span> 
     </span>
    </p>
   </div>
   <div class='ocr_carea' id='block_1_6' title="bbox 437 3543 1743 4601">
    <p class='ocr_par' dir='ltr' id='par_1_9' title="bbox 437 3543 1665 3937">
     <span class='ocr_line' id='line_1_23' title="bbox 525 3543 1662 3632; baseline 0 -20"><span class='ocrx_word' id='word_1_170' title='bbox 525 3547 600 3613; x_wconf 82' lang='lat'>365.</span> <span class='ocrx_word' id='word_1_171' title='bbox 625 3549 806 3632; x_wconf 90' lang='lat' dir='ltr'>Postquam</span> <span class='ocrx_word' id='word_1_172' title='bbox 831 3547 1012 3613; x_wconf 82' lang='lat' dir='ltr'>Celebrans</span> <span class='ocrx_word' id='word_1_173' title='bbox 1037 3547 1182 3613; x_wconf 83' lang='lat' dir='ltr'>Calicem</span> <span class='ocrx_word' id='word_1_174' title='bbox 1207 3547 1395 3632; x_wconf 86' lang='lat' dir='ltr'>sumpserit,</span> <span class='ocrx_word' id='word_1_175' title='bbox 1419 3549 1454 3612; x_wconf 90' lang='lat' dir='ltr'>et</span> <span class='ocrx_word' id='word_1_176' title='bbox 1476 3543 1662 3612; x_wconf 84' lang='lat' dir='ltr'>Subdiaco-</span> 
     </span>
     <span class='ocr_line' id='line_1_24' title="bbox 437 3649 1663 3741; baseline -0.002 -20"><span class='ocrx_word' id='word_1_177' title='bbox 437 3676 499 3721; x_wconf 86' lang='lat' dir='ltr'>nus</span> <span class='ocrx_word' id='word_1_178' title='bbox 524 3654 616 3741; x_wconf 87' lang='lat' dir='ltr'>palla</span> <span class='ocrx_word' id='word_1_179' title='bbox 638 3654 791 3720; x_wconf 88' lang='lat' dir='ltr'>eumdem</span> <span class='ocrx_word' id='word_1_180' title='bbox 813 3656 1013 3730; x_wconf 85' lang='lat' dir='ltr'>contexerit,</span> <span class='ocrx_word' id='word_1_181' title='bbox 1038 3655 1213 3731; x_wconf 88' lang='lat' dir='ltr'>Diaconus‚</span> <span class='ocrx_word' id='word_1_182' title='bbox 1238 3650 1471 3739; x_wconf 81' lang='lat' dir='ltr'>genuflexione</span> <span class='ocrx_word' id='word_1_183' title='bbox 1494 3653 1595 3730; x_wconf 82' lang='lat' dir='ltr'>lacta,</span> <span class='ocrx_word' id='word_1_184' title='bbox 1619 3649 1663 3718; x_wconf 89' lang='lat' dir='ltr'>ad</span> 
     </span>
     <span class='ocr_line' id='line_1_25' title="bbox 439 3757 1665 3848; baseline -0.002 -19"><span class='ocrx_word' id='word_1_185' title='bbox 439 3762 648 3829; x_wconf 81' lang='lat' dir='ltr'>Celebrantis</span> <span class='ocrx_word' id='word_1_186' title='bbox 671 3760 844 3827; x_wconf 84' lang='lat' dir='ltr'>dexteram</span> <span class='ocrx_word' id='word_1_187' title='bbox 867 3762 1034 3839; x_wconf 86' lang='lat' dir='ltr'>transibit,</span> <span class='ocrx_word' id='word_1_188' title='bbox 1059 3781 1199 3846; x_wconf 92' lang='lat' dir='ltr'>cumque</span> <span class='ocrx_word' id='word_1_189' title='bbox 1223 3763 1293 3848; x_wconf 91' lang='lat' dir='ltr'>ipso</span> <span class='ocrx_word' id='word_1_190' title='bbox 1316 3757 1583 3847; x_wconf 83' lang='lat' dir='ltr'>genuflexionem</span> <span class='ocrx_word' id='word_1_191' title='bbox 1603 3759 1665 3826; x_wconf 87' lang='lat' dir='ltr'>ite·</span> 
     </span>
     <span class='ocr_line' id='line_1_26' title="bbox 439 3871 1595 3937; baseline -0.003 0"><span class='ocrx_word' id='word_1_192' title='bbox 439 3871 534 3937; x_wconf 86' lang='lat' dir='ltr'>rabit.</span> <span class='ocrx_word' id='word_1_193' title='bbox 1593 3919 1595 3924; x_wconf 87' lang='lat'>.</span> 
     </span>
    </p>

    <p class='ocr_par' dir='ltr' id='par_1_10' title="bbox 438 3953 1743 4601">
     <span class='ocr_line' id='line_1_27' title="bbox 525 3953 1743 4061; baseline -0.003 -17"><span class='ocrx_word' id='word_1_194' title='bbox 525 3979 601 4044; x_wconf 88' lang='lat'>366.</span> <span class='ocrx_word' id='word_1_195' title='bbox 627 3977 858 4044; x_wconf 87' lang='lat' dir='ltr'>Ostensorium</span> <span class='ocrx_word' id='word_1_196' title='bbox 882 3984 999 4053; x_wconf 88' lang='lat' dir='ltr'>sumet,</span> <span class='ocrx_word' id='word_1_197' title='bbox 1025 3976 1112 4061; x_wconf 91' lang='lat' dir='ltr'>quod</span> <span class='ocrx_word' id='word_1_198' title='bbox 1135 3995 1198 4041; x_wconf 91' lang='lat' dir='ltr'>nec</span> <span class='ocrx_word' id='word_1_199' title='bbox 1222 3975 1408 4052; x_wconf 89' lang='lat' dir='ltr'>demittens,</span> <span class='ocrx_word' id='word_1_200' title='bbox 1433 3993 1541 4059; x_wconf 91' lang='lat' dir='ltr'>neque</span> <span class='ocrx_word' id='word_1_201' title='bbox 1568 3973 1665 4040; x_wconf 90' lang='lat' dir='ltr'>incli·</span> <span class='ocrx_word' id='word_1_202' title='bbox 1736 3953 1743 3968; x_wconf 56' lang='lat'>⁸</span> 
     </span>
     <span class='ocr_line' id='line_1_28' title="bbox 439 4081 1666 4173; baseline -0.005 -19"><span class='ocrx_word' id='word_1_203' title='bbox 439 4109 522 4154; x_wconf 90' lang='lat' dir='ltr'>nans</span> <span class='ocrx_word' id='word_1_204' title='bbox 546 4091 647 4173; x_wconf 89' lang='lat' dir='ltr'>ponet</span> <span class='ocrx_word' id='word_1_205' title='bbox 670 4086 760 4150; x_wconf 89' lang='lat' dir='ltr'>intra</span> <span class='ocrx_word' id='word_1_206' title='bbox 781 4084 967 4169; x_wconf 77' lang='lat' dir='ltr'>corporale,</span> <span class='ocrx_word' id='word_1_207' title='bbox 990 4090 1026 4150; x_wconf 89' lang='lat' dir='ltr'>et</span> <span class='ocrx_word' id='word_1_208' title='bbox 1039 4083 1250 4170; x_wconf 75' lang='lat' dir='ltr'>crystallum</span> <span class='ocrx_word' id='word_1_209' title='bbox 1273 4083 1365 4149; x_wconf 89' lang='lat' dir='ltr'>illius</span> <span class='ocrx_word' id='word_1_210' title='bbox 1388 4083 1526 4169; x_wconf 89' lang='lat' dir='ltr'>aperiet.</span> <span class='ocrx_word' id='word_1_211' title='bbox 1557 4081 1666 4148; x_wconf 90' lang='lat' dir='ltr'>Dein-</span> 
     </span>
     <span class='ocr_line' id='line_1_29' title="bbox 439 4189 1664 4277; baseline -0.002 -18"><span class='ocrx_word' id='word_1_212' title='bbox 439 4195 479 4260; x_wconf 89' lang='lat' dir='ltr'>de</span> <span class='ocrx_word' id='word_1_213' title='bbox 503 4194 657 4260; x_wconf 90' lang='lat' dir='ltr'>lunulam</span> <span class='ocrx_word' id='word_1_214' title='bbox 681 4213 755 4258; x_wconf 88' lang='lat' dir='ltr'>cum</span> <span class='ocrx_word' id='word_1_215' title='bbox 780 4191 812 4258; x_wconf 92' lang='lat' dir='ltr'>S.</span> <span class='ocrx_word' id='word_1_216' title='bbox 837 4192 954 4256; x_wconf 86' lang='lat' dir='ltr'>Hostia</span> <span class='ocrx_word' id='word_1_217' title='bbox 976 4192 1149 4257; x_wconf 87' lang='lat' dir='ltr'>manubrio</span> <span class='ocrx_word' id='word_1_218' title='bbox 1181 4192 1320 4277; x_wconf 88' lang='lat' dir='ltr'>accipiet</span> <span class='ocrx_word' id='word_1_219' title='bbox 1343 4191 1433 4256; x_wconf 90' lang='lat' dir='ltr'>etin</span> <span class='ocrx_word' id='word_1_220' title='bbox 1465 4189 1664 4256; x_wconf 87' lang='lat' dir='ltr'>Ostenscrio</span> 
     </span>
     <span class='ocr_line' id='line_1_30' title="bbox 438 4297 1663 4387; baseline -0.002 -21"><span class='ocrx_word' id='word_1_221' title='bbox 438 4302 574 4386; x_wconf 78' lang='lat' dir='ltr'>aptabit,</span> <span class='ocrx_word' id='word_1_222' title='bbox 599 4299 801 4387; x_wconf 79' lang='lat' dir='ltr'>crystallum</span> <span class='ocrx_word' id='word_1_223' title='bbox 823 4298 959 4366; x_wconf 90' lang='lat' dir='ltr'>claudet</span> <span class='ocrx_word' id='word_1_224' title='bbox 980 4307 1015 4364; x_wconf 91' lang='lat' dir='ltr'>et</span> <span class='ocrx_word' id='word_1_225' title='bbox 1038 4298 1271 4365; x_wconf 89' lang='lat' dir='ltr'>Ostensorinm</span> <span class='ocrx_word' id='word_1_226' title='bbox 1298 4300 1332 4364; x_wconf 91' lang='lat' dir='ltr'>in</span> <span class='ocrx_word' id='word_1_227' title='bbox 1354 4297 1461 4365; x_wconf 91' lang='lat' dir='ltr'>medio</span> <span class='ocrx_word' id='word_1_228' title='bbox 1492 4297 1663 4384; x_wconf 84' lang='lat' dir='ltr'>corporali</span> 
     </span>
     <span class='ocr_line' id='line_1_31' title="bbox 439 4404 1665 4494; baseline 0.001 -23"><span class='ocrx_word' id='word_1_229' title='bbox 439 4409 593 4493; x_wconf 86' lang='lat' dir='ltr'>imponet,</span> <span class='ocrx_word' id='word_1_230' title='bbox 618 4413 713 4494; x_wconf 89' lang='lat' dir='ltr'>parte</span> <span class='ocrx_word' id='word_1_231' title='bbox 736 4408 807 4473; x_wconf 90' lang='lat' dir='ltr'>eius</span> <span class='ocrx_word' id='word_1_232' title='bbox 830 4407 992 4472; x_wconf 88' lang='lat' dir='ltr'>anteriori</span> <span class='ocrx_word' id='word_1_233' title='bbox 1014 4405 1057 4472; x_wconf 88' lang='lat' dir='ltr'>ad</span> <span class='ocrx_word' id='word_1_234' title='bbox 1081 4404 1312 4474; x_wconf 72' lang='lat' dir='ltr'>celebrantem</span> <span class='ocrx_word' id='word_1_235' title='bbox 1328 4425 1436 4472; x_wconf 89' lang='lat' dir='ltr'>versa.</span> <span class='ocrx_word' id='word_1_236' title='bbox 1465 4404 1606 4472; x_wconf 79' lang='lat' dir='ltr'>cavebit</span> <span class='ocrx_word' id='word_1_237' title='bbox 1620 4425 1665 4472; x_wconf 89' lang='lat' dir='ltr'>ne</span> 
     </span>
     <span class='ocr_line' id='line_1_32' title="bbox 441 4513 986 4601; baseline -0.006 -21"><span class='ocrx_word' id='word_1_238' title='bbox 441 4514 473 4580; x_wconf 93' lang='lat' dir='ltr'>S.</span> <span class='ocrx_word' id='word_1_239' title='bbox 497 4513 645 4580; x_wconf 89' lang='lat' dir='ltr'>Hostiam</span> <span class='ocrx_word' id='word_1_240' title='bbox 670 4515 781 4601; x_wconf 81' lang='lat' dir='ltr'>digitis</span> <span class='ocrx_word' id='word_1_241' title='bbox 802 4514 986 4599; x_wconf 83' lang='lat' dir='ltr'>contingat.</span> 
     </span>
    </p>
   </div>
   <div class='ocr_carea' id='block_1_7' title="bbox 529 4619 1666 4708">
    <p class='ocr_par' dir='ltr' id='par_1_11' title="bbox 529 4619 1666 4708">
     <span class='ocr_line' id='line_1_33' title="bbox 529 4619 1666 4708; baseline 0.004 -23"><span class='ocrx_word' id='word_1_242' title='bbox 529 4623 605 4686; x_wconf 86' lang='lat'>367.</span> <span class='ocrx_word' id='word_1_243' title='bbox 630 4623 825 4690; x_wconf 87' lang='lat' dir='ltr'>Ostensorio</span> <span class='ocrx_word' id='word_1_244' title='bbox 848 4622 883 4688; x_wconf 93' lang='lat' dir='ltr'>in</span> <span class='ocrx_word' id='word_1_245' title='bbox 906 4620 1012 4688; x_wconf 91' lang='lat' dir='ltr'>medio</span> <span class='ocrx_word' id='word_1_246' title='bbox 1036 4621 1147 4687; x_wconf 71' lang='lat' dir='ltr'>slltari</span> <span class='ocrx_word' id='word_1_247' title='bbox 1172 4622 1291 4700; x_wconf 86' lang='lat' dir='ltr'>locato,</span> <span class='ocrx_word' id='word_1_248' title='bbox 1315 4619 1583 4708; x_wconf 85' lang='lat' dir='ltr'>genuflexionem</span> <span class='ocrx_word' id='word_1_249' title='bbox 1612 4623 1666 4690; x_wconf 86' lang='lat' dir='ltr'>si-</span> 
     </span>
    </p>
   </div>
   <div class='ocr_carea' id='block_1_8' title="bbox 0 0 2107 5717">
    <p class='ocr_par' dir='ltr' id='par_1_12' title="bbox 0 0 2107 5717">
     <span class='ocr_line' id='line_1_34' title="bbox 0 0 2107 5717; baseline 0 0"><span class='ocrx_word' id='word_1_250' title='bbox 0 0 2107 5717; x_wconf 95' lang='lat' dir='ltr'> </span> 
     </span>
    </p>
   </div>
  </div>
 </body>
</html>
