4175 5717
935 785 1110 833 arrasum
1136 787 1183 832 ιιι.
1518 769 1584 834 ‘253

441 894 560 960 dabilis
595 893 768 960 Ecclesiae
802 890 1011 960 consuetudo
1041 891 1170 970 suadet,
1195 895 1348 978 sacrique
1381 893 1533 960 Oenones
1569 914 1669 979 prae-

442 1002 597 1068 scribunt
622 999 681 1087 (ol.

532 1109 584 1175 Ab
607 1109 672 1174 hoc
695 1128 777 1174 vero
800 1127 939 1175 munere
962 1107 1195 1175 excluduntur
1211 1115 1282 1173 tum
1300 1110 1444 1174 minores
1469 1112 1565 1174 annis
1590 1129 1669 1193 ‹pra-

440 1216 626 1284 tuordecim
649 1213 708 1302 (b),
732 1223 804 1283 tum
839 1218 896 1301 qui
927 1216 1183 1282 Sacramentum
1219 1213 1487 1282 Gontirmationis
1518 1217 1665 1282 norrdnm

440 1331 643 1411 receperunt
669 1323 724 1410 (o):
751 1323 880 1390 Verum
905 1324 983 1409 quia
1006 1324 1204 1409 contingere
1228 1329 1347 1410 potest,
1365 1329 1403 1389 ut
1426 1325 1459 1389 in
1484 1324 1568 1389 locis
1593 1325 1669 1388 llis·

439 1433 571 1500 stonum
594 1432 713 1498 nullus
738 1430 837 1518 adsit,
862 1432 917 1516 qui
943 1437 1045 1497 antea
1075 1429 1291 1498 confirmatus
1322 1430 1435 1507 fuerit,
1462 1433 1667 1518 permittitur

439 1541 474 1606 in
497 1539 563 1608 hoc
587 1559 682 1623 casu,
704 1545 744 1606 ut
772 1539 878 1625 aliqui
907 1540 981 1606 siue
1011 1539 1150 1606 Petrina
1183 1535 1433 1616 confirmentur,
1459 1541 1516 1623 qui
1551 1546 1666 1627 postea

439 1648 570 1715 Petrlui
593 1653 785 1714 ceterorum
808 1665 884 1713 esee
907 1651 1080 1733 poterunt.
1108 1709 1113 1724 ,

528 1754 580 1823 nd
605 1756 762 1822 Petrinus
785 1753 976 1820 huiusmodi
999 1753 1086 1839 quod
1109 1755 1242 1832 attinet,
1266 1754 1330 1819 hae
1362 1757 1499 1841 insuper
1527 1755 1667 1839 regulae

437 1870 540 1932 erunt
562 1861 824 1930 observandae.
853 1861 895 1927 l.⁰
920 1861 964 1928 Ut
986 1881 1053 1927 non
1079 1860 1194 1949 plures
1228 1859 1288 1947 (d),
1312 1861 1371 1927 sed
1404 1882 1491 1927 unrrs
1521 1868 1664 1936 tantum,

437 1973 509 2039 sive
534 1972 607 2047 Vir,
632 1971 704 2038 sire
730 1969 862 2046 Mulier,
887 1971 920 2034 in
945 1969 1133 2062 Petrinum,
1158 1976 1218 2036 aut
1244 1970 1424 2035 Matrinam
1455 1969 1664 2035 adhibeatur.

437 2077 485 2144 2?
509 2077 553 2146 Ut
576 2097 639 2144 nec
662 2078 795 2144 feminis
820 2096 928 2142 mares
945 2075 1001 2161 (e).
1018 2095 1082 2142 nec
1097 2076 1244 2142 rneribus
1268 2076 1412 2144 ieminae
1436 2078 1564 2142 Pet-riui
1589 2077 1664 2142 offi-

438 2189 526 2254 cium
550 2193 732 2274 praestent,
745 2185 803 2251 sed
818 2206 880 2250 suo
898 2186 1037 2270 quisque
1054 2204 1138 2249 sexu
1155 2186 1314 2250 Petrinus
1331 2183 1540 2251 adhibeatur.
1558 2185 1604 2250 :3.⁰
1622 2186 1665 2251 Ut

436 2296 500 2361 nisi
524 2295 706 2360 necessitas
730 2298 830 2378 cogat
853 2291 920 2378 (sl,
946 2291 1032 2358 idem
1058 2311 1123 2356 non
1148 2292 1201 2368 sit,
1226 2292 1282 2357 sed
1307 2291 1461 2358 diuersus
1487 2292 1668 2358 Confirma-
1749 2285 1754 2296 '

434 2403 536 2469 tionis
566 2401 726 2468 Petrinus
755 2419 777 2464 a
806 2399 947 2465 Patrino
976 2399 1146 2485 llaptismi.
1171 2396 1217 2464 i.⁰
1243 2399 1285 2466 Ut
1315 2419 1336 2464 a
1368 2399 1497 2465 Patrini
1524 2419 1664 2465 munere

436 2518 619 2579 arceantur
641 2509 923 2579 excommunicati
947 2507 1008 2595 (9),
1033 2507 1213 2583 interdicti,
1231 2508 1355 2593 publici
1380 2511 1585 2594 peccatores,
1607 2519 1665 2573 aut

436 2621 492 2705 qui
515 2623 730 2706 praeceptum
755 2616 919 2682 Paschele
943 2617 1128 2682 omiserint.

525 2725 624 2796 orma
652 2726 886 2812 cognationem
917 2717 1136 2810 spiritualem,
1162 2743 1247 2809 quae
1278 2725 1312 2788 in
1345 2725 1409 2789 lroc
1442 2721 1660 2790 Sacramenta

434 2834 659 2910 contrahitur,
684 2833 768 2898 haec
790 2832 909 2898 statuit
933 2829 1132 2896 Tridentine
1155 2829 1311 2915 synodus
1341 2826 1402 2917 (tr):
1433 2829 1488 2895 Ea
1520 2849 1662 2916 quoque

434 2944 607 3030 capaneo,
632 2959 726 3026 quoe
748 2959 796 3006 ea
821 2940 1096 3027 Confirmatieae
1118 2939 1354 3013 contrahitur,
1375 2939 1662 3026 Uorapte-montera,

435 3058 468 3119 et
494 3051 760 3138 Confirmatom
785 3049 954 3132 illiusque
979 3047 1134 3122 Patrem,
1160 3054 1191 3114 ct
1217 3047 1381 3122 Matrem,
1406 3067 1449 3112 ec
1477 3045 1664 3115 Torrentem

435 3179 508 3226 non
531 3158 748 3244 epe-edietum
772 3154 936 3222 omnibus
966 3155 1061 3222 inter
1092 3156 1182 3220 ottae
1206 3173 1383 3237 personne
1414 3155 1522 3221 taius
1553 3156 1663 3239 spiri·

415 3249 541 3334 'tecutis
565 3264 783 3351 eepautioais
808 3263 1065 3346 impedimentis
1089 3263 1231 3329 amerino
1254 3259 1413 3327 sublatis.
1637 3255 1641 3263 '

524 3372 618 3449 Quod
643 3372 772 3457 quidem
798 3370 938 3436 Concilii
970 3371 1150 3436 Decretum
1184 3371 1294 3435 locum
1329 3369 1430 3435 trabat
1464 3373 1496 3434 in
1532 3373 1579 3438 iis.
1605 3373 1660 3455 qui

433 3481 474 3546 ad
500 3481 687 3546 Tridentini
712 3484 839 3544 statuta
854 3477 1020 3542 servanda
1036 3477 1304 3563 adstringuntur.
1331 3478 1442 3545 Ceteri
1461 3499 1541 3544 raro
1558 3478 1662 3544 disci-

433 3591 547 3679 plinae
570 3590 603 3653 in
628 3589 697 3653 suis
722 3586 914 3671 regionibus
939 3586 1067 3670 rigenti
1091 3586 1154 3650 hac
1179 3586 1212 3650 in
1237 3591 1332 3670 parte
1357 3606 1393 3651 se
1416 3585 1639 3651 conforment.

523 3696 604 3762 Cum
629 3702 759 3780 tempus
783 3693 967 3767 arlrenerit
993 3712 1057 3776 quo
1083 3691 1252 3757 Sacerdos
1277 3700 1376 3758 utens
1409 3692 1573 3758 facultate
1602 3693 1662 3759 sibi

398 3783 400 3790 ’
431 3805 472 3869 ab
498 3803 691 3891 Apostolica
715 3800 810 3877 Sede,
836 3808 874 3866 ut
906 3821 1019 3886 supra,
1043 3799 1181 3875 tributa,
1213 3799 1448 3865 administrare
1477 3798 1663 3867 Confirma-

430 3914 555 3978 tionem
589 3909 742 3986 intendit,
767 3909 918 3974 vestibus
954 3907 1236 3984 Sacerdotelilrus,
1269 3907 1324 3973 uel
1355 3908 1475 3973 saltem
1508 3908 1604 3982 Alba,
1629 3914 1664 3974 et

431 4020 527 4087 Stola
551 4019 687 4085 indutus
711 4024 804 4082 stans
828 4023 907 4081 ante
933 4015 1052 4120 Altare
1076 4035 1195 4081 versus
1218 4015 1258 4080 ed
1284 4015 1448 4102 Populum
1473 4016 1550 4080 hinc
1583 4014 1659 4080 inde

502 4163 543 4231 (u)
565 4163 784 4215 Sucrarnontur.
805 4161 834 4215 S.
855 4160 982 4222 Gargar.
1005 4158 1044 4213 ll.
1059 4158 1141 4214 Ordo
1163 4160 1312 4214 lloruanus
1332 4158 1408 4229 apud
1431 4157 1618 4230 liittorpiurn.

503 4253 542 4319 (t)
563 4250 720 4306 instructio
742 4249 902 4321 prunulicta.

501 4343 540 4410 (r)
561 4342 682 4397 Cunetio
704 4340 731 4394 ιῗιι
754 4339 941 4412 Baptisruntr
965 4343 1020 4393 litt.
1042 4338 1078 4393 dc
1099 4339 1271 4393 Corrsucrut.
1292 4337 1356 4392 dist.
1379 4340 1402 4391 i.

501 4432 543 4500 (rt)
564 4430 634 4486 Can.
656 4431 724 4485 Non.
742 4431 843 4502 plnres
867 4431 923 4482 litt.
943 4427 1008 4482 dist.
1028 4431 1053 4482 -i.

501 4522 539 4590 (ι’)
561 4519 695 4575 l'ontisrc.
715 4521 801 4575 Rom.

500 4609 546 4685 (s)
567 4608 639 4666 Can.
659 4611 694 4665 In
715 4608 903 4666 Catorttismo
926 4612 982 4664 lue
1003 4609 1038 4665 dc
1060 4608 1201 4666 Cousoor.
1222 4608 1287 4664 dist.
1308 4612 1332 4664 t.

500 4700 541 4772 (o)
562 4698 668 4755 Pontii.
688 4700 771 4755 Rom.

501 4790 544 4858 (t)
564 4791 644 4847 Soss
664 4793 707 4846 at.
727 4790 764 4847 de
784 4790 914 4848 Retorrn.
936 4790 1116 4847 Matrimonii
1137 4807 1201 4863 cap.
1222 4801 1246 4847 3.
