<?xml version="1.0" encoding="UTF-8"?>
<!DOCTYPE html PUBLIC "-//W3C//DTD XHTML 1.0 Transitional//EN"
    "http://www.w3.org/TR/xhtml1/DTD/xhtml1-transitional.dtd">
<html xmlns="http://www.w3.org/1999/xhtml" xml:lang="en" lang="en">
 <head>
  <title>
</title>
<meta http-equiv="Content-Type" content="text/html;charset=utf-8" />
  <meta name='ocr-system' content='tesseract 3.04.00' />
  <meta name='ocr-capabilities' content='ocr_page ocr_carea ocr_par ocr_line ocrx_word'/>
</head>
<body>
  <div class='ocr_page' id='page_1' title='image "./manualesacrarum00martgoog_0928.png"; bbox 0 0 4175 5717; ppageno 0'>
   <div class='ocr_carea' id='block_1_1' title="bbox 567 407 1147 476">
    <p class='ocr_par' dir='ltr' id='par_1_1' title="bbox 567 407 1147 476">
     <span class='ocr_line' id='line_1_1' title="bbox 567 407 1147 476; baseline 0.002 -4"><span class='ocrx_word' id='word_1_1' title='bbox 567 407 628 472; x_wconf 86' lang='grc'><strong>198</strong></span> <span class='ocrx_word' id='word_1_2' title='bbox 1010 427 1076 476; x_wconf 80' lang='lat' dir='ltr'><strong>tra.</strong></span> <span class='ocrx_word' id='word_1_3' title='bbox 1101 429 1147 476; x_wconf 84' lang='grc' dir='ltr'><strong>ιν.</strong></span> 
     </span>
    </p>
   </div>
   <div class='ocr_carea' id='block_1_2' title="bbox 448 534 1719 4383">
    <p class='ocr_par' dir='ltr' id='par_1_2' title="bbox 471 534 1688 1047">
     <span class='ocr_line' id='line_1_2' title="bbox 561 534 1688 629; baseline 0.007 -28"><span class='ocrx_word' id='word_1_4' title='bbox 561 534 755 602; x_wconf 77' lang='lat' dir='ltr'><strong>Dalmatica</strong></span> <span class='ocrx_word' id='word_1_5' title='bbox 779 553 844 600; x_wconf 89' lang='lat' dir='ltr'><strong>non</strong></span> <span class='ocrx_word' id='word_1_6' title='bbox 868 537 984 601; x_wconf 90' lang='lat' dir='ltr'><strong>recisis</strong></span> <span class='ocrx_word' id='word_1_7' title='bbox 1007 538 1156 613; x_wconf 87' lang='lat' dir='ltr'><strong>manicis,</strong></span> <span class='ocrx_word' id='word_1_8' title='bbox 1179 537 1237 604; x_wconf 93' lang='lat' dir='ltr'><strong>sed</strong></span> <span class='ocrx_word' id='word_1_9' title='bbox 1252 538 1293 604; x_wconf 91' lang='lat' dir='ltr'><strong>ad</strong></span> <span class='ocrx_word' id='word_1_10' title='bbox 1318 558 1450 605; x_wconf 87' lang='lat' dir='ltr'><strong>manum</strong></span> <span class='ocrx_word' id='word_1_11' title='bbox 1483 561 1587 626; x_wconf 90' lang='lat' dir='ltr'><strong>usque</strong></span> <span class='ocrx_word' id='word_1_12' title='bbox 1613 563 1688 629; x_wconf 78' lang='lat' dir='ltr'><strong>pro</strong></span> 
     </span>
     <span class='ocr_line' id='line_1_3' title="bbox 472 642 1688 735; baseline 0.01 -29"><span class='ocrx_word' id='word_1_13' title='bbox 472 643 586 718; x_wconf 86' lang='lat' dir='ltr'><strong>tensis,</strong></span> <span class='ocrx_word' id='word_1_14' title='bbox 609 642 787 725; x_wconf 81' lang='lat' dir='ltr'>iisdemque</span> <span class='ocrx_word' id='word_1_15' title='bbox 811 642 879 707; x_wconf 87' lang='lat' dir='ltr'><strong>late</strong></span> <span class='ocrx_word' id='word_1_16' title='bbox 904 642 1093 727; x_wconf 88' lang='lat' dir='ltr'><strong>patentibus</strong></span> <span class='ocrx_word' id='word_1_17' title='bbox 1117 642 1324 723; x_wconf 83' lang='lat' dir='ltr'><strong>conficiatur,</strong></span> <span class='ocrx_word' id='word_1_18' title='bbox 1348 647 1451 732; x_wconf 85' lang='lat' dir='ltr'><strong>longa</strong></span> <span class='ocrx_word' id='word_1_19' title='bbox 1480 669 1553 715; x_wconf 90' lang='lat' dir='ltr'><strong>esse</strong></span> <span class='ocrx_word' id='word_1_20' title='bbox 1577 657 1688 735; x_wconf 80' lang='lat' dir='ltr'><strong>potest</strong></span> 
     </span>
     <span class='ocr_line' id='line_1_4' title="bbox 471 748 1686 826; baseline 0.007 -13"><span class='ocrx_word' id='word_1_21' title='bbox 471 748 590 813; x_wconf 88' lang='lat' dir='ltr'><strong>cubitis</strong></span> <span class='ocrx_word' id='word_1_22' title='bbox 614 749 751 818; x_wconf 85' lang='lat' dir='ltr'><strong>duobus,</strong></span> <span class='ocrx_word' id='word_1_23' title='bbox 777 756 811 813; x_wconf 90' lang='lat' dir='ltr'><strong>et</strong></span> <span class='ocrx_word' id='word_1_24' title='bbox 834 750 940 813; x_wconf 90' lang='lat' dir='ltr'><strong>unciis</strong></span> <span class='ocrx_word' id='word_1_25' title='bbox 964 748 1142 826; x_wconf 62' lang='lat' dir='ltr'><strong>sexdecim</strong></span> <span class='ocrx_word' id='word_1_26' title='bbox 1159 750 1228 816; x_wconf 88' lang='lat' dir='ltr'><strong>late</strong></span> <span class='ocrx_word' id='word_1_27' title='bbox 1245 772 1325 817; x_wconf 92' lang='lat' dir='ltr'><strong>vero</strong></span> <span class='ocrx_word' id='word_1_28' title='bbox 1342 753 1384 818; x_wconf 85' lang='lat' dir='ltr'><strong>ab</strong></span> <span class='ocrx_word' id='word_1_29' title='bbox 1404 754 1551 821; x_wconf 91' lang='lat' dir='ltr'><strong>humeris</strong></span> <span class='ocrx_word' id='word_1_30' title='bbox 1574 758 1686 824; x_wconf 89' lang='lat' dir='ltr'><strong>cubito</strong></span> 
     </span>
     <span class='ocr_line' id='line_1_5' title="bbox 473 856 1686 948; baseline 0.007 -27"><span class='ocrx_word' id='word_1_31' title='bbox 473 876 547 931; x_wconf 93' lang='lat' dir='ltr'><strong>uno,</strong></span> <span class='ocrx_word' id='word_1_32' title='bbox 571 864 606 921; x_wconf 89' lang='lat' dir='ltr'><strong>et</strong></span> <span class='ocrx_word' id='word_1_33' title='bbox 630 858 743 920; x_wconf 85' lang='lat' dir='ltr'><strong>unciis·</strong></span> <span class='ocrx_word' id='word_1_34' title='bbox 759 857 893 922; x_wconf 89' lang='lat' dir='ltr'><strong>circiter</strong></span> <span class='ocrx_word' id='word_1_35' title='bbox 916 862 1069 938; x_wconf 86' lang='lat' dir='ltr'><strong>quatuor,</strong></span> <span class='ocrx_word' id='word_1_36' title='bbox 1086 856 1127 921; x_wconf 90' lang='lat' dir='ltr'><strong>ab</strong></span> <span class='ocrx_word' id='word_1_37' title='bbox 1143 860 1302 923; x_wconf 79' lang='lat' dir='ltr'><strong>extremis</strong></span> <span class='ocrx_word' id='word_1_38' title='bbox 1320 861 1388 924; x_wconf 91' lang='lat' dir='ltr'><strong>oris</strong></span> <span class='ocrx_word' id='word_1_39' title='bbox 1409 860 1553 945; x_wconf 88' lang='lat' dir='ltr'><strong>undique</strong></span> <span class='ocrx_word' id='word_1_40' title='bbox 1569 870 1686 948; x_wconf 87' lang='lat' dir='ltr'><strong>patens</strong></span> 
     </span>
     <span class='ocr_line' id='line_1_6' title="bbox 471 964 927 1047; baseline -0.004 -19"><span class='ocrx_word' id='word_1_41' title='bbox 471 964 591 1029; x_wconf 90' lang='lat' dir='ltr'><strong>cubitis</strong></span> <span class='ocrx_word' id='word_1_42' title='bbox 615 965 749 1029; x_wconf 90' lang='lat' dir='ltr'><strong>circiter</strong></span> <span class='ocrx_word' id='word_1_43' title='bbox 773 965 927 1047; x_wconf 92' lang='lat' dir='ltr'><strong>quinque.</strong></span> 
     </span>
    </p>

    <p class='ocr_par' dir='ltr' id='par_1_3' title="bbox 467 1070 1687 1905">
     <span class='ocr_line' id='line_1_7' title="bbox 563 1070 1687 1156; baseline 0.005 -18"><span class='ocrx_word' id='word_1_44' title='bbox 563 1070 706 1139; x_wconf 76' lang='lat' dir='ltr'><strong>Gradus</strong></span> <span class='ocrx_word' id='word_1_45' title='bbox 729 1072 761 1135; x_wconf 90' lang='lat' dir='ltr'><strong>in</strong></span> <span class='ocrx_word' id='word_1_46' title='bbox 786 1070 896 1135; x_wconf 86' lang='lat' dir='ltr'><strong>Altari</strong></span> <span class='ocrx_word' id='word_1_47' title='bbox 919 1070 1036 1156; x_wconf 90' lang='lat' dir='ltr'><strong>majori</strong></span> <span class='ocrx_word' id='word_1_48' title='bbox 1061 1090 1102 1137; x_wconf 91' lang='lat' dir='ltr'><strong>ne</strong></span> <span class='ocrx_word' id='word_1_49' title='bbox 1126 1070 1217 1149; x_wconf 86' lang='lat' dir='ltr'><strong>flant,</strong></span> <span class='ocrx_word' id='word_1_50' title='bbox 1242 1074 1304 1138; x_wconf 92' lang='lat' dir='ltr'><strong>nisi</strong></span> <span class='ocrx_word' id='word_1_51' title='bbox 1321 1072 1449 1140; x_wconf 92' lang='lat' dir='ltr'><strong>duobus</strong></span> <span class='ocrx_word' id='word_1_52' title='bbox 1465 1076 1584 1142; x_wconf 85' lang='lat' dir='ltr'><strong>cubitis</strong></span> <span class='ocrx_word' id='word_1_53' title='bbox 1608 1085 1687 1144; x_wconf 88' lang='lat' dir='ltr'><strong>tan·</strong></span> 
     </span>
     <span class='ocr_line' id='line_1_8' title="bbox 472 1178 1685 1269; baseline 0.006 -26"><span class='ocrx_word' id='word_1_54' title='bbox 472 1186 552 1254; x_wconf 90' lang='lat' dir='ltr'><strong>tum,</strong></span> <span class='ocrx_word' id='word_1_55' title='bbox 567 1180 716 1244; x_wconf 91' lang='lat' dir='ltr'><strong>minusve</strong></span> <span class='ocrx_word' id='word_1_56' title='bbox 739 1200 759 1242; x_wconf 86' lang='lat' dir='ltr'><strong>e</strong></span> <span class='ocrx_word' id='word_1_57' title='bbox 782 1179 909 1263; x_wconf 87' lang='lat' dir='ltr'><strong>pariete</strong></span> <span class='ocrx_word' id='word_1_58' title='bbox 932 1178 1109 1263; x_wconf 76' lang='lat' dir='ltr'>posteriori</span> <span class='ocrx_word' id='word_1_59' title='bbox 1132 1178 1217 1244; x_wconf 93' lang='lat' dir='ltr'><strong>illud</strong></span> <span class='ocrx_word' id='word_1_60' title='bbox 1235 1179 1344 1263; x_wconf 85' lang='lat' dir='ltr'><strong>distet,</strong></span> <span class='ocrx_word' id='word_1_61' title='bbox 1358 1190 1503 1266; x_wconf 87' lang='lat' dir='ltr'><strong>tuncque</strong></span> <span class='ocrx_word' id='word_1_62' title='bbox 1527 1184 1685 1269; x_wconf 91' lang='lat' dir='ltr'><strong>ejusmodi</strong></span> 
     </span>
     <span class='ocr_line' id='line_1_9' title="bbox 471 1282 1686 1372; baseline 0.007 -23"><span class='ocrx_word' id='word_1_63' title='bbox 471 1285 594 1370; x_wconf 86' lang='lat' dir='ltr'><strong>gradus</strong></span> <span class='ocrx_word' id='word_1_64' title='bbox 611 1305 705 1360; x_wconf 94' lang='lat' dir='ltr'><strong>unus,</strong></span> <span class='ocrx_word' id='word_1_65' title='bbox 723 1285 880 1370; x_wconf 87' lang='lat' dir='ltr'><strong>pluresve</strong></span> <span class='ocrx_word' id='word_1_66' title='bbox 896 1282 1055 1350; x_wconf 89' lang='lat' dir='ltr'><strong>decenter</strong></span> <span class='ocrx_word' id='word_1_67' title='bbox 1070 1284 1219 1351; x_wconf 80' lang='lat' dir='ltr'><strong>adhiberi</strong></span> <span class='ocrx_word' id='word_1_68' title='bbox 1242 1293 1402 1372; x_wconf 91' lang='lat' dir='ltr'><strong>poterunt</strong></span> <span class='ocrx_word' id='word_1_69' title='bbox 1431 1291 1479 1355; x_wconf 87' lang='lat' dir='ltr'><strong>ita</strong></span> <span class='ocrx_word' id='word_1_70' title='bbox 1502 1297 1623 1368; x_wconf 89' lang='lat' dir='ltr'><strong>tamen,</strong></span> <span class='ocrx_word' id='word_1_71' title='bbox 1649 1301 1686 1357; x_wconf 88' lang='lat' dir='ltr'><strong>ut</strong></span> 
     </span>
     <span class='ocr_line' id='line_1_10' title="bbox 471 1390 1684 1484; baseline 0.006 -26"><span class='ocrx_word' id='word_1_72' title='bbox 471 1395 630 1459; x_wconf 79' lang='lat' dir='ltr'><strong>circuitus</strong></span> <span class='ocrx_word' id='word_1_73' title='bbox 654 1393 780 1458; x_wconf 81' lang='lat' dir='ltr'><strong>Altaris</strong></span> <span class='ocrx_word' id='word_1_74' title='bbox 804 1411 871 1457; x_wconf 93' lang='lat' dir='ltr'><strong>non</strong></span> <span class='ocrx_word' id='word_1_75' title='bbox 899 1390 1109 1478; x_wconf 90' lang='lat' dir='ltr'><strong>impediatur,</strong></span> <span class='ocrx_word' id='word_1_76' title='bbox 1140 1412 1247 1477; x_wconf 88' lang='lat' dir='ltr'><strong>neque</strong></span> <span class='ocrx_word' id='word_1_77' title='bbox 1272 1393 1481 1462; x_wconf 85' lang='lat' dir='ltr'><strong>Oandelabre</strong></span> <span class='ocrx_word' id='word_1_78' title='bbox 1511 1419 1612 1484; x_wconf 87' lang='lat' dir='ltr'><strong>super</strong></span> <span class='ocrx_word' id='word_1_79' title='bbox 1646 1402 1684 1465; x_wconf 92' lang='lat' dir='ltr'><strong>iis</strong></span> 
     </span>
     <span class='ocr_line' id='line_1_11' title="bbox 469 1497 1682 1584; baseline 0.006 -20"><span class='ocrx_word' id='word_1_80' title='bbox 469 1501 576 1584; x_wconf 83' lang='lat' dir='ltr'><strong>posite</strong></span> <span class='ocrx_word' id='word_1_81' title='bbox 599 1505 697 1565; x_wconf 83' lang='lat' dir='ltr'><strong>extra</strong></span> <span class='ocrx_word' id='word_1_82' title='bbox 720 1497 839 1565; x_wconf 86' lang='lat' dir='ltr'><strong>Altare</strong></span> <span class='ocrx_word' id='word_1_83' title='bbox 863 1497 1040 1565; x_wconf 87' lang='lat' dir='ltr'><strong>videantur</strong></span> <span class='ocrx_word' id='word_1_84' title='bbox 1057 1519 1139 1576; x_wconf 90' lang='lat' dir='ltr'><strong>esse,</strong></span> <span class='ocrx_word' id='word_1_85' title='bbox 1157 1500 1244 1583; x_wconf 93' lang='lat' dir='ltr'><strong>quod</strong></span> <span class='ocrx_word' id='word_1_86' title='bbox 1260 1509 1350 1567; x_wconf 86' lang='lat' dir='ltr'><strong>esset</strong></span> <span class='ocrx_word' id='word_1_87' title='bbox 1365 1511 1484 1570; x_wconf 85' lang='lat' dir='ltr'><strong>contra</strong></span> <span class='ocrx_word' id='word_1_88' title='bbox 1503 1504 1682 1571; x_wconf 83' lang='lat' dir='ltr'><strong>Rubricam</strong></span> 
     </span>
     <span class='ocr_line' id='line_1_12' title="bbox 468 1605 1683 1697; baseline 0.005 -25"><span class='ocrx_word' id='word_1_89' title='bbox 468 1606 509 1672; x_wconf 87' lang='lat' dir='ltr'><strong>de</strong></span> <span class='ocrx_word' id='word_1_90' title='bbox 531 1606 660 1671; x_wconf 84' lang='lat' dir='ltr'><strong>Altaris</strong></span> <span class='ocrx_word' id='word_1_91' title='bbox 684 1608 920 1681; x_wconf 83' lang='lat' dir='ltr'><strong>incensatione;</strong></span> <span class='ocrx_word' id='word_1_92' title='bbox 946 1607 980 1672; x_wconf 91' lang='lat' dir='ltr'><strong>in</strong></span> <span class='ocrx_word' id='word_1_93' title='bbox 1003 1605 1115 1672; x_wconf 86' lang='lat' dir='ltr'><strong>Alteri</strong></span> <span class='ocrx_word' id='word_1_94' title='bbox 1132 1608 1250 1672; x_wconf 90' lang='lat' dir='ltr'><strong>minori</strong></span> <span class='ocrx_word' id='word_1_95' title='bbox 1268 1628 1354 1675; x_wconf 86' lang='lat' dir='ltr'><strong>unus</strong></span> <span class='ocrx_word' id='word_1_96' title='bbox 1370 1612 1424 1686; x_wconf 88' lang='lat' dir='ltr'><strong>sit,</strong></span> <span class='ocrx_word' id='word_1_97' title='bbox 1442 1612 1535 1695; x_wconf 88' lang='lat' dir='ltr'><strong>isque</strong></span> <span class='ocrx_word' id='word_1_98' title='bbox 1550 1612 1683 1697; x_wconf 89' lang='lat' dir='ltr'><strong>ligneus</strong></span> 
     </span>
     <span class='ocr_line' id='line_1_13' title="bbox 467 1712 1682 1800; baseline 0.003 -20"><span class='ocrx_word' id='word_1_99' title='bbox 467 1735 506 1780; x_wconf 90' lang='lat' dir='ltr'><strong>ea</strong></span> <span class='ocrx_word' id='word_1_100' title='bbox 529 1713 752 1800; x_wconf 80' lang='lat' dir='ltr'><strong>longitudine,</strong></span> <span class='ocrx_word' id='word_1_101' title='bbox 777 1734 861 1797; x_wconf 89' lang='lat' dir='ltr'><strong>quae</strong></span> <span class='ocrx_word' id='word_1_102' title='bbox 884 1712 1004 1779; x_wconf 86' lang='lat' dir='ltr'><strong>Altare</strong></span> <span class='ocrx_word' id='word_1_103' title='bbox 1027 1721 1157 1797; x_wconf 91' lang='lat' dir='ltr'><strong>aequet,</strong></span> <span class='ocrx_word' id='word_1_104' title='bbox 1182 1715 1359 1782; x_wconf 89' lang='lat' dir='ltr'><strong>latitudine</strong></span> <span class='ocrx_word' id='word_1_105' title='bbox 1391 1719 1563 1786; x_wconf 80' lang='lat' dir='ltr'><strong>unciarum</strong></span> <span class='ocrx_word' id='word_1_106' title='bbox 1595 1726 1682 1796; x_wconf 89' lang='lat' dir='ltr'><strong>octo,</strong></span> 
     </span>
     <span class='ocr_line' id='line_1_14' title="bbox 467 1819 1683 1905; baseline 0.003 -19"><span class='ocrx_word' id='word_1_107' title='bbox 467 1821 644 1888; x_wconf 86' lang='lat' dir='ltr'><strong>altitudine</strong></span> <span class='ocrx_word' id='word_1_108' title='bbox 669 1821 814 1896; x_wconf 90' lang='lat' dir='ltr'><strong>totidem,</strong></span> <span class='ocrx_word' id='word_1_109' title='bbox 840 1824 873 1886; x_wconf 93' lang='lat' dir='ltr'><strong>in</strong></span> <span class='ocrx_word' id='word_1_110' title='bbox 889 1840 953 1905; x_wconf 92' lang='lat' dir='ltr'><strong>quo</strong></span> <span class='ocrx_word' id='word_1_111' title='bbox 971 1819 1179 1888; x_wconf 79' lang='lat' dir='ltr'><strong>Candelabre</strong></span> <span class='ocrx_word' id='word_1_112' title='bbox 1195 1842 1269 1887; x_wconf 89' lang='lat' dir='ltr'><strong>curn</strong></span> <span class='ocrx_word' id='word_1_113' title='bbox 1287 1823 1394 1889; x_wconf 84' lang='lat' dir='ltr'><strong>Gruce</strong></span> <span class='ocrx_word' id='word_1_114' title='bbox 1410 1824 1551 1890; x_wconf 88' lang='lat' dir='ltr'><strong>locanda</strong></span> <span class='ocrx_word' id='word_1_115' title='bbox 1573 1834 1683 1892; x_wconf 90' lang='lat' dir='ltr'><strong>erunt.</strong></span> 
     </span>
    </p>

    <p class='ocr_par' dir='ltr' id='par_1_4' title="bbox 468 1929 1685 2213">
     <span class='ocr_line' id='line_1_15' title="bbox 555 1929 1683 2015; baseline 0.001 -17"><span class='ocrx_word' id='word_1_116' title='bbox 555 1929 740 2004; x_wconf 79' lang='lat' dir='ltr'><strong>Hamulce,</strong></span> <span class='ocrx_word' id='word_1_117' title='bbox 766 1949 832 1996; x_wconf 92' lang='lat' dir='ltr'><strong>non</strong></span> <span class='ocrx_word' id='word_1_118' title='bbox 856 1949 899 1996; x_wconf 82' lang='lat' dir='ltr'><strong>ex</strong></span> <span class='ocrx_word' id='word_1_119' title='bbox 922 1936 1073 2015; x_wconf 88' lang='lat' dir='ltr'><strong>argento,</strong></span> <span class='ocrx_word' id='word_1_120' title='bbox 1098 1937 1238 2007; x_wconf 89' lang='lat' dir='ltr'><strong>stamno,</strong></span> <span class='ocrx_word' id='word_1_121' title='bbox 1255 1932 1458 2009; x_wconf 89' lang='lat' dir='ltr'><strong>aurichalco,</strong></span> <span class='ocrx_word' id='word_1_122' title='bbox 1476 1932 1586 1998; x_wconf 89' lang='lat' dir='ltr'><strong>aliove</strong></span> <span class='ocrx_word' id='word_1_123' title='bbox 1609 1955 1683 1999; x_wconf 88' lang='lat' dir='ltr'><strong>me-</strong></span> 
     </span>
     <span class='ocr_line' id='line_1_16' title="bbox 468 2038 1685 2125; baseline 0 -20"><span class='ocrx_word' id='word_1_124' title='bbox 468 2040 543 2105; x_wconf 90' lang='lat' dir='ltr'><strong>talli</strong></span> <span class='ocrx_word' id='word_1_125' title='bbox 567 2059 700 2124; x_wconf 88' lang='lat' dir='ltr'><strong>genere,</strong></span> <span class='ocrx_word' id='word_1_126' title='bbox 723 2038 782 2104; x_wconf 87' lang='lat' dir='ltr'><strong>sed</strong></span> <span class='ocrx_word' id='word_1_127' title='bbox 798 2059 817 2103; x_wconf 90' lang='lat' dir='ltr'><strong>e</strong></span> <span class='ocrx_word' id='word_1_128' title='bbox 833 2040 921 2104; x_wconf 89' lang='lat' dir='ltr'><strong>vitro</strong></span> <span class='ocrx_word' id='word_1_129' title='bbox 952 2059 1010 2103; x_wconf 83' lang='lat' dir='ltr'><strong>seu</strong></span> <span class='ocrx_word' id='word_1_130' title='bbox 1027 2039 1194 2123; x_wconf 88' lang='lat' dir='ltr'><strong>crystallo</strong></span> <span class='ocrx_word' id='word_1_131' title='bbox 1221 2038 1403 2124; x_wconf 87' lang='lat' dir='ltr'><strong>pellucido,</strong></span> <span class='ocrx_word' id='word_1_132' title='bbox 1426 2061 1501 2105; x_wconf 89' lang='lat' dir='ltr'><strong>cum</strong></span> <span class='ocrx_word' id='word_1_133' title='bbox 1526 2042 1685 2125; x_wconf 86' lang='lat' dir='ltr'><strong>operculo</strong></span> 
     </span>
     <span class='ocr_line' id='line_1_17' title="bbox 469 2147 610 2213; baseline -0.021 0"><span class='ocrx_word' id='word_1_134' title='bbox 469 2147 610 2213; x_wconf 90' lang='lat' dir='ltr'><strong>decenti.</strong></span> 
     </span>
    </p>

    <p class='ocr_par' dir='ltr' id='par_1_5' title="bbox 468 2254 1685 2446">
     <span class='ocr_line' id='line_1_18' title="bbox 558 2254 1685 2343; baseline -0.001 -20"><span class='ocrx_word' id='word_1_135' title='bbox 558 2257 766 2339; x_wconf 79' lang='lat' dir='ltr'><strong>Manipulus</strong></span> <span class='ocrx_word' id='word_1_136' title='bbox 789 2261 859 2320; x_wconf 89' lang='lat' dir='ltr'><strong>tres</strong></span> <span class='ocrx_word' id='word_1_137' title='bbox 882 2255 1006 2321; x_wconf 78' lang='lat' dir='ltr'><strong>Cruces</strong></span> <span class='ocrx_word' id='word_1_138' title='bbox 1029 2254 1153 2321; x_wconf 89' lang='lat' dir='ltr'><strong>habere</strong></span> <span class='ocrx_word' id='word_1_139' title='bbox 1169 2254 1277 2332; x_wconf 91' lang='lat' dir='ltr'><strong>debet,</strong></span> <span class='ocrx_word' id='word_1_140' title='bbox 1295 2263 1329 2322; x_wconf 90' lang='lat' dir='ltr'><strong>et</strong></span> <span class='ocrx_word' id='word_1_141' title='bbox 1344 2255 1502 2322; x_wconf 80' lang='lat' dir='ltr'><strong>cordulae</strong></span> <span class='ocrx_word' id='word_1_142' title='bbox 1518 2256 1559 2322; x_wconf 90' lang='lat' dir='ltr'><strong>ad</strong></span> <span class='ocrx_word' id='word_1_143' title='bbox 1577 2257 1685 2343; x_wconf 88' lang='lat' dir='ltr'><strong>ligan-</strong></span> 
     </span>
     <span class='ocr_line' id='line_1_19' title="bbox 468 2361 1403 2446; baseline -0.005 -15"><span class='ocrx_word' id='word_1_144' title='bbox 468 2365 545 2431; x_wconf 90' lang='lat' dir='ltr'><strong>dum</strong></span> <span class='ocrx_word' id='word_1_145' title='bbox 569 2363 752 2439; x_wconf 91' lang='lat' dir='ltr'><strong>solidiores;</strong></span> <span class='ocrx_word' id='word_1_146' title='bbox 777 2362 906 2446; x_wconf 87' lang='lat' dir='ltr'><strong>reliqua</strong></span> <span class='ocrx_word' id='word_1_147' title='bbox 930 2361 1004 2427; x_wconf 88' lang='lat' dir='ltr'><strong>vide</strong></span> <span class='ocrx_word' id='word_1_148' title='bbox 1029 2364 1062 2428; x_wconf 91' lang='lat' dir='ltr'><strong>in</strong></span> <span class='ocrx_word' id='word_1_149' title='bbox 1086 2363 1190 2428; x_wconf 91' lang='lat' dir='ltr'><strong>Stola.</strong></span> <span class='ocrx_word' id='word_1_150' title='bbox 1397 2429 1403 2438; x_wconf 75' lang='grc'><em>,</em></span> 
     </span>
    </p>

    <p class='ocr_par' dir='ltr' id='par_1_6' title="bbox 448 2469 1684 2772">
     <span class='ocr_line' id='line_1_20' title="bbox 556 2469 1683 2557; baseline 0 -19"><span class='ocrx_word' id='word_1_151' title='bbox 556 2472 825 2557; x_wconf 76' lang='lat' dir='ltr'><strong>Manutergium</strong></span> <span class='ocrx_word' id='word_1_152' title='bbox 848 2490 908 2556; x_wconf 90' lang='lat' dir='ltr'><strong>pro</strong></span> <span class='ocrx_word' id='word_1_153' title='bbox 931 2471 1034 2536; x_wconf 89' lang='lat' dir='ltr'><strong>Missa</strong></span> <span class='ocrx_word' id='word_1_154' title='bbox 1057 2489 1100 2534; x_wconf 88' lang='lat' dir='ltr'><strong>ex</strong></span> <span class='ocrx_word' id='word_1_155' title='bbox 1124 2469 1193 2534; x_wconf 92' lang='lat' dir='ltr'><strong>lino</strong></span> <span class='ocrx_word' id='word_1_156' title='bbox 1217 2471 1521 2536; x_wconf 63' lang='lat' dir='ltr'><strong>tenuiscontextnm</strong></span> <span class='ocrx_word' id='word_1_157' title='bbox 1538 2470 1683 2557; x_wconf 89' lang='lat' dir='ltr'><strong>longitu-</strong></span> 
     </span>
     <span class='ocr_line' id='line_1_21' title="bbox 466 2576 1684 2664; baseline -0.002 -17"><span class='ocrx_word' id='word_1_158' title='bbox 466 2581 542 2647; x_wconf 91' lang='lat' dir='ltr'><strong>dine</strong></span> <span class='ocrx_word' id='word_1_159' title='bbox 565 2578 746 2653; x_wconf 88' lang='lat' dir='ltr'><strong>bicubitali,</strong></span> <span class='ocrx_word' id='word_1_160' title='bbox 770 2576 947 2644; x_wconf 89' lang='lat' dir='ltr'><strong>latitudine</strong></span> <span class='ocrx_word' id='word_1_161' title='bbox 963 2577 1211 2661; x_wconf 89' lang='lat' dir='ltr'><strong>sesquicubitati</strong></span> <span class='ocrx_word' id='word_1_162' title='bbox 1229 2584 1370 2653; x_wconf 86' lang='lat' dir='ltr'><strong>constet,</strong></span> <span class='ocrx_word' id='word_1_163' title='bbox 1388 2584 1551 2644; x_wconf 89' lang='lat' dir='ltr'><strong>ornentur</strong></span> <span class='ocrx_word' id='word_1_164' title='bbox 1574 2580 1684 2664; x_wconf 88' lang='lat' dir='ltr'><strong>capita</strong></span> 
     </span>
     <span class='ocr_line' id='line_1_22' title="bbox 448 2683 1231 2772; baseline -0.006 -19"><span class='ocrx_word' id='word_1_165' title='bbox 448 2688 609 2772; x_wconf 85' lang='lat' dir='ltr'><strong>laciniis,</strong></span> <span class='ocrx_word' id='word_1_166' title='bbox 633 2693 668 2751; x_wconf 91' lang='lat' dir='ltr'><strong>et</strong></span> <span class='ocrx_word' id='word_1_167' title='bbox 689 2684 868 2750; x_wconf 85' lang='lat' dir='ltr'><strong>filamentis</strong></span> <span class='ocrx_word' id='word_1_168' title='bbox 891 2683 1037 2769; x_wconf 82' lang='lat' dir='ltr'><strong>ejusdem</strong></span> <span class='ocrx_word' id='word_1_169' title='bbox 1061 2685 1231 2750; x_wconf 86' lang='lat' dir='ltr'><strong>materiae.</strong></span> 
     </span>
    </p>

    <p class='ocr_par' dir='ltr' id='par_1_7' title="bbox 466 2791 1719 3421">
     <span class='ocr_line' id='line_1_23' title="bbox 556 2791 1680 2877; baseline -0.002 -18"><span class='ocrx_word' id='word_1_170' title='bbox 556 2793 710 2876; x_wconf 82' lang='lat' dir='ltr'><strong>Mappce</strong></span> <span class='ocrx_word' id='word_1_171' title='bbox 732 2793 867 2860; x_wconf 78' lang='lat' dir='ltr'><strong>Altaria</strong></span> <span class='ocrx_word' id='word_1_172' title='bbox 897 2792 1086 2877; x_wconf 87' lang='lat' dir='ltr'><strong>superiores</strong></span> <span class='ocrx_word' id='word_1_173' title='bbox 1110 2811 1129 2857; x_wconf 90' lang='lat' dir='ltr'><strong>e</strong></span> <span class='ocrx_word' id='word_1_174' title='bbox 1151 2791 1232 2868; x_wconf 89' lang='lat' dir='ltr'><strong>lino,</strong></span> <span class='ocrx_word' id='word_1_175' title='bbox 1268 2812 1327 2857; x_wconf 91' lang='lat' dir='ltr'><strong>seu</strong></span> <span class='ocrx_word' id='word_1_176' title='bbox 1362 2792 1520 2869; x_wconf 87' lang='lat' dir='ltr'><strong>cannabe,</strong></span> <span class='ocrx_word' id='word_1_177' title='bbox 1550 2812 1589 2857; x_wconf 89' lang='lat' dir='ltr'><strong>ea</strong></span> <span class='ocrx_word' id='word_1_178' title='bbox 1612 2794 1680 2858; x_wconf 91' lang='lat' dir='ltr'><strong>sint</strong></span> 
     </span>
     <span class='ocr_line' id='line_1_24' title="bbox 466 2898 1719 2986; baseline -0.002 -19"><span class='ocrx_word' id='word_1_179' title='bbox 466 2900 684 2986; x_wconf 88' lang='lat' dir='ltr'><strong>longitudine,</strong></span> <span class='ocrx_word' id='word_1_180' title='bbox 710 2905 747 2965; x_wconf 92' lang='lat' dir='ltr'><strong>ut</strong></span> <span class='ocrx_word' id='word_1_181' title='bbox 769 2900 809 2965; x_wconf 88' lang='lat' dir='ltr'><strong>ab</strong></span> <span class='ocrx_word' id='word_1_182' title='bbox 838 2904 980 2983; x_wconf 88' lang='lat' dir='ltr'><strong>utroque</strong></span> <span class='ocrx_word' id='word_1_183' title='bbox 1009 2898 1136 2963; x_wconf 82' lang='lat' dir='ltr'><strong>Altaris</strong></span> <span class='ocrx_word' id='word_1_184' title='bbox 1170 2898 1278 2963; x_wconf 86' lang='lat' dir='ltr'><strong>latere</strong></span> <span class='ocrx_word' id='word_1_185' title='bbox 1312 2898 1509 2984; x_wconf 85' lang='lat' dir='ltr'><strong>profundius</strong></span> <span class='ocrx_word' id='word_1_186' title='bbox 1544 2901 1681 2965; x_wconf 88' lang='lat' dir='ltr'><strong>circiter</strong></span> <span class='ocrx_word' id='word_1_187' title='bbox 1717 2921 1719 2925; x_wconf 67' lang='grc'>’</span> 
     </span>
     <span class='ocr_line' id='line_1_25' title="bbox 466 3006 1680 3095; baseline -0.003 -18"><span class='ocrx_word' id='word_1_188' title='bbox 466 3010 571 3077; x_wconf 87' lang='lat' dir='ltr'><strong>tribus</strong></span> <span class='ocrx_word' id='word_1_189' title='bbox 594 3009 716 3095; x_wconf 76' lang='lat' dir='ltr'><strong>digitis,</strong></span> <span class='ocrx_word' id='word_1_190' title='bbox 738 3027 837 3092; x_wconf 88' lang='lat' dir='ltr'><strong>quam</strong></span> <span class='ocrx_word' id='word_1_191' title='bbox 860 3007 995 3093; x_wconf 87' lang='lat' dir='ltr'><strong>planum</strong></span> <span class='ocrx_word' id='word_1_192' title='bbox 1019 3006 1201 3092; x_wconf 79' lang='lat' dir='ltr'><strong>pradellae,</strong></span> <span class='ocrx_word' id='word_1_193' title='bbox 1225 3006 1385 3074; x_wconf 87' lang='lat' dir='ltr'><strong>demissae</strong></span> <span class='ocrx_word' id='word_1_194' title='bbox 1408 3009 1484 3084; x_wconf 78' lang='lat' dir='ltr'><strong>sint·</strong></span> <span class='ocrx_word' id='word_1_195' title='bbox 1503 3007 1619 3075; x_wconf 89' lang='lat' dir='ltr'><strong>nullae</strong></span> <span class='ocrx_word' id='word_1_196' title='bbox 1639 3008 1680 3073; x_wconf 91' lang='lat' dir='ltr'><strong>ab</strong></span> 
     </span>
     <span class='ocr_line' id='line_1_26' title="bbox 468 3113 1680 3204; baseline -0.002 -21"><span class='ocrx_word' id='word_1_197' title='bbox 468 3119 541 3184; x_wconf 87' lang='lat' dir='ltr'><strong>ulla</strong></span> <span class='ocrx_word' id='word_1_198' title='bbox 573 3122 677 3204; x_wconf 88' lang='lat' dir='ltr'><strong>parte,</strong></span> <span class='ocrx_word' id='word_1_199' title='bbox 709 3114 877 3180; x_wconf 87' lang='lat' dir='ltr'><strong>bombacio</strong></span> <span class='ocrx_word' id='word_1_200' title='bbox 908 3113 1057 3180; x_wconf 86' lang='lat' dir='ltr'><strong>caerulei</strong></span> <span class='ocrx_word' id='word_1_201' title='bbox 1089 3113 1295 3198; x_wconf 88' lang='lat' dir='ltr'><strong>alteriusque</strong></span> <span class='ocrx_word' id='word_1_202' title='bbox 1331 3113 1454 3180; x_wconf 91' lang='lat' dir='ltr'><strong>coloris</strong></span> <span class='ocrx_word' id='word_1_203' title='bbox 1488 3114 1680 3181; x_wconf 82' lang='lat' dir='ltr'><strong>elaboratae</strong></span> 
     </span>
     <span class='ocr_line' id='line_1_27' title="bbox 467 3220 1678 3306; baseline -0.003 -14"><span class='ocrx_word' id='word_1_204' title='bbox 467 3228 544 3302; x_wconf 88' lang='lat' dir='ltr'><strong>sint,</strong></span> <span class='ocrx_word' id='word_1_205' title='bbox 567 3222 743 3290; x_wconf 88' lang='lat' dir='ltr'><strong>latitudine</strong></span> <span class='ocrx_word' id='word_1_206' title='bbox 766 3242 847 3288; x_wconf 89' lang='lat' dir='ltr'><strong>vero</strong></span> <span class='ocrx_word' id='word_1_207' title='bbox 862 3228 966 3287; x_wconf 89' lang='lat' dir='ltr'><strong>totam</strong></span> <span class='ocrx_word' id='word_1_208' title='bbox 982 3220 1111 3288; x_wconf 83' lang='lat' dir='ltr'><strong>Altaris</strong></span> <span class='ocrx_word' id='word_1_209' title='bbox 1126 3239 1273 3287; x_wconf 88' lang='lat' dir='ltr'><strong>mensam</strong></span> <span class='ocrx_word' id='word_1_210' title='bbox 1289 3226 1480 3306; x_wconf 85' lang='lat' dir='ltr'><strong>contegant,</strong></span> <span class='ocrx_word' id='word_1_211' title='bbox 1501 3222 1678 3288; x_wconf 80' lang='lat' dir='ltr'><strong>inferiores</strong></span> 
     </span>
     <span class='ocr_line' id='line_1_28' title="bbox 467 3330 1268 3421; baseline -0.006 -23"><span class='ocrx_word' id='word_1_212' title='bbox 467 3334 604 3419; x_wconf 87' lang='lat' dir='ltr'><strong>Mappae</strong></span> <span class='ocrx_word' id='word_1_213' title='bbox 627 3338 732 3397; x_wconf 86' lang='lat' dir='ltr'><strong>totam</strong></span> <span class='ocrx_word' id='word_1_214' title='bbox 753 3331 874 3396; x_wconf 87' lang='lat' dir='ltr'><strong>saltem</strong></span> <span class='ocrx_word' id='word_1_215' title='bbox 897 3349 1042 3396; x_wconf 88' lang='lat' dir='ltr'><strong>mensam</strong></span> <span class='ocrx_word' id='word_1_216' title='bbox 1067 3330 1268 3421; x_wconf 88' lang='lat' dir='ltr'><strong>cooperiant.</strong></span> 
     </span>
    </p>

    <p class='ocr_par' dir='ltr' id='par_1_8' title="bbox 465 3435 1679 3849">
     <span class='ocr_line' id='line_1_29' title="bbox 555 3435 1678 3523; baseline -0.001 -18"><span class='ocrx_word' id='word_1_217' title='bbox 555 3440 709 3523; x_wconf 82' lang='lat' dir='ltr'><strong>Mappae</strong></span> <span class='ocrx_word' id='word_1_218' title='bbox 727 3457 797 3521; x_wconf 85' lang='lat' dir='ltr'><strong>pro</strong></span> <span class='ocrx_word' id='word_1_219' title='bbox 824 3437 1074 3505; x_wconf 76' lang='lat' dir='ltr'><strong>communione</strong></span> <span class='ocrx_word' id='word_1_220' title='bbox 1095 3435 1311 3514; x_wconf 85' lang='lat' dir='ltr'><strong>adhibendae,</strong></span> <span class='ocrx_word' id='word_1_221' title='bbox 1329 3457 1396 3504; x_wconf 92' lang='lat' dir='ltr'><strong>non</strong></span> <span class='ocrx_word' id='word_1_222' title='bbox 1412 3457 1518 3523; x_wconf 86' lang='lat' dir='ltr'><strong>supra¹</strong></span> <span class='ocrx_word' id='word_1_223' title='bbox 1534 3458 1678 3515; x_wconf 77' lang='lat' dir='ltr'><strong>scamna,</strong></span> 
     </span>
     <span class='ocr_line' id='line_1_30' title="bbox 466 3542 1679 3631; baseline -0.002 -17"><span class='ocrx_word' id='word_1_224' title='bbox 466 3568 524 3614; x_wconf 89' lang='lat' dir='ltr'><strong>seu</strong></span> <span class='ocrx_word' id='word_1_225' title='bbox 548 3545 728 3622; x_wconf 90' lang='lat' dir='ltr'><strong>cancellos,</strong></span> <span class='ocrx_word' id='word_1_226' title='bbox 753 3544 885 3631; x_wconf 89' lang='lat' dir='ltr'><strong>(borum</strong></span> <span class='ocrx_word' id='word_1_227' title='bbox 909 3546 996 3610; x_wconf 91' lang='lat' dir='ltr'><strong>enirn</strong></span> <span class='ocrx_word' id='word_1_228' title='bbox 1019 3542 1262 3629; x_wconf 80' lang='lat' dir='ltr'><strong>longitudinem</strong></span> <span class='ocrx_word' id='word_1_229' title='bbox 1277 3544 1480 3630; x_wconf 82' lang='lat' dir='ltr'><strong>aequabunt)</strong></span> <span class='ocrx_word' id='word_1_230' title='bbox 1501 3544 1601 3630; x_wconf 86' lang='lat' dir='ltr'><strong>longe</strong></span> <span class='ocrx_word' id='word_1_231' title='bbox 1617 3565 1679 3631; x_wconf 83' lang='lat' dir='ltr'><strong>pe-</strong></span> 
     </span>
     <span class='ocr_line' id='line_1_31' title="bbox 465 3650 1678 3737; baseline -0.004 -16"><span class='ocrx_word' id='word_1_232' title='bbox 465 3660 560 3722; x_wconf 84' lang='lat' dir='ltr'><strong>teant</strong></span> <span class='ocrx_word' id='word_1_233' title='bbox 582 3652 710 3720; x_wconf 84' lang='lat' dir='ltr'><strong>cubitos</strong></span> <span class='ocrx_word' id='word_1_234' title='bbox 733 3658 812 3728; x_wconf 90' lang='lat' dir='ltr'><strong>tres,</strong></span> <span class='ocrx_word' id='word_1_235' title='bbox 837 3651 907 3717; x_wconf 88' lang='lat' dir='ltr'><strong>late</strong></span> <span class='ocrx_word' id='word_1_236' title='bbox 936 3651 1072 3718; x_wconf 83' lang='lat' dir='ltr'><strong>circiter</strong></span> <span class='ocrx_word' id='word_1_237' title='bbox 1102 3650 1194 3725; x_wconf 84' lang='lat' dir='ltr'><strong>duos,</strong></span> <span class='ocrx_word' id='word_1_238' title='bbox 1229 3652 1338 3737; x_wconf 80' lang='lat' dir='ltr'><strong>captu</strong></span> <span class='ocrx_word' id='word_1_239' title='bbox 1372 3670 1490 3722; x_wconf 75' lang='lat' dir='ltr'><strong>carim</strong></span> <span class='ocrx_word' id='word_1_240' title='bbox 1519 3654 1678 3722; x_wconf 72' lang='lat' dir='ltr'><strong>exornari</strong></span> 
     </span>
     <span class='ocr_line' id='line_1_32' title="bbox 466 3766 1442 3849; baseline -0.002 -22"><span class='ocrx_word' id='word_1_241' title='bbox 466 3766 654 3849; x_wconf 84' lang='lat' dir='ltr'><strong>poterunt..</strong></span> <span class='ocrx_word' id='word_1_242' title='bbox 1344 3799 1346 3806; x_wconf 93' lang='lat'>·</span> <span class='ocrx_word' id='word_1_243' title='bbox 1440 3811 1442 3816; x_wconf 90' lang='lat'><em>.</em></span> 
     </span>
    </p>

    <p class='ocr_par' dir='ltr' id='par_1_9' title="bbox 464 3865 1677 4383">
     <span class='ocr_line' id='line_1_33' title="bbox 553 3865 1677 3955; baseline -0.001 -19"><span class='ocrx_word' id='word_1_244' title='bbox 553 3870 700 3937; x_wconf 67' lang='lat' dir='ltr'><strong>Maeote</strong></span> <span class='ocrx_word' id='word_1_245' title='bbox 717 3868 805 3937; x_wconf 78' lang='lat' dir='ltr'><strong>nibil</strong></span> <span class='ocrx_word' id='word_1_246' title='bbox 833 3866 964 3955; x_wconf 78' lang='lat' dir='ltr'><strong>profani</strong></span> <span class='ocrx_word' id='word_1_247' title='bbox 995 3866 1128 3943; x_wconf 82' lang='lat' dir='ltr'><strong>habeat,</strong></span> <span class='ocrx_word' id='word_1_248' title='bbox 1158 3865 1217 3932; x_wconf 85' lang='lat' dir='ltr'><strong>sed</strong></span> <span class='ocrx_word' id='word_1_249' title='bbox 1247 3865 1379 3952; x_wconf 83' lang='lat' dir='ltr'><strong>Grucie</strong></span> <span class='ocrx_word' id='word_1_250' title='bbox 1396 3867 1535 3952; x_wconf 69' lang='lat' dir='ltr'><strong>insigne,</strong></span> <span class='ocrx_word' id='word_1_251' title='bbox 1567 3867 1677 3935; x_wconf 82' lang='lat' dir='ltr'><strong>aliave</strong></span> 
     </span>
     <span class='ocr_line' id='line_1_34' title="bbox 466 3961 1676 4062; baseline 0.001 -18"><span class='ocrx_word' id='word_1_252' title='bbox 466 3978 580 4044; x_wconf 85' lang='lat' dir='ltr'><strong>Sancti</strong></span> <span class='ocrx_word' id='word_1_253' title='bbox 603 3976 764 4043; x_wconf 74' lang='lat' dir='ltr'><strong>&#39;titularis</strong></span> <span class='ocrx_word' id='word_1_254' title='bbox 786 3975 896 4060; x_wconf 83' lang='lat' dir='ltr'><strong>lmago</strong></span> <span class='ocrx_word' id='word_1_255' title='bbox 923 3975 957 4039; x_wconf 91' lang='lat' dir='ltr'><strong>in</strong></span> <span class='ocrx_word' id='word_1_256' title='bbox 985 3975 1076 4039; x_wconf 85' lang='lat' dir='ltr'><strong>corio</strong></span> <span class='ocrx_word' id='word_1_257' title='bbox 1106 3961 1237 4062; x_wconf 84' lang='lat' dir='ltr'><strong>depicta</strong></span> <span class='ocrx_word' id='word_1_258' title='bbox 1266 3978 1434 4060; x_wconf 82' lang='lat' dir='ltr'><strong>appareat,</strong></span> <span class='ocrx_word' id='word_1_259' title='bbox 1466 3975 1676 4060; x_wconf 83' lang='lat' dir='ltr'><strong>signaculum</strong></span> 
     </span>
     <span class='ocr_line' id='line_1_35' title="bbox 464 4080 1676 4171; baseline -0.001 -20"><span class='ocrx_word' id='word_1_260' title='bbox 464 4084 611 4171; x_wconf 86' lang='lat' dir='ltr'><strong>ejusdem</strong></span> <span class='ocrx_word' id='word_1_261' title='bbox 634 4090 788 4149; x_wconf 89' lang='lat' dir='ltr'><strong>constare</strong></span> <span class='ocrx_word' id='word_1_262' title='bbox 812 4082 968 4148; x_wconf 85' lang='lat' dir='ltr'><strong>convenit</strong></span> <span class='ocrx_word' id='word_1_263' title='bbox 991 4080 1150 4148; x_wconf 79' lang='lat' dir='ltr'><strong>funiculis</strong></span> <span class='ocrx_word' id='word_1_264' title='bbox 1174 4081 1290 4148; x_wconf 83' lang='lat' dir='ltr'><strong>sericis</strong></span> <span class='ocrx_word' id='word_1_265' title='bbox 1311 4080 1481 4162; x_wconf 80' lang='lat' dir='ltr'><strong>duodenis,</strong></span> <span class='ocrx_word' id='word_1_266' title='bbox 1505 4081 1607 4168; x_wconf 88' lang='lat' dir='ltr'><strong>longe</strong></span> <span class='ocrx_word' id='word_1_267' title='bbox 1629 4084 1676 4150; x_wconf 83' lang='lat' dir='ltr'><strong>ita</strong></span> 
     </span>
     <span class='ocr_line' id='line_1_36' title="bbox 464 4187 1675 4273; baseline -0.002 -17"><span class='ocrx_word' id='word_1_268' title='bbox 464 4192 582 4261; x_wconf 90' lang='lat' dir='ltr'><strong>ductis,</strong></span> <span class='ocrx_word' id='word_1_269' title='bbox 607 4197 644 4255; x_wconf 92' lang='lat' dir='ltr'><strong>ut</strong></span> <span class='ocrx_word' id='word_1_270' title='bbox 667 4190 810 4257; x_wconf 85' lang='lat' dir='ltr'><strong>Missalis</strong></span> <span class='ocrx_word' id='word_1_271' title='bbox 842 4187 1082 4273; x_wconf 90' lang='lat' dir='ltr'><strong>longitudinem</strong></span> <span class='ocrx_word' id='word_1_272' title='bbox 1106 4188 1166 4254; x_wconf 77' lang='lat' dir='ltr'><strong>vix</strong></span> <span class='ocrx_word' id='word_1_273' title='bbox 1195 4189 1339 4272; x_wconf 85' lang='lat' dir='ltr'><strong>quinque</strong></span> <span class='ocrx_word' id='word_1_274' title='bbox 1370 4188 1478 4254; x_wconf 90' lang='lat' dir='ltr'><strong>unciis</strong></span> <span class='ocrx_word' id='word_1_275' title='bbox 1500 4188 1675 4260; x_wconf 66' lang='lat' dir='ltr'><strong>excedant.</strong></span> 
     </span>
     <span class='ocr_line' id='line_1_37' title="bbox 467 4293 1675 4383; baseline -0.001 -20"><span class='ocrx_word' id='word_1_276' title='bbox 467 4297 622 4383; x_wconf 82' lang='lat' dir='ltr'><strong>Ejusdem</strong></span> <span class='ocrx_word' id='word_1_277' title='bbox 646 4298 908 4380; x_wconf 87' lang='lat' dir='ltr'><strong>integumentum</strong></span> <span class='ocrx_word' id='word_1_278' title='bbox 934 4298 979 4359; x_wconf 86' lang='lat' dir='ltr'><strong>ita</strong></span> <span class='ocrx_word' id='word_1_279' title='bbox 1004 4296 1104 4378; x_wconf 87' lang='lat' dir='ltr'><strong>longe</strong></span> <span class='ocrx_word' id='word_1_280' title='bbox 1127 4293 1303 4359; x_wconf 88' lang='lat' dir='ltr'><strong>deductum</strong></span> <span class='ocrx_word' id='word_1_281' title='bbox 1320 4296 1372 4370; x_wconf 87' lang='lat' dir='ltr'><strong>sit,</strong></span> <span class='ocrx_word' id='word_1_282' title='bbox 1391 4302 1428 4359; x_wconf 90' lang='lat' dir='ltr'><strong>ut</strong></span> <span class='ocrx_word' id='word_1_283' title='bbox 1444 4293 1485 4359; x_wconf 93' lang='lat' dir='ltr'><strong>ab</strong></span> <span class='ocrx_word' id='word_1_284' title='bbox 1502 4298 1566 4361; x_wconf 90' lang='lat' dir='ltr'><strong>ima</strong></span> <span class='ocrx_word' id='word_1_285' title='bbox 1581 4303 1675 4382; x_wconf 87' lang='lat' dir='ltr'><strong>parte</strong></span> 
     </span>
    </p>
   </div>
   <div class='ocr_carea' id='block_1_3' title="bbox 0 0 2092 5717">
    <p class='ocr_par' dir='ltr' id='par_1_10' title="bbox 0 0 2092 5717">
     <span class='ocr_line' id='line_1_38' title="bbox 0 0 2092 5717; baseline 0 4"><span class='ocrx_word' id='word_1_286' title='bbox 0 0 2092 5717; x_wconf 95' lang='lat' dir='ltr'><strong> </strong></span> 
     </span>
    </p>
   </div>
  </div>
 </body>
</html>
