4175 5717
535 686 597 750 llo
990 703 1056 750 nia.
1082 703 1116 750 11.

527 811 580 876 25.
605 811 657 877 Ad
678 811 797 876 Altero
821 811 933 875 statim
956 807 1115 874 ascendet
1136 809 1225 874 alter
1249 809 1393 874 clericus
1416 828 1491 874 cum
1522 809 1666 876 vasculo

439 927 474 985 et
496 920 689 1006 aspergillo,
713 939 753 984 ac
777 920 942 985 Diaconos
974 924 1147 1003 acceptum
1179 916 1397 1002 aspergillum
1420 915 1533 982 tradet
1563 915 1669 984 Gele-

438 1027 558 1092 branti.
577 1029 759 1095 celebrans
782 1033 913 1112 sumpto
936 1024 1119 1110 aspergillo
1143 1030 1298 1110 asperget
1320 1022 1477 1090 candelas
1493 1025 1528 1089 in
1544 1023 1667 1102 medio,

437 1136 478 1200 ad
502 1137 670 1202 sinistram
693 1142 727 1201 et
750 1135 790 1200 ad
814 1135 987 1201 dexteram
1011 1153 1105 1197 snam
1129 1131 1241 1198 dicens
1258 1131 1420 1198 submissa
1436 1151 1518 1198 voce
1535 1130 1668 1220 antiph.

439 1243 615 1326 Asperpcs
637 1263 692 1309 ruo
714 1251 775 1310 etc.
801 1249 833 1308 et
857 1242 1079 1328 aspersorium
1104 1241 1261 1305 restituet
1284 1241 1440 1316 Diacono,
1465 1240 1520 1306 hic
1550 1245 1668 1306 autern

438 1351 562 1416 clerico
586 1350 765 1437 praedicto.
790 1351 912 1414 Postea
936 1349 1173 1414 thuriferarius
1198 1348 1407 1413 thuribulum
1437 1347 1549 1413 tradet
1585 1347 1670 1414 Dia-

437 1479 531 1528 cono,
556 1471 589 1523 et
612 1461 666 1522 hic
690 1458 890 1534 Celebranti,
916 1459 971 1541 qui
995 1457 1079 1521 nihil
1110 1456 1222 1522 dicens
1257 1455 1413 1522 candelas
1447 1455 1600 1522 adolebit
1634 1457 1670 1524 in

440 1566 555 1642 medio,
580 1586 600 1630 a
625 1567 767 1632 sinistris
793 1573 829 1631 et
858 1585 877 1630 a
908 1564 1056 1630 dexteris
1085 1565 1163 1639 suis,
1195 1583 1235 1629 ac
1264 1563 1473 1630 thuribulum
1505 1565 1672 1632 restituet

438 1674 592 1748 Diacono,
616 1695 636 1737 a
659 1692 723 1756 quo
748 1671 833 1737 illud
860 1673 997 1758 recipiet
1013 1671 1262 1736 thuriferarius.

523 1782 575 1844 ab.
602 1780 828 1845 subdiaconus
842 1778 985 1844 dimittet
997 1776 1158 1842 fimbriam
1172 1778 1329 1864 pluvialis
1343 1777 1552 1846 Celebrantis
1566 1797 1672 1864 quam

435 1890 596 1953 hactonus
621 1889 818 1953 sustinuerit.
841 1893 874 1952 et
897 1886 938 1950 ad
962 1887 1131 1950 sinistram
1155 1885 1247 1950 illius
1263 1884 1393 1950 redibit.

522 1998 575 2061 ⁴37.
600 1997 672 2060 Duo
696 1996 812 2061 clerici
835 2015 910 2059 cum
934 1993 1108 2060 thuribulo
1132 2001 1165 2060 et
1189 2014 1262 2059 cum
1288 1993 1425 2058 vasculo
1450 1992 1613 2062 redibunt
1628 1993 1672 2062 ad

435 2106 583 2182 alaeam,
608 2105 716 2188 ibique
740 2124 794 2169 res
818 2102 896 2167 illas
920 2102 1096 2188 deponent.

522 2214 574 2278 28.
600 2211 748 2277 Sacrista
770 2212 915 2296 accipiet
937 2210 1111 2274 candelari
1135 2208 1343 2276 celebrantis
1367 2215 1401 2274 ot
1427 2208 1575 2275 alteram
1607 2231 1673 2299 pro

435 2320 586 2405 digniore
610 2319 709 2384 Cleri.

521 2427 574 2492 29.
600 2426 781 2492 Celebrans
807 2447 882 2490 cum
907 2425 1069 2490 Ministris
1093 2426 1206 2490 veniet
1231 2425 1272 2490 ad
1304 2425 1446 2490 medium
1476 2425 1603 2492 Altare
1636 2433 1674 2494 et

434 2540 651 2601 corruertetur
675 2554 793 2599 versus
816 2533 950 2619 gradus.
975 2532 1139 2597 Diaconus
1163 2532 1307 2598 adstabit
1330 2534 1485 2598 sinistrae
1508 2553 1550 2598 ac
1577 2533 1673 2600 Sub-

433 2643 592 2708 diaconns
617 2641 777 2707 dexterae
802 2640 1019 2718 celebrantis,
1043 2647 1078 2704 et
1107 2638 1267 2706 fimbriam
1297 2640 1471 2707 dexteram
1502 2640 1673 2727 pluvialis

435 2752 506 2817 eius
530 2751 717 2816 sustinebit.

519 2859 572 2924 30.
600 2858 747 2923 Sacrista
769 2856 907 2922 accedet
929 2856 971 2921 ad
996 2854 1114 2926 Altare
1139 2877 1239 2943 super
1261 2855 1385 2942 gradus
1408 2875 1510 2943 prope
1540 2857 1671 2926 Diaco-

435 2985 514 3030 num
538 2986 612 3030 oum
637 2963 784 3030 candelis
808 2963 996 3050 praedictis.

519 3074 572 3138 31.
598 3074 884 3140 caeremoniarius
908 3072 1098 3138 admonebit
1120 3072 1303 3158 digniorem
1320 3072 1420 3150 Cleri,
1434 3074 1490 3158 qui
1505 3073 1581 3142 sine
1598 3081 1670 3142 sto·

433 3182 476 3252 lo.
507 3187 545 3246 ut
571 3201 673 3266 supra
699 3180 823 3245 dictum
855 3185 915 3256 est,
940 3179 1184 3266 approximabit
1206 3180 1247 3245 ad
1271 3180 1413 3246 medium
1437 3181 1560 3248 Altare
1584 3189 1670 3252 ante

431 3287 555 3372 gradus
573 3289 682 3373 ipsius.
698 3288 805 3372 ibique
824 3291 1046 3353 reverentiam
1062 3294 1121 3354 aut
1139 3285 1406 3375 genuflexionem
1422 3289 1536 3354 faciet:
1550 3309 1671 3358 ascen·

432 3395 488 3460 det
506 3397 537 3459 in
554 3395 693 3480 gradum
711 3397 926 3481 superiorem,
942 3401 975 3460 et
991 3402 1161 3482 acceptam
1178 3417 1198 3461 a
1215 3396 1362 3461 Sacrista
1378 3394 1553 3461 candelam
1570 3417 1672 3464 oscu-

433 3502 558 3567 labitur
580 3522 620 3567 ac
644 3505 792 3588 porriget
819 3503 1021 3576 Celebranti,
1047 3505 1126 3587 quin
1150 3506 1220 3569 eius
1245 3523 1376 3568 manum
1400 3503 1586 3570 osculetur.

521 3608 574 3674 32.
602 3609 783 3676 Celebrans
806 3613 946 3696 accipiet
969 3610 1151 3684 candelam,
1173 3610 1380 3677 osculabitur
1403 3612 1505 3697 ipsam
1530 3631 1571 3678 ac
1596 3619 1670 3682 tra-

431 3716 487 3782 det
512 3716 667 3793 Diacono,
692 3719 746 3800 qui
774 3724 874 3802 ponet
897 3737 968 3782 eam
993 3739 1093 3803 super
1117 3717 1246 3784 Altare.
1272 3717 1396 3785 Deinde
1419 3718 1504 3784 idem
1528 3719 1669 3806 dignior

432 3829 519 3898 inter
542 3822 689 3899 Clarum,
715 3825 776 3889 nisi
801 3824 905 3890 fuerit
929 3825 1114 3890 canonicus
1137 3832 1197 3890 aut
1220 3825 1372 3904 Praesul,
1402 3819 1684 3912 adgeniculatus'

430 3929 462 3996 in
497 3922 649 3997 extiemo
680 3931 888 4017 suppedaneo
912 3934 1054 4018 accipiet
1076 3953 1096 3998 a
1120 3932 1321 3998 Gelebrante
1350 3932 1534 4012 candelam,
1559 3955 1664 4020 quam

429 4038 637 4104 osculabitur
654 4040 805 4124 primum,
824 4037 941 4104 deinde
958 4060 1091 4105 manum
1110 4040 1318 4106 Celebrantis
1334 4046 1369 4106 at
1385 4041 1412 4104 si
1430 4040 1534 4108 fuerit
1550 4043 1665 4112 Prae-

430 4147 483 4212 sul
507 4147 647 4232 accipiet
670 4167 742 4211 eam
767 4152 858 4211 stans
882 4153 916 4212 et
939 4148 1111 4213 candelam
1136 4155 1266 4214 tantum
1290 4147 1505 4226 osculabitur,
1535 4151 1562 4216 si
1593 4151 1662 4220 Ga-

433 4256 581 4332 nonicns
606 4262 697 4320 stans
715 4261 749 4320 et
764 4256 832 4340 ipse
847 4255 941 4319 illam
964 4258 1113 4341 accipiet,
1132 4255 1188 4321 sed
1205 4255 1380 4324 candelam
1395 4261 1429 4320 et
1446 4256 1659 4326 Celebrantis

432 4381 563 4426 manum
587 4365 713 4449 pariter
737 4362 954 4428 osculabitur.
980 4365 1101 4430 Postea
1124 4363 1163 4427 do
1187 4364 1298 4429 Altari
1322 4363 1501 4431 descendet
1523 4370 1558 4432 et
1580 4387 1656 4442 cum

433 4464 550 4532 debitis
575 4470 775 4536 reverentiis
797 4470 853 4535 uel
877 4490 951 4534 cum
975 4469 1209 4555 genuflexione
1225 4471 1347 4537 redibit
1361 4471 1403 4537 ad
1419 4472 1531 4538 locum
1547 4491 1654 4540 suum.

432 4569 579 4639 Candela
604 4578 711 4644 danda
734 4578 886 4666 digniori,
910 4578 1064 4646 tradetur
1089 4577 1279 4644 Celebranti
1303 4600 1322 4643 a
1346 4580 1501 4646 Diacono.
