4175 5717
981 719 1049 771 ara.
1076 705 1124 772 ur.

899 939 1063 1005 TERTIA
1087 939 1200 1006 PARS

531 1175 599 1241 Cel.
625 1181 644 1248 l
670 1173 811 1240 Crucem
834 1183 926 1240 tuam
949 1174 1137 1250 adoramus,
1151 1173 1297 1251 deine,
1315 1179 1350 1240 et
1372 1179 1524 1240 sanctam
1541 1171 1663 1240 Resur-

440 1303 621 1368 rectidnem
652 1309 743 1368 tuam
772 1301 946 1367 laudamus
971 1309 1006 1367 et
1027 1299 1277 1386 glorificamus:
1302 1320 1381 1368 ecce
1412 1303 1501 1367 euim
1526 1309 1663 1388 propter

438 1428 566 1512 lignum
590 1430 682 1494 venit
705 1427 863 1514 gaudium
887 1430 921 1492 in
945 1427 1106 1492 universo
1130 1426 1263 1493 mundo,

526 1553 621 1620 Psal.
646 1553 735 1619 Deus
759 1555 959 1620 misereatur
982 1555 1090 1618 nostri
1114 1561 1149 1619 et
1171 1552 1349 1620 benedicat
1373 1553 1485 1620 nobis:

526 1680 557 1744 2.
581 1685 615 1745 et
637 1679 668 1744 3.
696 1678 745 1745 Οἱ.
770 1689 805 1760 ra.
830 1678 1003 1744 llldminet
1033 1678 1166 1744 vultum
1191 1699 1287 1745 suum
1318 1697 1516 1764 supernos,
1541 1682 1575 1744 et
1599 1677 1661 1743 mi-

438 1806 592 1869 sereatur
616 1806 732 1870 nostri.

529 1932 595 1998 Cel.
621 1938 652 2005 i.
677 1930 818 1998 Crucem
845 1939 935 1997 tuam
966 1932 1114 2010 deine,
1143 1931 1331 2008 aderamus,
1355 1936 1391 1997 et
1412 1937 1566 1998 sanctam
1592 1929 1661 1996 aa·

437 2057 681 2123 surrectidnem
704 2065 796 2123 tuam
819 2056 995 2123 laudamus
1010 2064 1046 2123 et
1061 2055 1304 2144 glorificamus:
1322 2075 1400 2122 acce
1416 2057 1507 2122 enim
1524 2061 1662 2142 propter

437 2183 565 2267 lignum
589 2185 681 2247 venit
703 2182 861 2268 gaudium
884 2185 917 2248 in
943 2185 1101 2248 universo
1125 2182 1258 2248 mundo.

524 2308 556 2372 2.
581 2316 613 2376 et
636 2309 667 2372 3.
696 2309 743 2376 Ol.
769 2319 793 2389 a
819 2308 912 2375 Crux
935 2307 1043 2376 fidelis
1069 2307 1157 2376 inter
1181 2328 1305 2385 omnes,
1322 2307 1424 2374 arbor
1439 2327 1509 2374 una
1528 2307 1660 2384 nabilis,

437 2434 533 2500 nulla
556 2435 656 2521 sylva
679 2436 781 2501 talem
805 2435 935 2521 prefert
959 2434 1088 2512 fronde,
1106 2433 1200 2512 flore,
1216 2435 1375 2522 germine.
1393 2433 1503 2502 Dulce
1518 2433 1659 2522 lignum,

435 2560 552 2626 dulces
575 2561 699 2638 clavos,
724 2560 824 2626 dulce
847 2560 975 2647 pondus
1000 2560 1152 2626 sustinet.

528 2689 594 2755 Cel.
621 2693 651 2760 t.
677 2689 790 2772 Pange
814 2686 931 2772 lingua
954 2688 1092 2773 gleridsi
1115 2686 1267 2753 lauream
1284 2687 1486 2753 certaminis:
1507 2693 1543 2754 at
1560 2705 1660 2774 super

436 2813 552 2878 Crucis
576 2814 736 2898 trophaeo
766 2813 819 2878 dic
846 2812 1049 2898 tririmphum
1082 2812 1247 2878 ndbilem:
1273 2811 1420 2897 qualiter
1450 2811 1659 2900 Redemptor

435 2938 523 3004 orbis
549 2938 739 3003 immolatus
765 2936 893 3004 ricerii.

520 3065 551 3130 2.
576 3072 608 3131 et
631 3066 663 3130 3.
692 3066 740 3132 Cl.
765 3075 800 3146 a.
827 3065 919 3130 Orux
942 3063 1049 3130 fidelis
1066 3066 1155 3131 inter
1170 3085 1294 3142 omnes,
1312 3065 1414 3131 arbor
1430 3083 1500 3131 una
1523 3063 1657 3142 nabilis,

433 3190 528 3256 nulla
551 3190 650 3276 sylva
672 3190 776 3255 talem
799 3191 939 3276 profert,
965 3189 1094 3266 fronde,
1119 3189 1212 3268 flore,
1237 3191 1397 3278 germine.

523 3316 589 3382 Cel.
616 3321 646 3388 i.
672 3315 718 3380 De
749 3313 898 3401 parentis
929 3314 1129 3401 protoplasti
1161 3315 1279 3382 fraude
1310 3316 1420 3382 factor
1449 3315 1656 3396 cdndoleus;

430 3441 561 3526 quaudo
585 3443 671 3527 pomi
702 3443 847 3508 noxialis
870 3443 903 3506 in
927 3462 1042 3507 necem
1066 3462 1180 3508 morsu
1204 3444 1292 3520 ruit;
1319 3444 1388 3529 ipse
1412 3443 1546 3530 lignum
1572 3451 1655 3512 tuna

432 3569 572 3644 notavit,
596 3566 716 3633 damna
739 3569 821 3654 ligni
846 3574 883 3633 ut
906 3568 1067 3634 sdlveret.
1516 3641 1521 3648 ,

519 3695 550 3758 2.
575 3699 607 3760 et
630 3694 662 3758 3.
691 3694 739 3760 Οἱ.
763 3703 800 3772 m.
825 3693 930 3759 Dulce
954 3692 1093 3778 liguum,
1114 3693 1230 3760 dulces
1254 3693 1380 3770 claros,
1405 3693 1506 3762 dulce
1524 3695 1656 3784 pondus

432 3818 584 3887 sustinet.

523 3947 591 4014 Cel.
616 3952 647 4020 t.
673 3945 744 4013 Hoc
768 3965 850 4033 opus
875 3954 1011 4014 nostrae
1034 3944 1153 4013 salutis
1170 3946 1251 4013 ordo
1267 3945 1518 4033 depopdscerat‚
1536 3945 1681 4016 multi·¹

431 4072 546 4139 fdrmis
569 4072 748 4160 proditdris
771 4093 827 4139 ars
853 4080 890 4140 ut
904 4080 1011 4140 artem
1027 4073 1176 4140 falleret:
1201 4079 1235 4138 et
1251 4071 1414 4138 medelam
1431 4073 1542 4142 ferret
1566 4075 1652 4156 iude,

430 4201 534 4266 hostis
559 4200 646 4265 unde
669 4201 829 4266 laeserat.

517 4329 547 4393 2.
573 4335 605 4394 et
628 4328 659 4391 3.
688 4328 735 4393 Ol.
761 4337 795 4408 a.
822 4329 913 4394 Crux
937 4329 1044 4396 fidelis
1063 4331 1151 4394 inter
1171 4348 1293 4403 omnes,
1311 4326 1414 4392 arbor
1433 4346 1500 4393 una
1519 4328 1651 4406 nabilis

430 4453 526 4518 nulla
549 4454 648 4539 sylva
671 4454 772 4519 talem
797 4457 928 4540 profert
950 4453 1079 4528 fronde,
1106 4451 1196 4531 flore,
1222 4453 1381 4538 germine.

523 4581 589 4648 Cel.
615 4587 645 4652 5.
671 4580 809 4656 Quande
834 4581 921 4642 venit
947 4599 1028 4658 erue
1053 4582 1138 4647 sacri
1163 4581 1335 4667 pleninide
1361 4581 1541 4666 temporis3
1567 4583 1649 4650 mis·
