4175 5717
517 735 560 806 68
969 753 1035 804 nrn.
1058 751 1095 802 rr.

430 867 528 932 simul
551 865 730 942 coniuncti,
753 861 908 930 videlicet
930 862 1130 931 celebrante
1152 861 1259 929 medic
1281 863 1371 928 inter
1386 861 1588 938 lliaoonnin,¹
1605 865 1640 928 et

432 973 684 1050 Subdiaoonum,
709 971 889 1058 procedent
921 977 1000 1037 ante
1022 971 1151 1049 Altare,
1168 976 1203 1036 et
1225 977 1300 1037 oum
1322 972 1372 1037 eis
1394 967 1531 1037 coibunt
1552 969 1642 1036 Aoo·-

429 1081 528 1168 lythi.
551 1079 674 1146 Omnes
709 1079 931 1144 reverentiam
960 1075 1002 1143 ad
1033 1076 1173 1143 Crucem
1196 1076 1251 1143 vel
1273 1076 1352 1143 cd'
1343 1078 1518 1164 imaginem
1540 1095 1642 1144 exse·-

429 1193 582 1274 qnentnr,
606 1183 724 1252 deindo
746 1183 927 1252 (lelebrans
949 1203 1026 1250 oum
1048 1185 1210 1250 Ministria
1233 1189 1268 1251 et
1297 1183 1475 1271 Acolytbis
1504 1183 1642 1322 ¹(ilci-nnn

430 1315 559 1382 quoque
581 1293 786 1360 salutabunt

517 1399 674 1470 asisin
706 1399 866 1468 (lienus
858 1417 892 1464 m
922 1398 1026 1465 choro
1056 1398 1248 1476 remanebit,
1279 1397 1439 1486 Aoolytbi
1473 1323 1645 1486 progressi

431 1516 509 1576 ante
533 1507 651 1573 Altare
674 1507 811 1572 sacrarii
834 1504 1040 1583 dirimentur,
1064 1512 1103 1572 nt
1125 1505 1241 1593 paullo
1262 1511 1341 1572 ante
1369 1505 1495 1572 dictum
1524 1511 1587 1586 eat,
1611 1513 1647 1574 et

432 1615 659 1683 Subdiaconua
681 1631 721 1679 ao
743 1613 908 1679 lllaoonue
929 1618 1009 1678 ante
1032 1613 1151 1678 Altare
1172 1612 1364 1679 mansibont
1385 1611 1427 1678 ad
1454 1613 1565 1680 latera
1589 1613 1649 1682 (le-

431 1723 603 1799 lebrantis,
627 1725 662 1786 ct
695 1721 802 1806 capite
832 1718 963 1785 detecto
985 1715 1209 1786 reverentiam
1238 1726 1400 1806 peragent
1428 1719 1470 1786 ad
1504 1719 1649 1788 Orno&

432 1829 489 1894 vel
511 1827 553 1893 ad
577 1828 750 1912 imaginem
772 1828 992 1913 praecipuam,
1016 1832 1052 1893 et
1074 1841 1171 1892 sacra
1190 1825 1386 1894 indumenta
1408 1825 1596 1895 dernittcnt

520 1934 595 2001 232.
619 1931 779 2020 Aoolytbi
802 1931 1003 2000 candelabra
1024 1933 1191 2020 deponent
1206 1953 1270 2019 qno
1286 1935 1361 2000 loco
1377 1937 1591 2022 sumpserint,
1613 1941 1652 2004 et

433 2039 589 2108 candelas
607 2042 814 2126 extinguent
826 2037 945 2106 deinde
959 2038 1164 2109 adiuvabant
1175 2041 1344 2107 Ministros
1355 2040 1397 2107 ad
1409 2059 1522 2108 sacras
1533 2047 1652 2110 vestu

433 2148 613 2215 exuendas:
637 2147 922 2216 anremonierius
955 2147 1146 2214 adiumento
1168 2149 1234 2214 erit
1263 2149 1454 2217 celebranti
1475 2151 1510 2215 in
1541 2151 1655 2218 omri·

434 2257 634 2344 paramentis
650 2253 869 2322 demittendis.
886 2255 1018 2333 cleriei,
1035 2256 1142 2323 iuncti
1157 2255 1265 2323 officio
1279 2275 1350 2334 suo,
1367 2256 1654 2346 superpelliceum

434 2363 610 2451 deponent.

543 2686 594 2744 DE
615 2685 773 2746 salicta
793 2683 907 2744 canni
927 2685 978 2742 ET
998 2683 1143 2744 POPULI
1163 2685 1203 2743 in
1223 2685 1343 2744 missa
1363 2685 1543 2746 sonsum

901 2793 1185 2852 COMMUNIONE.

938 3099 1081 3168 onPur
1105 3100 1147 3167 V.

442 3338 470 3400 l.
496 3253 558 3411 Si
581 3335 682 3402 Glero
703 3337 737 3400 in
760 3335 863 3400 Missa
877 3333 1017 3401 solemni
1032 3334 1066 3401 S.
1084 3333 1276 3401 communio
1292 3335 1555 3406 administranda
1577 3341 1658 3418 erit,

439 3443 691 3530 praeparabitur
720 3443 860 3530 primum
890 3444 924 3508 in
957 3442 1060 3508 abaco
1085 3443 1188 3528 'pixis-
1207 3463 1281 3508 cum
1312 3445 1486 3530 particulis
1510 3461 1658 3513 numero

439 3547 614 3617 sufficienti
636 3557 767 3616 etcum
790 3552 956 3638 operculo
981 3551 1114 3616 tobalea
1145 3551 1242 3628 linea,
1266 3552 1368 3638 longa
1394 3559 1478 3619 ante·
1501 3569 1658 3622 commn-

440 3657 596 3723 nioandos
619 3655 825 3744 explicandae
848 3677 888 3724 ao
910 3659 938 3724 ei
961 3657 1158 3724 Sacerdotes
1181 3659 1289 3737 etiam,
1311 3664 1350 3725 ut
1372 3660 1456 3726 feria
1479 3661 1598 3745 quinta
1622 3663 1657 3728 in

441 3765 552 3831 Coena
574 3763 702 3829 Domini
723 3764 764 3829 de
787 3785 882 3831 sacra
905 3785 1018 3830 mensa
1039 3765 1292 3852 participabunt,
1316 3768 1351 3831 in
1374 3771 1527 3854 promptu
1551 3775 1658 3838 erunt

441 3871 556 3948 stolae,
580 3891 665 3955 quae
688 3872 767 3936 satis
791 3873 860 3938 sint
881 3891 1021 3938 numero
1055 3871 1344 3958 presbyterorum,
1368 3866 1564 3942 concolores
1592 3895 1658 3964 pa-

439 3978 608 4055 ramentis,
632 3997 716 4062 quae
739 3980 772 4043 in
795 3979 897 4044 Missa
919 3979 1059 4044 solemni
1081 3977 1290 4045 adhibentur.
1607 4065 1609 4070 Ι

528 4087 559 4152 2.
585 4082 873 4152 Oecremoniarius
896 4086 1037 4171 accipiet
1059 4082 1202 4172 pixidem
1225 4104 1269 4153 ex
1291 4085 1403 4165 abaco,
1427 4085 1557 4154 deleret
1580 4089 1656 4157 cadi

438 4197 478 4263 ad
502 4193 620 4260 liltore
644 4213 744 4278 quum
777 4191 1005 4259 Subdiaoonue
1030 4189 1149 4259 afferet
1169 4193 1326 4271 Calicem,
1358 4213 1496 4280 eamque
1526 4201 1657 4265 statuet

439 4324 540 4391 prope
562 4302 747 4388 corporale.

525 4412 556 4476 3.
581 4410 744 4476 Diaconos
768 4407 911 4494 pixidem
926 4411 1036 4473 sumet
1051 4413 1086 4472 et
1100 4405 1245 4493 deteget,
1258 4409 1494 4496 cooperculum
1509 4408 1658 4498 deponet

443 4521 542 4580 extra
564 4512 737 4603 corporale
760 4522 795 4582 et
816 4515 960 4603 pixidem
976 4533 1078 4600 supra
1093 4517 1267 4600 corporale
1282 4516 1407 4584 locabit
1420 4535 1540 4584 versus
1562 4515 1657 4586 latus

442 4641 548 4698 suum;
571 4628 641 4688 ium
664 4624 786 4710 pallam
811 4623 851 4691 de
874 4630 994 4712 patena
1015 4621 1190 4702 amovebit,
1203 4630 1355 4712 patenam
1378 4635 1452 4692 oum
1468 4625 1578 4694 boetia
1593 4645 1656 4696 su·
