4175 5717
520 739 586 804 212
976 761 1042 808 niu.
1068 762 1102 808 11.

433 869 555 933 tionem
574 885 645 951 pro
667 865 865 956 haereticis)
889 867 954 934 duo
970 867 1131 954 Acolytbi
1148 875 1280 934 sument
1296 874 1444 956 tapetum
1460 867 1648 934 violaceam

430 995 490 1062 pro
515 973 630 1042 Crucis
653 974 848 1044 adoratione
872 985 1115 1063 praeparatum,
1151 976 1366 1064 explicabunt
1396 983 1431 1042 et
1464 976 1650 1043 extendent

431 1084 536 1168 ipsum
559 1091 637 1148 ante
653 1083 780 1152 ¹Altare
804 1083 837 1148 i'n
862 1083 979 1162 medio,
1003 1104 1070 1151 non
1094 1104 1175 1150 vero
1198 1105 1218 1150 e
1242 1085 1360 1150 latere:
1384 1085 1523 1170 eiusque
1556 1103 1650 1150 aum-

429 1192 526 1256 mites
549 1192 719 1277 pertinget
742 1211 809 1256 non
825 1191 999 1258 sublimius
1015 1213 1113 1277 quarn
1129 1192 1170 1258 ed
1186 1191 1333 1262 influrum
1351 1193 1481 1260 Altaria
1496 1189 1646 1280 gradum:

430 1297 547 1364 deinde
571 1298 660 1364 alter
682 1299 855 1385 pulvinum
880 1300 1076 1378 violaceum,
1101 1300 1190 1366 elter
1213 1301 1325 1367 velum
1353 1301 1466 1366 album
1497 1301 1652 1386 accipiet,

431 1406 588 1493 pulvinus
611 1414 755 1492 ponetur
777 1427 878 1492 super
900 1407 1006 1492 gradu
1030 1407 1142 1474 infimo
1165 1411 1199 1474 in
1222 1409 1338 1487 medio,
1356 1417 1389 1474 et
1406 1409 1519 1474 velum
1536 1407 1651 1474 elbum

430 1534 531 1600 super
554 1513 727 1600 pulvinum
750 1534 916 1600 superque
940 1521 1088 1601 tapetum
1112 1518 1146 1580 in
1171 1516 1413 1602 longitudinem
1435 1515 1651 1583 extendetur.

519 1621 572 1686 43.
596 1622 775 1706 Postquam
800 1621 982 1690 Gelebrens
1005 1643 1119 1690 omnes
1143 1626 1310 1690 orationes
1335 1625 1510 1704 cecinerit,
1530 1623 1654 1692 clem·

432 1730 465 1793 in
489 1729 592 1796 choro
617 1728 810 1795 considebit.

518 1839 570 1902 44.
596 1835 759 1904 cantores
781 1837 847 1902 duo
872 1839 1005 1904 venient
1031 1859 1152 1905 versus
1175 1839 1265 1905 letus
1290 1839 1471 1925 Epistolee,
1497 1845 1537 1906 ut
1562 1839 1657 1906 θοὴ

432 1949 541 2014 inauli
557 1947 748 2013 adiumento
764 1946 881 2012 sintin
897 1951 1008 2022 cantu,
1026 1947 1299 2031 quemadmodum
1315 1969 1392 2014 mox
1412 1947 1656 2016 declarabitur.

519 2057 571 2121 45.
596 2057 678 2122 Post
701 2055 869 2122 orationes
893 2061 1059 2131 cantatae,
1082 2055 1263 2122 (lelebrans
1288 2057 1413 2124 medius
1438 2059 1527 2122 inter
1552 2057 1659 2122 blini-

429 2177 517 2230 stros
541 2185 561 2229 a
584 2164 692 2230 latere
715 2161 894 2230 descendet
915 2159 960 2226 de
980 2161 1092 2228 Alteri
1115 2169 1150 2228 et
1173 2171 1290 2249 perget
1312 2165 1353 2230 ad
1377 2165 1511 2230 solitum
1537 2183 1652 2232 smm-

433 2293 510 2337 nurn
534 2273 612 2358 ipsis
636 2279 880 2359 praeparatum.
906 2269 1088 2335 Celebrans
1112 2271 1155 2336 ibi
1172 2277 1205 2336 et
1222 2270 1458 2349 subdiaconus,
1475 2273 1502 2338 si
1520 2273 1573 2338 uti
1592 2273 1659 2360 ipsi

433 2379 555 2456 licebit,
580 2380 749 2466 planetam
771 2379 947 2464 deponent.
972 2379 1105 2444 Interea
1128 2380 1271 2446 clericus
1292 2381 1415 2464 aliquis
1439 2382 1473 2446 in
1496 2387 1658 2468 promptu

431 2487 566 2552 babebit
588 2486 774 2554 scabellum
796 2507 817 2551 e
840 2487 986 2553 Diacono
1010 2487 1179 2566 utendum,
1205 2491 1232 2554 si
1256 2509 1337 2574 opus
1362 2488 1474 2554 luerit.
1500 2487 1596 2556 Unus
1614 2507 1660 2556 ex

407 2594 612 2680 ‘Acolythis
636 2595 772 2660 blissale
797 2593 1005 2660 celebrantis
1028 2597 1168 2682 accipiet
1191 2602 1225 2661 et
1247 2603 1383 2681 paratus
1407 2596 1472 2661 erit
1494 2595 1538 2662 ad
1570 2595 1663 2664 illud

433 2701 666 2768 sustinendum
689 2708 767 2768 ente
791 2702 941 2768 eumdem
965 2702 1207 2782 Celebrantem,
1233 2709 1271 2769 ut
1304 2702 1458 2791 deinceps
1489 2703 1660 2772 tradetur.

520 2811 573 2876 46.
598 2810 781 2877 Celebrans
805 2811 893 2876 inter
928 2809 1099 2876 Ministros
1135 2810 1255 2877 redibit
1286 2810 1328 2877 ad
1358 2810 1485 2877 Altaris
1517 2811 1663 2898 planum

433 2939 553 2985 vorsus
577 2919 750 3005 Epistolae
773 2919 865 2983 letus
888 2919 997 3003 ibique
1031 2918 1132 2984 stabit
1163 2939 1261 2985 versa
1295 2919 1336 2986 ad
1367 2920 1526 3006 populum
1559 2919 1662 2988 facie.

433 3028 598 3092 Diaconus
622 3025 791 3110 relinquet
815 3026 858 3090 ibi
881 3025 1116 3093 Celebrantem
1140 3047 1215 3092 cum
1240 3026 1449 3093 Subdiecono
1471 3047 1491 3092 e
1511 3029 1663 3096 sinistr'n

433 3137 517 3210 cius,
542 3133 583 3199 ad
608 3133 729 3200 Altere
751 3132 910 3198 ascendet
931 3153 952 3198 a
967 3134 1077 3200 latere
1092 3140 1126 3199 et
1143 3133 1233 3200 lact-a
1248 3131 1482 3220 genuflexione
1497 3135 1533 3200 in
1551 3135 1664 3204 medio

433 3242 653 3329 suppedaneo,
680 3247 789 3308 sumet
812 3241 953 3307 Gruceni
977 3261 1020 3307 ex
1043 3241 1165 3320 Alteri,
1191 3242 1304 3329 pedem
1322 3243 1365 3308 ibi
1388 3261 1447 3308 seu
1463 3242 1571 3308 basim
1587 3245 1665 3310 eius

435 3351 638 3436 relinquens:
663 3352 690 3415 si
714 3371 796 3436 opus
820 3349 934 3428 fuerit,
958 3350 1162 3417 conscendet
1192 3350 1376 3416 scabellum
1410 3356 1445 3416 et
1476 3350 1665 3420 Oeeremo-

437 3461 560 3525 niarius
584 3458 761 3524 sustinebit
783 3477 869 3523 eum.

522 3569 575 3631 47.
601 3566 767 3631 Diaconos
792 3565 931 3631 Crucem
955 3573 1118 3652 sumptam
1143 3573 1284 3651 utraque
1307 3585 1407 3632 manu
1423 3563 1543 3632 afferet
1566 3587 1666 3636 reve·

437 3681 552 3741 renter
577 3673 618 3739 ad
643 3672 885 3750 Celebrantem,
909 3693 1006 3758 quem
1030 3673 1071 3738 ob
1095 3694 1164 3738 rem
1189 3672 1367 3740 descendet
1390 3673 1431 3740 de
1461 3673 1571 3742 medio
1606 3675 1668 3744 Al·

372 3795 376 3802 ·
436 3785 511 3850 tari.
540 3781 659 3848 Clerus
683 3782 715 3845 in
741 3781 844 3846 choro
879 3789 1069 3866 consurget,
1094 3803 1194 3867 quum
1226 3782 1407 3852 Celebrans
1442 3789 1478 3848 et
1512 3783 1667 3852 Ministri

435 3893 476 3957 de
501 3909 635 3956 scamno
660 3887 830 3954 discedent
851 3887 993 3954 redituri
1015 3887 1058 3954 ed
1081 3889 1211 3954 Altero.

523 4000 577 4064 48.
601 3998 767 4064 Diaconos
792 3997 984 4064 celebranti
1007 4000 1079 4064 sine
1102 3999 1227 4064 osculis
1250 3998 1364 4065 tradet
1386 3997 1528 4065 Crucem
1552 3999 1604 4088 (a)
1630 4009 1666 4070 et

435 4129 471 4172 se
496 4109 636 4188 eistete
667 4106 796 4171 dextris
831 4107 912 4173 eius.
944 4105 1133 4193 Acolytbus
1168 4106 1304 4173 accedet
1334 4105 1375 4171 ad
1409 4106 1663 4176 subdiaconum

435 4237 510 4281 cum
534 4215 663 4281 Missali
686 4221 800 4300 aperto
826 4215 1087 4280 incommodum
1112 4215 1330 4281 Celebrantis.

508 4376 548 4445 (o)
570 4375 651 4433 Crux
670 4391 746 4448 quae
766 4373 913 4441 detegitur
932 4387 960 4430 et
980 4375 1130 4432 adorande
1149 4374 1328 4448 proponitur,
1344 4383 1440 4447 potest
1460 4391 1527 4430 esso
1548 4373 1658 4446 lignea,

437 4465 584 4521 metallica
603 4483 665 4522 ecc.
684 4465 772 4522 debet
791 4473 888 4520 eutem
903 4463 943 4519 illi
957 4465 1113 4523 inhaerere
1129 4466 1225 4537 imago
1239 4464 1388 4523 Crucillxi.
1403 4465 1562 4538 Expressio
1578 4466 1655 4524 Ecce

438 4553 549 4624 liparim
570 4556 676 4614 Crucis
690 4563 732 4610 ost
748 4553 1047 4628 historice,siquidonr
1069 4558 1197 4613 refertur
1216 4556 1252 4611 ad
1273 4555 1417 4626 originem
1438 4555 1559 4612 huiusce
1580 4555 1654 4612 ritus

439 4657 475 4702 cx
496 4659 531 4694 ro
550 4645 625 4716 quod
646 4645 673 4700 in
694 4644 766 4700 urbo
787 4643 974 4702 Hierusalem
994 4646 1023 4700 in
1043 4663 1134 4702 verae
1155 4645 1259 4704 Crucis
1280 4645 1427 4702 functione
1448 4645 1545 4702 flebat.
