4175 5717
525 757 587 824 108
979 773 1044 822 ara.
1070 777 1105 824 u.

521 889 574 954 82.
600 889 719 955 Glerus
744 890 776 952 in
799 889 902 954 choro
936 888 1131 954 alternatim
1162 887 1316 954 recitabit
1351 883 1514 965 Sanctus,
1538 877 1657 952 deinde

432 996 646 1082 geniculabit.
672 999 706 1063 Si
730 996 887 1062 candelas
911 1017 1070 1063 accensas
1093 997 1316 1073 sustinebunt,
1340 994 1518 1062 advertent
1540 999 1581 1060 ut
1604 1013 1658 1060 su-

431 1106 578 1170 stineant
600 1125 701 1170 manu
724 1104 865 1170 dextera
888 1107 1115 1189 unusquisque
1139 1111 1173 1170 et
1196 1103 1292 1170 modo
1316 1103 1484 1168 uniformi.

520 1213 574 1278 83.
599 1212 764 1278 Diaconus
788 1213 980 1280 observabit
1002 1233 1042 1279 ea
1066 1232 1150 1297 quaa
1174 1211 1217 1278 ed
1241 1212 1414 1279 Memento
1437 1209 1563 1276 tradita
1578 1213 1659 1276 sunt

433 1339 503 1405 oap.
528 1319 586 1384 IV.
611 1340 700 1384 num.
730 1320 803 1385 179.

519 1429 572 1492 84.
598 1428 851 1494 'thuriferarius
873 1434 1007 1514 praesto
1030 1430 1096 1494 erit
1118 1428 1205 1514 apud
1229 1429 1367 1494 abacum
1385 1447 1460 1493 cum
1482 1425 1659 1492 thuribulo

432 1539 466 1598 et
489 1534 645 1600 navicula
668 1555 769 1619 quum
794 1534 976 1601 Celebrans
1008 1537 1163 1603 recitabit
1193 1537 1378 1602 orationem
1409 1533 1515 1601 Hono
1544 1533 1660 1618 ieeur

432 1641 641 1710 oblationem
662 1650 726 1709 etc.
752 1643 860 1718 Quum
884 1643 1067 1710 celebrans
1091 1645 1226 1729 incipiet
1248 1644 1335 1710 hanc
1358 1645 1556 1721 orationem,
1583 1641 1661 1708 thu·

431 1751 608 1818 riferarius
631 1751 744 1816 tradet
766 1751 957 1817 naviculam
981 1752 1260 1828 Caeremoniario‚
1285 1753 1340 1836 qui
1363 1753 1435 1818 sine
1458 1749 1660 1816 ulla-boue·

430 1857 574 1922 dictione
598 1860 723 1924 iniiciet
746 1861 918 1925 incensum
943 1861 976 1925 in
1000 1861 1221 1938 thuribulum,
1247 1859 1333 1945 quod
1349 1860 1403 1925 illi
1429 1857 1660 1945 praesentabit

432 1967 682 2043 thuriferarius,
707 1969 762 2034 vel
786 1968 923 2034 absente
949 1968 1217 2034 Gaeremoniario
1240 1976 1300 2035 aut
1323 1968 1391 2034 alia
1414 1987 1451 2034 re
1486 1959 1658 2054 impedito,

431 2074 558 2139 iniiciet
579 2075 752 2140 incensum
775 2076 1014 2142 thuriferarius
1031 2077 1110 2162 ipse,
1128 2096 1236 2160 neque
1251 2096 1396 2161 unquam
1412 2075 1444 2140 id
1460 2073 1518 2141 liet
1533 2093 1554 2140 a
1570 2073 1661 2141 Sub·

432 2181 573 2246 diacono
599 2181 657 2271 (a).

519 2268 572 2354 85.
597 2291 682 2356 Dum
706 2290 888 2359 Gelebrans
912 2295 1067 2360 recitabit.
1091 2296 1281 2360 orationem
1303 2293 1416 2366 Quom
1445 2291 1656 2361 oblationem

430 2403 493 2461 etc.
519 2398 686 2464 Diaconus
708 2401 780 2465 sine
802 2398 1038 2485 genuflexione
1061 2402 1209 2468 discedet
1224 2423 1244 2468 a
1260 2404 1402 2468 sinistris
1419 2402 1501 2476 eius,
1519 2399 1657 2466 descen·

430 2504 487 2570 det
510 2505 549 2572 de
573 2507 793 2592 suppedaneo,
818 2507 1022 2594 genuflectet
1046 2511 1080 2576 in
1104 2511 1211 2576 medio
1247 2518 1321 2597 post
1356 2509 1594 2577 Celebrautem
1625 2512 1660 2575 et

429 2615 590 2679 consistet
612 2635 716 2701 prope
738 2614 912 2682 dexteram
936 2619 1037 2703 ipsius
1062 2619 1095 2683 in
1120 2618 1226 2705 gradu
1251 2603 1426 2704 superiori.

518 2721 570 2788 86.
597 2722 824 2788 Subdiaconus
848 2722 1052 2809 genuflectet
1075 2745 1142 2790 una
1166 2746 1240 2790 curn
1264 2725 1421 2800 Diacono,
1446 2721 1609 2788 transibit
1622 2721 1657 2788 in

430 2849 536 2894 cornu
560 2830 732 2915 Epistolae
754 2851 776 2896 a
799 2830 907 2898 latere
931 2833 1027 2918 primi
1050 2833 1187 2918 gradus,
1212 2841 1246 2898 at
1269 2853 1290 2897 a
1313 2831 1583 2898 Gaercmouiario
1600 2829 1655 2896 vel

430 2957 449 3000 a
473 2938 693 3003 thuriferario
717 2940 857 3023 accipiet
873 2940 1093 3018 thuribulum,
1112 2942 1145 3005 in
1170 2939 1256 3025 quod
1274 2941 1454 3004 immissum
1472 2940 1536 3003 iam
1554 2937 1658 3004 fuerit

430 3046 612 3120 incensum,
638 3051 676 3110 ut
698 3045 861 3111 traditum
885 3053 948 3112 est.

517 3154 572 3218 87.
597 3153 706 3228 Quum
730 3153 912 3221 Celebrans
937 3154 1155 3219 inclinabitur
1179 3154 1373 3240 prolaturus
1396 3153 1500 3220 verba
1534 3171 1655 3220 conse

431 3263 600 3336 orationis,
625 3262 789 3327 Diaconus
813 3262 1019 3346 geniculabit
1042 3283 1062 3326 a
1085 3262 1234 3328 dexteris
1260 3262 1470 3329 Celebrant-is
1495 3263 1573 3328 loco
1597 3283 1655 3328 su-

431 3367 590 3453 pradicto,
604 3368 832 3434 Subdiaconus
848 3371 881 3433 in
899 3367 1009 3435 infimo
1027 3369 1134 3455 gradu
1150 3391 1170 3435 a
1186 3371 1294 3436 latere
1307 3391 1350 3436 ex
1363 3377 1458 3456 parte
1472 3370 1653 3458 Epistolae,

430 3496 469 3540 ac
493 3477 730 3542 thuriferarius
753 3476 840 3563 apud
864 3479 980 3562 ipsum:
1006 3477 1126 3544 Glerus
1150 3485 1184 3543 et
1207 3479 1351 3544 Ministri
1375 3484 1476 3564 caput
1507 3479 1653 3545 inelina-

430 3583 521 3660 bunt,
547 3591 688 3670 excepto
711 3585 919 3651 Subdiacono
942 3606 1043 3670 quum
1068 3586 1125 3652 88.
1152 3586 1403 3653 Sacramentum
1433 3585 1652 3654 thurificabit.

518 3691 571 3756 88.
597 3691 788 3770 Gelebrans
824 3694 936 3759 verbis
970 3696 1233 3760 consecrationis
1265 3695 1415 3780 prolatis,
1450 3692 1654 3780 genuflectet
1706 3681 1712 3696 '¹

429 3806 530 3883 atque
554 3799 701 3866 elevabit
724 3801 755 3866 S.
781 3800 940 3878 Hostiam,
967 3804 1061 3867 utin
1086 3803 1195 3868 Missis
1219 3803 1367 3888 privatis:
1393 3804 1506 3867 statim
1529 3821 1571 3868 ac
1593 3819 1653 3888 ge—

430 3904 654 3974 nuflexionem
677 3911 856 3994 peregerit,
881 3910 1047 3975 Diaconus
1071 3910 1209 3975 attollet
1231 3911 1303 3975 eius
1326 3915 1455 3996 partem
1486 3911 1653 3996 posterio-

429 4035 500 4080 rem
523 4015 688 4101 planetae,
713 4036 810 4100 quarn
834 4023 950 4103 postea
972 4016 1125 4082 demittet
1148 4017 1225 4082 dum
1250 4017 1309 4082 ille
1332 4023 1408 4104 post
1430 4017 1652 4084 elevationem

428 4113 569 4209 reponet
592 4123 741 4188 Hostiam
765 4125 798 4188 in
822 4123 1000 4209 corporali.
1025 4124 1253 4190 Subdiaconus
1277 4123 1484 4191 thurificabit
1508 4125 1566 4192 SS.
1591 4125 1653 4192 Sa-

429 4239 636 4296 cramentum
660 4231 767 4296 tribus
791 4229 945 4295 ductibus
970 4233 1058 4296 inter
1082 4252 1117 4296 se
1142 4238 1233 4297 recte
1257 4232 1430 4298 distinctis.

518 4339 570 4404 89.
595 4339 774 4422 Postquam
799 4337 980 4403 celebrans
1005 4338 1038 4405 S.
1057 4339 1205 4403 Hostiam
1223 4342 1257 4402 in
1276 4339 1443 4425 corporali
1464 4341 1654 4426 reposuerit

429 4451 504 4530 post
527 4447 748 4512 elevationem
773 4451 807 4509 et
830 4442 1097 4530 genuflexionem
1121 4446 1251 4522 fecerit,
1276 4445 1353 4511 dum
1384 4454 1550 4532 assurget,
1582 4447 1655 4512 Dia·

500 4585 544 4654 (α)
564 4585 721 4645 Monemus
740 4586 817 4662 quod
837 4585 1041 4644 Subdiaconus
1062 4603 1118 4642 non
1139 4587 1227 4644 debet
1246 4585 1313 4644 thus
1334 4587 1491 4646 immittere
1512 4588 1541 4644 in
1563 4586 1654 4646 thuri·

430 4669 539 4740 bulum,
557 4678 802 4748 quamadmodum
822 4687 908 4734 extra
928 4677 1061 4748 regulam
1082 4676 1175 4732 solent
1196 4677 1322 4750 quidam.
