<?xml version="1.0" encoding="UTF-8"?>
<!DOCTYPE html PUBLIC "-//W3C//DTD XHTML 1.0 Transitional//EN"
    "http://www.w3.org/TR/xhtml1/DTD/xhtml1-transitional.dtd">
<html xmlns="http://www.w3.org/1999/xhtml" xml:lang="en" lang="en">
 <head>
  <title>
</title>
<meta http-equiv="Content-Type" content="text/html;charset=utf-8" />
  <meta name='ocr-system' content='tesseract 3.04.00' />
  <meta name='ocr-capabilities' content='ocr_page ocr_carea ocr_par ocr_line ocrx_word'/>
</head>
<body>
  <div class='ocr_page' id='page_1' title='image "./manualesacrarum00martgoog_0328.png"; bbox 0 0 4175 5717; ppageno 0'>
   <div class='ocr_carea' id='block_1_1' title="bbox 523 603 1101 712">
    <p class='ocr_par' dir='ltr' id='par_1_1' title="bbox 523 603 1101 712">
     <span class='ocr_line' id='line_1_1' title="bbox 523 603 1101 712; baseline -0.012 1"><span class='ocrx_word' id='word_1_1' title='bbox 523 603 589 707; x_wconf 70' lang='grc' dir='ltr'>3όὸ</span> <span class='ocrx_word' id='word_1_2' title='bbox 988 663 1055 712; x_wconf 81' lang='lat' dir='ltr'>ure.</span> <span class='ocrx_word' id='word_1_3' title='bbox 1081 663 1101 709; x_wconf 93' lang='lat'>1.</span> 
     </span>
    </p>
   </div>
   <div class='ocr_carea' id='block_1_2' title="bbox 428 766 1702 4091">
    <p class='ocr_par' dir='ltr' id='par_1_2' title="bbox 431 766 1662 962">
     <span class='ocr_line' id='line_1_2' title="bbox 436 766 1662 852; baseline 0.003 -20"><span class='ocrx_word' id='word_1_4' title='bbox 436 788 510 832; x_wconf 90' lang='lat' dir='ltr'>nem</span> <span class='ocrx_word' id='word_1_5' title='bbox 534 766 608 852; x_wconf 71' lang='lat' dir='ltr'>Epo</span> <span class='ocrx_word' id='word_1_6' title='bbox 632 769 707 834; x_wconf 82' lang='lat' dir='ltr'>volo</span> <span class='ocrx_word' id='word_1_7' title='bbox 730 767 908 834; x_wconf 83' lang='lat' dir='ltr'>celebrare</span> <span class='ocrx_word' id='word_1_8' title='bbox 932 768 1080 836; x_wconf 79' lang='lat' dir='ltr'>Missam</span> <span class='ocrx_word' id='word_1_9' title='bbox 1103 775 1166 834; x_wconf 90' lang='lat' dir='ltr'>etc.</span> <span class='ocrx_word' id='word_1_10' title='bbox 1191 769 1451 836; x_wconf 86' lang='lat' dir='ltr'>et·Sacriflcium</span> <span class='ocrx_word' id='word_1_11' title='bbox 1473 769 1662 837; x_wconf 85' lang='lat' dir='ltr'>individua·</span> 
     </span>
     <span class='ocr_line' id='line_1_3' title="bbox 431 875 897 962; baseline 0.002 -23"><span class='ocrx_word' id='word_1_12' title='bbox 431 876 511 940; x_wconf 89' lang='lat' dir='ltr'>liter</span> <span class='ocrx_word' id='word_1_13' title='bbox 534 875 703 962; x_wconf 87' lang='lat' dir='ltr'>applicare</span> <span class='ocrx_word' id='word_1_14' title='bbox 726 878 780 942; x_wconf 91' lang='lat' dir='ltr'>cui</span> <span class='ocrx_word' id='word_1_15' title='bbox 796 876 897 942; x_wconf 84' lang='lat' dir='ltr'>volet.</span> 
     </span>
    </p>

    <p class='ocr_par' dir='ltr' id='par_1_3' title="bbox 432 985 1660 1397">
     <span class='ocr_line' id='line_1_4' title="bbox 520 985 1660 1075; baseline 0.006 -26"><span class='ocrx_word' id='word_1_16' title='bbox 520 985 551 1050; x_wconf 89' lang='lat'>3.</span> <span class='ocrx_word' id='word_1_17' title='bbox 576 986 658 1050; x_wconf 83' lang='lat' dir='ltr'><strong>Post</strong></span> <span class='ocrx_word' id='word_1_18' title='bbox 680 988 967 1072; x_wconf 81' lang='lat' dir='ltr'>praeparationem</span> <span class='ocrx_word' id='word_1_19' title='bbox 991 987 1128 1053; x_wconf 90' lang='lat' dir='ltr'>Missale</span> <span class='ocrx_word' id='word_1_20' title='bbox 1159 990 1309 1074; x_wconf 89' lang='lat' dir='ltr'>accipiet,</span> <span class='ocrx_word' id='word_1_21' title='bbox 1334 990 1468 1055; x_wconf 89' lang='lat' dir='ltr'>Missam</span> <span class='ocrx_word' id='word_1_22' title='bbox 1503 990 1660 1075; x_wconf 77' lang='lat' dir='ltr'><strong>inspiciet</strong></span> 
     </span>
     <span class='ocr_line' id='line_1_5' title="bbox 432 1093 1659 1185; baseline 0.005 -29"><span class='ocrx_word' id='word_1_23' title='bbox 432 1093 666 1177; x_wconf 88' lang='lat' dir='ltr'>orationesque</span> <span class='ocrx_word' id='word_1_24' title='bbox 689 1100 842 1171; x_wconf 87' lang='lat' dir='ltr'>statutas,</span> <span class='ocrx_word' id='word_1_25' title='bbox 867 1095 1042 1180; x_wconf 84' lang='lat' dir='ltr'>signacula</span> <span class='ocrx_word' id='word_1_26' title='bbox 1065 1114 1125 1161; x_wconf 92' lang='lat' dir='ltr'>suo</span> <span class='ocrx_word' id='word_1_27' title='bbox 1149 1114 1298 1181; x_wconf 88' lang='lat' dir='ltr'>quaeque</span> <span class='ocrx_word' id='word_1_28' title='bbox 1317 1097 1395 1162; x_wconf 93' lang='lat' dir='ltr'>loco</span> <span class='ocrx_word' id='word_1_29' title='bbox 1419 1095 1597 1185; x_wconf 87' lang='lat' dir='ltr'>disponens</span> <span class='ocrx_word' id='word_1_30' title='bbox 1614 1115 1659 1162; x_wconf 84' lang='lat' dir='ltr'>ne</span> 
     </span>
     <span class='ocr_line' id='line_1_6' title="bbox 432 1201 1660 1289; baseline 0.003 -23"><span class='ocrx_word' id='word_1_31' title='bbox 432 1203 521 1267; x_wconf 83' lang='lat' dir='ltr'>forte</span> <span class='ocrx_word' id='word_1_32' title='bbox 538 1202 646 1266; x_wconf 90' lang='lat' dir='ltr'>errori</span> <span class='ocrx_word' id='word_1_33' title='bbox 669 1201 764 1266; x_wconf 90' lang='lat' dir='ltr'>locus</span> <span class='ocrx_word' id='word_1_34' title='bbox 788 1203 841 1279; x_wconf 87' lang='lat' dir='ltr'>sit,</span> <span class='ocrx_word' id='word_1_35' title='bbox 867 1222 951 1268; x_wconf 89' lang='lat' dir='ltr'>neve</span> <span class='ocrx_word' id='word_1_36' title='bbox 975 1208 1116 1289; x_wconf 77' lang='lat' dir='ltr'>cogatur</span> <span class='ocrx_word' id='word_1_37' title='bbox 1147 1205 1181 1269; x_wconf 94' lang='lat' dir='ltr'>iu</span> <span class='ocrx_word' id='word_1_38' title='bbox 1212 1203 1322 1270; x_wconf 81' lang='lat' dir='ltr'>Alteri</span> <span class='ocrx_word' id='word_1_39' title='bbox 1354 1203 1438 1270; x_wconf 85' lang='lat' dir='ltr'>folia</span> <span class='ocrx_word' id='word_1_40' title='bbox 1468 1203 1614 1270; x_wconf 83' lang='lat' dir='ltr'>Missalis</span> <span class='ocrx_word' id='word_1_41' title='bbox 1636 1223 1660 1272; x_wconf 86' lang='lat' dir='ltr'>a</span> 
     </span>
     <span class='ocr_line' id='line_1_7' title="bbox 434 1308 1014 1397; baseline 0 -23"><span class='ocrx_word' id='word_1_42' title='bbox 434 1309 560 1374; x_wconf 83' lang='lat' dir='ltr'>vertice</span> <span class='ocrx_word' id='word_1_43' title='bbox 582 1308 624 1373; x_wconf 88' lang='lat' dir='ltr'>ad</span> <span class='ocrx_word' id='word_1_44' title='bbox 647 1309 749 1374; x_wconf 91' lang='lat' dir='ltr'>imum</span> <span class='ocrx_word' id='word_1_45' title='bbox 773 1309 931 1375; x_wconf 86' lang='lat' dir='ltr'>evolvere</span> <span class='ocrx_word' id='word_1_46' title='bbox 956 1309 1014 1397; x_wconf 81' lang='lat' dir='ltr'>(a).</span> 
     </span>
    </p>

    <p class='ocr_par' dir='ltr' id='par_1_4' title="bbox 436 1416 1659 1592">
     <span class='ocr_line' id='line_1_8' title="bbox 521 1416 1659 1506; baseline 0.005 -26"><span class='ocrx_word' id='word_1_47' title='bbox 521 1418 551 1480; x_wconf 83' lang='lat'>4.</span> <span class='ocrx_word' id='word_1_48' title='bbox 577 1416 695 1481; x_wconf 88' lang='lat' dir='ltr'>Manus</span> <span class='ocrx_word' id='word_1_49' title='bbox 730 1416 848 1482; x_wconf 90' lang='lat' dir='ltr'>deinde</span> <span class='ocrx_word' id='word_1_50' title='bbox 872 1418 999 1484; x_wconf 76' lang='lat' dir='ltr'>lavabit</span> <span class='ocrx_word' id='word_1_51' title='bbox 1023 1420 1168 1485; x_wconf 87' lang='lat' dir='ltr'>recitans</span> <span class='ocrx_word' id='word_1_52' title='bbox 1201 1421 1438 1506; x_wconf 87' lang='lat' dir='ltr'>praescriptam</span> <span class='ocrx_word' id='word_1_53' title='bbox 1470 1420 1659 1486; x_wconf 89' lang='lat' dir='ltr'>orationem</span> 
     </span>
     <span class='ocr_line' id='line_1_9' title="bbox 436 1524 935 1592; baseline -0.004 -1"><span class='ocrx_word' id='word_1_54' title='bbox 436 1524 492 1591; x_wconf 84' lang='lat' dir='ltr'>Dc</span> <span class='ocrx_word' id='word_1_55' title='bbox 515 1524 663 1591; x_wconf 76' lang='lat' dir='ltr'>Domine</span> <span class='ocrx_word' id='word_1_56' title='bbox 685 1525 848 1592; x_wconf 83' lang='lat' dir='ltr'>virtutem</span> <span class='ocrx_word' id='word_1_57' title='bbox 872 1531 935 1590; x_wconf 90' lang='lat' dir='ltr'>etc.</span> 
     </span>
    </p>

    <p class='ocr_par' dir='ltr' id='par_1_5' title="bbox 429 1627 1662 2366">
     <span class='ocr_line' id='line_1_10' title="bbox 459 1627 1660 1721; baseline 0.005 -26"><span class='ocrx_word' id='word_1_58' title='bbox 459 1703 461 1708; x_wconf 54' lang='grc'>,</span> <span class='ocrx_word' id='word_1_59' title='bbox 519 1631 551 1695; x_wconf 84' lang='grc'>5.</span> <span class='ocrx_word' id='word_1_60' title='bbox 575 1632 646 1697; x_wconf 88' lang='lat' dir='ltr'>Hoc</span> <span class='ocrx_word' id='word_1_61' title='bbox 669 1630 758 1697; x_wconf 85' lang='lat' dir='ltr'>facto</span> <span class='ocrx_word' id='word_1_62' title='bbox 785 1631 885 1698; x_wconf 81' lang='lat' dir='ltr'>radet</span> <span class='ocrx_word' id='word_1_63' title='bbox 914 1632 955 1697; x_wconf 96' lang='lat' dir='ltr'>ad</span> <span class='ocrx_word' id='word_1_64' title='bbox 986 1632 1146 1710; x_wconf 88' lang='lat' dir='ltr'>tabulam,</span> <span class='ocrx_word' id='word_1_65' title='bbox 1171 1635 1205 1699; x_wconf 93' lang='lat' dir='ltr'>in</span> <span class='ocrx_word' id='word_1_66' title='bbox 1237 1654 1301 1718; x_wconf 90' lang='lat' dir='ltr'>qua</span> <span class='ocrx_word' id='word_1_67' title='bbox 1335 1627 1431 1700; x_wconf 80' lang='lat' dir='ltr'>sa&#39;cra</span> <span class='ocrx_word' id='word_1_68' title='bbox 1460 1641 1660 1721; x_wconf 88' lang='lat' dir='ltr'>paramenta</span> 
     </span>
     <span class='ocr_line' id='line_1_11' title="bbox 430 1741 1660 1827; baseline 0.003 -23"><span class='ocrx_word' id='word_1_69' title='bbox 430 1747 531 1805; x_wconf 90' lang='lat' dir='ltr'>erunt</span> <span class='ocrx_word' id='word_1_70' title='bbox 553 1741 721 1825; x_wconf 87' lang='lat' dir='ltr'>disposita,</span> <span class='ocrx_word' id='word_1_71' title='bbox 745 1745 780 1806; x_wconf 90' lang='lat' dir='ltr'>et</span> <span class='ocrx_word' id='word_1_72' title='bbox 804 1741 1015 1827; x_wconf 80' lang='lat' dir='ltr'>praeparabit</span> <span class='ocrx_word' id='word_1_73' title='bbox 1039 1741 1194 1819; x_wconf 80' lang='lat' dir='ltr'>Calicem,</span> <span class='ocrx_word' id='word_1_74' title='bbox 1220 1741 1399 1808; x_wconf 88' lang='lat' dir='ltr'>advertens</span> <span class='ocrx_word' id='word_1_75' title='bbox 1425 1748 1463 1807; x_wconf 94' lang='lat' dir='ltr'>ut</span> <span class='ocrx_word' id='word_1_76' title='bbox 1486 1743 1597 1808; x_wconf 88' lang='lat' dir='ltr'>ho&#39;stia</span> <span class='ocrx_word' id='word_1_77' title='bbox 1612 1743 1660 1809; x_wconf 87' lang='lat' dir='ltr'>sit</span> 
     </span>
     <span class='ocr_line' id='line_1_12' title="bbox 429 1835 1662 1936; baseline 0.002 -24"><span class='ocrx_word' id='word_1_78' title='bbox 429 1850 569 1933; x_wconf 85' lang='lat' dir='ltr'>integra,</span> <span class='ocrx_word' id='word_1_79' title='bbox 595 1847 738 1913; x_wconf 88' lang='lat' dir='ltr'>rotunda</span> <span class='ocrx_word' id='word_1_80' title='bbox 761 1854 795 1914; x_wconf 88' lang='lat' dir='ltr'>et</span> <span class='ocrx_word' id='word_1_81' title='bbox 817 1835 1014 1933; x_wconf 80' lang='lat' dir='ltr'>fragmentis</span> <span class='ocrx_word' id='word_1_82' title='bbox 1038 1848 1205 1922; x_wconf 88' lang='lat' dir='ltr'>mundata,</span> <span class='ocrx_word' id='word_1_83' title='bbox 1231 1855 1269 1916; x_wconf 92' lang='lat' dir='ltr'>ut</span> <span class='ocrx_word' id='word_1_84' title='bbox 1295 1849 1475 1936; x_wconf 89' lang='lat' dir='ltr'>corporale</span> <span class='ocrx_word' id='word_1_85' title='bbox 1499 1850 1543 1915; x_wconf 90' lang='lat' dir='ltr'>sit</span> <span class='ocrx_word' id='word_1_86' title='bbox 1566 1851 1662 1936; x_wconf 90' lang='lat' dir='ltr'>peni·</span> 
     </span>
     <span class='ocr_line' id='line_1_13' title="bbox 431 1955 1661 2043; baseline 0.004 -24"><span class='ocrx_word' id='word_1_87' title='bbox 431 1962 485 2020; x_wconf 89' lang='lat' dir='ltr'>tus</span> <span class='ocrx_word' id='word_1_88' title='bbox 510 1955 717 2021; x_wconf 87' lang='lat' dir='ltr'>reconditum</span> <span class='ocrx_word' id='word_1_89' title='bbox 741 1957 831 2022; x_wconf 89' lang='lat' dir='ltr'>iutra</span> <span class='ocrx_word' id='word_1_90' title='bbox 853 1956 997 2032; x_wconf 86' lang='lat' dir='ltr'>bursam,</span> <span class='ocrx_word' id='word_1_91' title='bbox 1022 1957 1117 2022; x_wconf 91' lang='lat' dir='ltr'>cuius</span> <span class='ocrx_word' id='word_1_92' title='bbox 1150 1963 1310 2043; x_wconf 84' lang='lat' dir='ltr'>apertura</span> <span class='ocrx_word' id='word_1_93' title='bbox 1333 1958 1376 2022; x_wconf 93' lang='lat' dir='ltr'>sit</span> <span class='ocrx_word' id='word_1_94' title='bbox 1406 1956 1447 2022; x_wconf 89' lang='lat' dir='ltr'>ad</span> <span class='ocrx_word' id='word_1_95' title='bbox 1478 1956 1661 2024; x_wconf 81' lang='lat' dir='ltr'>Celebran-</span> 
     </span>
     <span class='ocr_line' id='line_1_14' title="bbox 429 2063 1662 2151; baseline 0.003 -23"><span class='ocrx_word' id='word_1_96' title='bbox 429 2070 496 2128; x_wconf 89' lang='lat' dir='ltr'>tem</span> <span class='ocrx_word' id='word_1_97' title='bbox 521 2082 627 2138; x_wconf 85' lang='lat' dir='ltr'>versa,</span> <span class='ocrx_word' id='word_1_98' title='bbox 652 2083 713 2128; x_wconf 90' lang='lat' dir='ltr'>nec</span> <span class='ocrx_word' id='word_1_99' title='bbox 747 2084 848 2149; x_wconf 89' lang='lat' dir='ltr'>super</span> <span class='ocrx_word' id='word_1_100' title='bbox 874 2063 1017 2128; x_wconf 83' lang='lat' dir='ltr'>Calicem</span> <span class='ocrx_word' id='word_1_101' title='bbox 1042 2063 1092 2129; x_wconf 85' lang='lat' dir='ltr'>fas</span> <span class='ocrx_word' id='word_1_102' title='bbox 1119 2071 1172 2130; x_wconf 91' lang='lat' dir='ltr'>est</span> <span class='ocrx_word' id='word_1_103' title='bbox 1195 2084 1319 2151; x_wconf 89' lang='lat' dir='ltr'>ponere</span> <span class='ocrx_word' id='word_1_104' title='bbox 1343 2064 1513 2130; x_wconf 89' lang='lat' dir='ltr'>sudarium</span> <span class='ocrx_word' id='word_1_105' title='bbox 1536 2064 1579 2131; x_wconf 87' lang='lat' dir='ltr'>ad</span> <span class='ocrx_word' id='word_1_106' title='bbox 1602 2065 1662 2132; x_wconf 86' lang='lat' dir='ltr'>ab·</span> 
     </span>
     <span class='ocr_line' id='line_1_15' title="bbox 430 2170 1660 2257; baseline 0.002 -21"><span class='ocrx_word' id='word_1_107' title='bbox 430 2170 626 2255; x_wconf 88' lang='lat' dir='ltr'>stergendas</span> <span class='ocrx_word' id='word_1_108' title='bbox 650 2191 759 2247; x_wconf 86' lang='lat' dir='ltr'>nares,</span> <span class='ocrx_word' id='word_1_109' title='bbox 786 2190 851 2236; x_wconf 92' lang='lat' dir='ltr'>neu</span> <span class='ocrx_word' id='word_1_110' title='bbox 876 2172 1131 2256; x_wconf 85' lang='lat' dir='ltr'>manutergium,</span> <span class='ocrx_word' id='word_1_111' title='bbox 1155 2177 1215 2237; x_wconf 88' lang='lat' dir='ltr'>aut</span> <span class='ocrx_word' id='word_1_112' title='bbox 1239 2171 1445 2257; x_wconf 89' lang='lat' dir='ltr'>conspicilla,</span> <span class='ocrx_word' id='word_1_113' title='bbox 1470 2191 1555 2238; x_wconf 84' lang='lat' dir='ltr'>neve</span> <span class='ocrx_word' id='word_1_114' title='bbox 1585 2191 1660 2240; x_wconf 93' lang='lat' dir='ltr'>rem</span> 
     </span>
     <span class='ocr_line' id='line_1_16' title="bbox 433 2276 878 2366; baseline -0.004 -22"><span class='ocrx_word' id='word_1_115' title='bbox 433 2278 534 2344; x_wconf 89' lang='lat' dir='ltr'>aliam</span> <span class='ocrx_word' id='word_1_116' title='bbox 557 2297 797 2363; x_wconf 86' lang='lat' dir='ltr'>quamcumque</span> <span class='ocrx_word' id='word_1_117' title='bbox 822 2276 878 2366; x_wconf 85' lang='lat' dir='ltr'>(b).</span> 
     </span>
    </p>

    <p class='ocr_par' dir='ltr' id='par_1_6' title="bbox 430 2384 1702 2795">
     <span class='ocr_line' id='line_1_17' title="bbox 521 2384 1661 2472; baseline 0.003 -21"><span class='ocrx_word' id='word_1_118' title='bbox 521 2387 551 2451; x_wconf 89' lang='lat'>6.</span> <span class='ocrx_word' id='word_1_119' title='bbox 577 2385 724 2451; x_wconf 81' lang='lat' dir='ltr'>Accedet</span> <span class='ocrx_word' id='word_1_120' title='bbox 746 2384 821 2451; x_wconf 92' lang='lat' dir='ltr'>inde</span> <span class='ocrx_word' id='word_1_121' title='bbox 844 2384 885 2449; x_wconf 90' lang='lat' dir='ltr'>ad</span> <span class='ocrx_word' id='word_1_122' title='bbox 908 2391 1111 2472; x_wconf 87' lang='lat' dir='ltr'>paramenta,</span> <span class='ocrx_word' id='word_1_123' title='bbox 1128 2385 1272 2452; x_wconf 91' lang='lat' dir='ltr'>biretum</span> <span class='ocrx_word' id='word_1_124' title='bbox 1296 2387 1444 2464; x_wconf 87' lang='lat' dir='ltr'>seorsim,</span> <span class='ocrx_word' id='word_1_125' title='bbox 1462 2391 1661 2454; x_wconf 85' lang='lat' dir='ltr'>nontamen</span> 
     </span>
     <span class='ocr_line' id='line_1_18' title="bbox 430 2492 1702 2581; baseline 0.002 -22"><span class='ocrx_word' id='word_1_126' title='bbox 430 2514 530 2580; x_wconf 89' lang='lat' dir='ltr'>super</span> <span class='ocrx_word' id='word_1_127' title='bbox 553 2493 624 2570; x_wconf 82' lang='lat' dir='ltr'>illa,</span> <span class='ocrx_word' id='word_1_128' title='bbox 648 2501 708 2560; x_wconf 86' lang='lat' dir='ltr'>aut</span> <span class='ocrx_word' id='word_1_129' title='bbox 735 2513 836 2580; x_wconf 87' lang='lat' dir='ltr'>super</span> <span class='ocrx_word' id='word_1_130' title='bbox 861 2493 1006 2560; x_wconf 85' lang='lat' dir='ltr'>Calicem</span> <span class='ocrx_word' id='word_1_131' title='bbox 1030 2494 1086 2560; x_wconf 80' lang='lat' dir='ltr'>vel</span> <span class='ocrx_word' id='word_1_132' title='bbox 1111 2493 1246 2559; x_wconf 87' lang='lat' dir='ltr'>blissale</span> <span class='ocrx_word' id='word_1_133' title='bbox 1270 2492 1421 2581; x_wconf 91' lang='lat' dir='ltr'>deponet:</span> <span class='ocrx_word' id='word_1_134' title='bbox 1446 2515 1486 2559; x_wconf 89' lang='lat' dir='ltr'>ao</span> <span class='ocrx_word' id='word_1_135' title='bbox 1516 2495 1544 2559; x_wconf 91' lang='lat' dir='ltr'>si</span> <span class='ocrx_word' id='word_1_136' title='bbox 1576 2493 1662 2562; x_wconf 85' lang='lat' dir='ltr'>Gru·</span> <span class='ocrx_word' id='word_1_137' title='bbox 1698 2504 1702 2518; x_wconf 85' lang='lat'>&#39;</span> 
     </span>
     <span class='ocr_line' id='line_1_19' title="bbox 430 2601 1658 2688; baseline 0.002 -21"><span class='ocrx_word' id='word_1_138' title='bbox 430 2603 477 2667; x_wconf 90' lang='lat' dir='ltr'>cis</span> <span class='ocrx_word' id='word_1_139' title='bbox 501 2604 596 2688; x_wconf 83' lang='lat' dir='ltr'>signo</span> <span class='ocrx_word' id='word_1_140' title='bbox 620 2622 655 2667; x_wconf 88' lang='lat' dir='ltr'>se</span> <span class='ocrx_word' id='word_1_141' title='bbox 681 2603 765 2668; x_wconf 88' lang='lat' dir='ltr'>velit</span> <span class='ocrx_word' id='word_1_142' title='bbox 795 2603 936 2677; x_wconf 90' lang='lat' dir='ltr'>munire,</span> <span class='ocrx_word' id='word_1_143' title='bbox 961 2601 1064 2668; x_wconf 85' lang='lat' dir='ltr'>iaciat</span> <span class='ocrx_word' id='word_1_144' title='bbox 1090 2601 1122 2667; x_wconf 94' lang='lat' dir='ltr'>id</span> <span class='ocrx_word' id='word_1_145' title='bbox 1145 2608 1322 2685; x_wconf 89' lang='lat' dir='ltr'>antequam</span> <span class='ocrx_word' id='word_1_146' title='bbox 1346 2607 1456 2667; x_wconf 89' lang='lat' dir='ltr'>sumat</span> <span class='ocrx_word' id='word_1_147' title='bbox 1485 2601 1658 2680; x_wconf 86' lang='lat' dir='ltr'>amictum,</span> 
     </span>
     <span class='ocr_line' id='line_1_20' title="bbox 431 2709 1423 2795; baseline -0.001 -22"><span class='ocrx_word' id='word_1_148' title='bbox 431 2729 609 2793; x_wconf 86' lang='lat' dir='ltr'>numquam</span> <span class='ocrx_word' id='word_1_149' title='bbox 634 2729 713 2775; x_wconf 90' lang='lat' dir='ltr'>vero</span> <span class='ocrx_word' id='word_1_150' title='bbox 739 2729 838 2794; x_wconf 90' lang='lat' dir='ltr'>quum</span> <span class='ocrx_word' id='word_1_151' title='bbox 862 2711 1020 2774; x_wconf 89' lang='lat' dir='ltr'>amictum</span> <span class='ocrx_word' id='word_1_152' title='bbox 1043 2729 1123 2795; x_wconf 89' lang='lat' dir='ltr'>prae</span> <span class='ocrx_word' id='word_1_153' title='bbox 1148 2709 1297 2775; x_wconf 92' lang='lat' dir='ltr'>manibus</span> <span class='ocrx_word' id='word_1_154' title='bbox 1321 2715 1423 2774; x_wconf 88' lang='lat' dir='ltr'>tenet.</span> 
     </span>
    </p>

    <p class='ocr_par' dir='ltr' id='par_1_7' title="bbox 428 2816 1663 3767">
     <span class='ocr_line' id='line_1_21' title="bbox 518 2816 1662 2903; baseline 0.003 -24"><span class='ocrx_word' id='word_1_155' title='bbox 518 2819 548 2879; x_wconf 85' lang='lat'>7.</span> <span class='ocrx_word' id='word_1_156' title='bbox 575 2817 741 2883; x_wconf 81' lang='lat' dir='ltr'>Amictum</span> <span class='ocrx_word' id='word_1_157' title='bbox 765 2818 798 2882; x_wconf 94' lang='lat' dir='ltr'>in</span> <span class='ocrx_word' id='word_1_158' title='bbox 823 2818 1037 2882; x_wconf 84' lang='lat' dir='ltr'>extremitate</span> <span class='ocrx_word' id='word_1_159' title='bbox 1061 2837 1163 2903; x_wconf 89' lang='lat' dir='ltr'>prope</span> <span class='ocrx_word' id='word_1_160' title='bbox 1191 2816 1373 2882; x_wconf 90' lang='lat' dir='ltr'>chordulas</span> <span class='ocrx_word' id='word_1_161' title='bbox 1392 2822 1534 2901; x_wconf 87' lang='lat' dir='ltr'>utraque</span> <span class='ocrx_word' id='word_1_162' title='bbox 1558 2817 1662 2884; x_wconf 81' lang='lat' dir='ltr'>mauu</span> 
     </span>
     <span class='ocr_line' id='line_1_22' title="bbox 429 2923 1661 3011; baseline 0.002 -23"><span class='ocrx_word' id='word_1_163' title='bbox 429 2926 579 3010; x_wconf 87' lang='lat' dir='ltr'>accipiet,</span> <span class='ocrx_word' id='word_1_164' title='bbox 611 2925 818 2990; x_wconf 87' lang='lat' dir='ltr'>osculabitur</span> <span class='ocrx_word' id='word_1_165' title='bbox 849 2925 883 2989; x_wconf 93' lang='lat' dir='ltr'>in</span> <span class='ocrx_word' id='word_1_166' title='bbox 918 2923 1025 2989; x_wconf 90' lang='lat' dir='ltr'>medio</span> <span class='ocrx_word' id='word_1_167' title='bbox 1061 2944 1162 3010; x_wconf 91' lang='lat' dir='ltr'>super</span> <span class='ocrx_word' id='word_1_168' title='bbox 1194 2924 1345 3002; x_wconf 83' lang='lat' dir='ltr'>Crucem,</span> <span class='ocrx_word' id='word_1_169' title='bbox 1370 2925 1470 3010; x_wconf 90' lang='lat' dir='ltr'>capiti</span> <span class='ocrx_word' id='word_1_170' title='bbox 1501 2924 1661 3011; x_wconf 84' lang='lat' dir='ltr'>imponet,</span> 
     </span>
     <span class='ocr_line' id='line_1_23' title="bbox 429 3033 1663 3118; baseline 0.002 -22"><span class='ocrx_word' id='word_1_171' title='bbox 429 3034 690 3099; x_wconf 89' lang='lat' dir='ltr'>circumducens</span> <span class='ocrx_word' id='word_1_172' title='bbox 717 3053 849 3098; x_wconf 88' lang='lat' dir='ltr'>manum</span> <span class='ocrx_word' id='word_1_173' title='bbox 881 3033 1054 3099; x_wconf 82' lang='lat' dir='ltr'>dexteram</span> <span class='ocrx_word' id='word_1_174' title='bbox 1082 3052 1183 3118; x_wconf 89' lang='lat' dir='ltr'>super</span> <span class='ocrx_word' id='word_1_175' title='bbox 1206 3034 1382 3098; x_wconf 90' lang='lat' dir='ltr'>humerum</span> <span class='ocrx_word' id='word_1_176' title='bbox 1415 3034 1587 3098; x_wconf 85' lang='lat' dir='ltr'>sinistrum</span> <span class='ocrx_word' id='word_1_177' title='bbox 1611 3039 1663 3098; x_wconf 88' lang='lat' dir='ltr'>at·</span> 
     </span>
     <span class='ocr_line' id='line_1_24' title="bbox 429 3139 1662 3228; baseline 0.002 -23"><span class='ocrx_word' id='word_1_178' title='bbox 429 3161 493 3223; x_wconf 88' lang='lat' dir='ltr'>que</span> <span class='ocrx_word' id='word_1_179' title='bbox 517 3141 676 3207; x_wconf 83' lang='lat' dir='ltr'>extendet</span> <span class='ocrx_word' id='word_1_180' title='bbox 699 3162 800 3228; x_wconf 90' lang='lat' dir='ltr'>super</span> <span class='ocrx_word' id='word_1_181' title='bbox 817 3147 917 3226; x_wconf 91' lang='lat' dir='ltr'>caput</span> <span class='ocrx_word' id='word_1_182' title='bbox 940 3143 1060 3227; x_wconf 91' lang='lat' dir='ltr'>ipsum,</span> <span class='ocrx_word' id='word_1_183' title='bbox 1085 3140 1198 3206; x_wconf 91' lang='lat' dir='ltr'>dicens</span> <span class='ocrx_word' id='word_1_184' title='bbox 1222 3141 1406 3206; x_wconf 87' lang='lat' dir='ltr'>orationem</span> <span class='ocrx_word' id='word_1_185' title='bbox 1423 3140 1569 3224; x_wconf 82' lang='lat' dir='ltr'>Impone</span> <span class='ocrx_word' id='word_1_186' title='bbox 1592 3139 1662 3208; x_wconf 90' lang='lat' dir='ltr'>Do-</span> 
     </span>
     <span class='ocr_line' id='line_1_25' title="bbox 428 3246 1661 3335; baseline 0 -22"><span class='ocrx_word' id='word_1_187' title='bbox 428 3249 522 3314; x_wconf 79' lang='lat' dir='ltr'>mino</span> <span class='ocrx_word' id='word_1_188' title='bbox 545 3257 607 3314; x_wconf 90' lang='lat' dir='ltr'>etc.</span> <span class='ocrx_word' id='word_1_189' title='bbox 634 3251 716 3314; x_wconf 86' lang='lat' dir='ltr'>Turn</span> <span class='ocrx_word' id='word_1_190' title='bbox 749 3251 892 3315; x_wconf 88' lang='lat' dir='ltr'>recitare</span> <span class='ocrx_word' id='word_1_191' title='bbox 926 3268 1068 3335; x_wconf 82' lang='lat' dir='ltr'>pergens</span> <span class='ocrx_word' id='word_1_192' title='bbox 1100 3247 1473 3325; x_wconf 74' lang='lat' dir='ltr'>orationem-eamdem,</span> <span class='ocrx_word' id='word_1_193' title='bbox 1498 3267 1573 3313; x_wconf 88' lang='lat' dir='ltr'>eum</span> <span class='ocrx_word' id='word_1_194' title='bbox 1604 3246 1661 3313; x_wconf 92' lang='lat' dir='ltr'>de·</span> 
     </span>
     <span class='ocr_line' id='line_1_26' title="bbox 429 3353 1662 3450; baseline 0.001 -31"><span class='ocrx_word' id='word_1_195' title='bbox 429 3356 539 3450; x_wconf 83' lang='lat' dir='ltr'>mittet</span> <span class='ocrx_word' id='word_1_196' title='bbox 562 3359 652 3421; x_wconf 89' lang='lat' dir='ltr'>circa</span> <span class='ocrx_word' id='word_1_197' title='bbox 676 3357 813 3432; x_wconf 88' lang='lat' dir='ltr'>collum,</span> <span class='ocrx_word' id='word_1_198' title='bbox 838 3356 979 3421; x_wconf 88' lang='lat' dir='ltr'>collaria</span> <span class='ocrx_word' id='word_1_199' title='bbox 1007 3358 1179 3441; x_wconf 88' lang='lat' dir='ltr'>cooperiet</span> <span class='ocrx_word' id='word_1_200' title='bbox 1209 3376 1310 3443; x_wconf 90' lang='lat' dir='ltr'>super</span> <span class='ocrx_word' id='word_1_201' title='bbox 1338 3357 1508 3442; x_wconf 92' lang='lat' dir='ltr'>imponens</span> <span class='ocrx_word' id='word_1_202' title='bbox 1539 3353 1579 3419; x_wconf 86' lang='lat' dir='ltr'>ad</span> <span class='ocrx_word' id='word_1_203' title='bbox 1604 3374 1662 3440; x_wconf 92' lang='lat' dir='ltr'>pe·</span> 
     </span>
     <span class='ocr_line' id='line_1_27' title="bbox 430 3462 1662 3548; baseline 0.001 -21"><span class='ocrx_word' id='word_1_204' title='bbox 430 3469 504 3527; x_wconf 88' lang='lat' dir='ltr'>ctus</span> <span class='ocrx_word' id='word_1_205' title='bbox 530 3470 657 3548; x_wconf 90' lang='lat' dir='ltr'>partem</span> <span class='ocrx_word' id='word_1_206' title='bbox 682 3464 854 3530; x_wconf 87' lang='lat' dir='ltr'>dexteram</span> <span class='ocrx_word' id='word_1_207' title='bbox 879 3465 1048 3540; x_wconf 85' lang='lat' dir='ltr'>sinistrae,</span> <span class='ocrx_word' id='word_1_208' title='bbox 1073 3462 1318 3548; x_wconf 89' lang='lat' dir='ltr'>chordulasque</span> <span class='ocrx_word' id='word_1_209' title='bbox 1342 3462 1403 3529; x_wconf 91' lang='lat' dir='ltr'>sub</span> <span class='ocrx_word' id='word_1_210' title='bbox 1427 3463 1583 3527; x_wconf 89' lang='lat' dir='ltr'>humeros</span> <span class='ocrx_word' id='word_1_211' title='bbox 1607 3481 1662 3528; x_wconf 91' lang='lat' dir='ltr'>re·</span> 
     </span>
     <span class='ocr_line' id='line_1_28' title="bbox 431 3569 1662 3658; baseline 0.002 -24"><span class='ocrx_word' id='word_1_212' title='bbox 431 3570 566 3647; x_wconf 85' lang='lat' dir='ltr'>ducens,</span> <span class='ocrx_word' id='word_1_213' title='bbox 592 3574 696 3656; x_wconf 90' lang='lat' dir='ltr'>iisque</span> <span class='ocrx_word' id='word_1_214' title='bbox 715 3592 750 3637; x_wconf 92' lang='lat' dir='ltr'>se</span> <span class='ocrx_word' id='word_1_215' title='bbox 774 3573 1004 3658; x_wconf 85' lang='lat' dir='ltr'>praecingens,</span> <span class='ocrx_word' id='word_1_216' title='bbox 1032 3571 1124 3636; x_wconf 83' lang='lat' dir='ltr'>infra</span> <span class='ocrx_word' id='word_1_217' title='bbox 1139 3576 1256 3657; x_wconf 92' lang='lat' dir='ltr'>pectus</span> <span class='ocrx_word' id='word_1_218' title='bbox 1280 3577 1454 3655; x_wconf 89' lang='lat' dir='ltr'>utramque</span> <span class='ocrx_word' id='word_1_219' title='bbox 1478 3569 1662 3656; x_wconf 80' lang='lat' dir='ltr'>coniungat</span> 
     </span>
     <span class='ocr_line' id='line_1_29' title="bbox 431 3680 890 3767; baseline 0.004 -24"><span class='ocrx_word' id='word_1_220' title='bbox 431 3687 465 3743; x_wconf 90' lang='lat' dir='ltr'>et</span> <span class='ocrx_word' id='word_1_221' title='bbox 489 3680 530 3745; x_wconf 93' lang='lat' dir='ltr'>ad</span> <span class='ocrx_word' id='word_1_222' title='bbox 554 3689 705 3746; x_wconf 87' lang='lat' dir='ltr'>extrema</span> <span class='ocrx_word' id='word_1_223' title='bbox 728 3681 890 3767; x_wconf 82' lang='lat' dir='ltr'>alligabit.</span> 
     </span>
    </p>

    <p class='ocr_par' dir='ltr' id='par_1_8' title="bbox 429 3788 1662 4091">
     <span class='ocr_line' id='line_1_30' title="bbox 519 3788 1661 3876; baseline 0.004 -25"><span class='ocrx_word' id='word_1_224' title='bbox 519 3789 549 3851; x_wconf 89' lang='lat'>8.</span> <span class='ocrx_word' id='word_1_225' title='bbox 576 3789 662 3852; x_wconf 85' lang='lat' dir='ltr'>Alba</span> <span class='ocrx_word' id='word_1_226' title='bbox 685 3808 721 3853; x_wconf 89' lang='lat' dir='ltr'>se</span> <span class='ocrx_word' id='word_1_227' title='bbox 745 3788 860 3854; x_wconf 88' lang='lat' dir='ltr'>induet</span> <span class='ocrx_word' id='word_1_228' title='bbox 882 3790 937 3854; x_wconf 89' lang='lat' dir='ltr'>vel</span> <span class='ocrx_word' id='word_1_229' title='bbox 961 3788 1130 3865; x_wconf 91' lang='lat' dir='ltr'>induetur,</span> <span class='ocrx_word' id='word_1_230' title='bbox 1156 3793 1253 3873; x_wconf 89' lang='lat' dir='ltr'>quam</span> <span class='ocrx_word' id='word_1_231' title='bbox 1290 3789 1395 3875; x_wconf 90' lang='lat' dir='ltr'>primo</span> <span class='ocrx_word' id='word_1_232' title='bbox 1429 3790 1575 3876; x_wconf 87' lang='lat' dir='ltr'>imponet</span> <span class='ocrx_word' id='word_1_233' title='bbox 1597 3789 1661 3855; x_wconf 94' lang='lat' dir='ltr'>hu·</span> 
     </span>
     <span class='ocr_line' id='line_1_31' title="bbox 429 3894 1660 3971; baseline 0.002 -14"><span class='ocrx_word' id='word_1_234' title='bbox 429 3895 538 3971; x_wconf 87' lang='lat' dir='ltr'>meris,</span> <span class='ocrx_word' id='word_1_235' title='bbox 563 3894 681 3959; x_wconf 89' lang='lat' dir='ltr'>deinde</span> <span class='ocrx_word' id='word_1_236' title='bbox 705 3897 738 3958; x_wconf 93' lang='lat' dir='ltr'>in</span> <span class='ocrx_word' id='word_1_237' title='bbox 764 3897 908 3961; x_wconf 89' lang='lat' dir='ltr'>manicas</span> <span class='ocrx_word' id='word_1_238' title='bbox 932 3895 1110 3961; x_wconf 85' lang='lat' dir='ltr'>dexterum</span> <span class='ocrx_word' id='word_1_239' title='bbox 1134 3904 1168 3961; x_wconf 87' lang='lat' dir='ltr'>et</span> <span class='ocrx_word' id='word_1_240' title='bbox 1202 3897 1378 3961; x_wconf 87' lang='lat' dir='ltr'>sinistrum</span> <span class='ocrx_word' id='word_1_241' title='bbox 1409 3896 1582 3962; x_wconf 88' lang='lat' dir='ltr'>brachium</span> <span class='ocrx_word' id='word_1_242' title='bbox 1611 3897 1660 3961; x_wconf 91' lang='lat' dir='ltr'>in-</span> 
     </span>
     <span class='ocr_line' id='line_1_32' title="bbox 429 3993 1662 4091; baseline 0.004 -28"><span class='ocrx_word' id='word_1_243' title='bbox 429 3999 537 4076; x_wconf 89' lang='lat' dir='ltr'>ducet,</span> <span class='ocrx_word' id='word_1_244' title='bbox 565 3999 749 4086; x_wconf 90' lang='lat' dir='ltr'>efficietque</span> <span class='ocrx_word' id='word_1_245' title='bbox 774 4009 812 4067; x_wconf 90' lang='lat' dir='ltr'>ut</span> <span class='ocrx_word' id='word_1_246' title='bbox 835 3993 955 4067; x_wconf 85' lang='lat' dir='ltr'>decore</span> <span class='ocrx_word' id='word_1_247' title='bbox 981 4022 1087 4087; x_wconf 92' lang='lat' dir='ltr'>usque</span> <span class='ocrx_word' id='word_1_248' title='bbox 1110 4003 1152 4068; x_wconf 89' lang='lat' dir='ltr'>ad</span> <span class='ocrx_word' id='word_1_249' title='bbox 1168 4002 1267 4090; x_wconf 89' lang='lat' dir='ltr'>pedes</span> <span class='ocrx_word' id='word_1_250' title='bbox 1292 4001 1425 4080; x_wconf 88' lang='lat' dir='ltr'>defluat,</span> <span class='ocrx_word' id='word_1_251' title='bbox 1451 4002 1509 4069; x_wconf 91' lang='lat' dir='ltr'>sed</span> <span class='ocrx_word' id='word_1_252' title='bbox 1533 4005 1580 4068; x_wconf 86' lang='lat' dir='ltr'>ita</span> <span class='ocrx_word' id='word_1_253' title='bbox 1603 4022 1662 4091; x_wconf 89' lang='lat' dir='ltr'>ap-</span> 
     </span>
    </p>
   </div>
   <div class='ocr_carea' id='block_1_3' title="bbox 430 4179 1657 4612">
    <p class='ocr_par' dir='ltr' id='par_1_9' title="bbox 430 4179 1657 4433">
     <span class='ocr_line' id='line_1_33' title="bbox 500 4179 1656 4254; baseline 0.002 -18"><span class='ocrx_word' id='word_1_254' title='bbox 500 4179 540 4247; x_wconf 79' lang='lat' dir='ltr'>(a)</span> <span class='ocrx_word' id='word_1_255' title='bbox 562 4179 605 4234; x_wconf 87' lang='lat' dir='ltr'>De</span> <span class='ocrx_word' id='word_1_256' title='bbox 625 4179 743 4240; x_wconf 69' lang='lat' dir='ltr'>altaris,</span> <span class='ocrx_word' id='word_1_257' title='bbox 764 4187 1012 4252; x_wconf 82' lang='lat' dir='ltr'>paramentorum,</span> <span class='ocrx_word' id='word_1_258' title='bbox 1034 4181 1217 4254; x_wconf 83' lang='lat' dir='ltr'>aliarumque</span> <span class='ocrx_word' id='word_1_259' title='bbox 1239 4199 1338 4237; x_wconf 89' lang='lat' dir='ltr'>rerum</span> <span class='ocrx_word' id='word_1_260' title='bbox 1353 4181 1458 4254; x_wconf 88' lang='lat' dir='ltr'>quibus</span> <span class='ocrx_word' id='word_1_261' title='bbox 1471 4181 1506 4237; x_wconf 92' lang='lat' dir='ltr'>ad</span> <span class='ocrx_word' id='word_1_262' title='bbox 1527 4181 1656 4238; x_wconf 87' lang='lat' dir='ltr'>Sacrum</span> 
     </span>
     <span class='ocr_line' id='line_1_34' title="bbox 430 4269 1657 4343; baseline 0.008 -25"><span class='ocrx_word' id='word_1_263' title='bbox 430 4269 632 4337; x_wconf 73' lang='lat' dir='ltr'>peragendum</span> <span class='ocrx_word' id='word_1_264' title='bbox 652 4287 725 4341; x_wconf 88' lang='lat' dir='ltr'>opus</span> <span class='ocrx_word' id='word_1_265' title='bbox 745 4277 797 4330; x_wconf 80' lang='lat' dir='ltr'>est,</span> <span class='ocrx_word' id='word_1_266' title='bbox 818 4272 1045 4342; x_wconf 78' lang='lat' dir='ltr'>praeparatione</span> <span class='ocrx_word' id='word_1_267' title='bbox 1067 4272 1214 4328; x_wconf 78' lang='lat' dir='ltr'>disserere</span> <span class='ocrx_word' id='word_1_268' title='bbox 1228 4271 1396 4335; x_wconf 83' lang='lat' dir='ltr'>omittimus,</span> <span class='ocrx_word' id='word_1_269' title='bbox 1410 4271 1596 4343; x_wconf 86' lang='lat' dir='ltr'>lectoresque</span> <span class='ocrx_word' id='word_1_270' title='bbox 1607 4271 1657 4328; x_wconf 71' lang='lat' dir='ltr'>&#39;ad</span> 
     </span>
     <span class='ocr_line' id='line_1_35' title="bbox 431 4359 1631 4433; baseline 0.006 -26"><span class='ocrx_word' id='word_1_271' title='bbox 431 4370 467 4407; x_wconf 87' lang='lat' dir='ltr'>ea</span> <span class='ocrx_word' id='word_1_272' title='bbox 486 4373 562 4427; x_wconf 84' lang='lat' dir='ltr'>quae</span> <span class='ocrx_word' id='word_1_273' title='bbox 581 4375 599 4413; x_wconf 88' lang='lat' dir='ltr'>a</span> <span class='ocrx_word' id='word_1_274' title='bbox 618 4359 743 4415; x_wconf 84' lang='lat' dir='ltr'>rubricis</span> <span class='ocrx_word' id='word_1_275' title='bbox 762 4377 798 4416; x_wconf 87' lang='lat' dir='ltr'>ac</span> <span class='ocrx_word' id='word_1_276' title='bbox 818 4359 962 4430; x_wconf 81' lang='lat' dir='ltr'>liturgicis</span> <span class='ocrx_word' id='word_1_277' title='bbox 982 4361 1177 4432; x_wconf 87' lang='lat' dir='ltr'>scriptoribus</span> <span class='ocrx_word' id='word_1_278' title='bbox 1196 4361 1425 4433; x_wconf 76' lang='lat' dir='ltr'>praecipiuntur,</span> <span class='ocrx_word' id='word_1_279' title='bbox 1447 4359 1631 4416; x_wconf 82' lang='lat' dir='ltr'>remittimus.</span> 
     </span>
    </p>

    <p class='ocr_par' dir='ltr' id='par_1_10' title="bbox 432 4446 1656 4612">
     <span class='ocr_line' id='line_1_36' title="bbox 502 4446 1656 4521; baseline 0.006 -22"><span class='ocrx_word' id='word_1_280' title='bbox 502 4446 541 4512; x_wconf 90' lang='lat' dir='ltr'>(b)</span> <span class='ocrx_word' id='word_1_281' title='bbox 561 4448 591 4502; x_wconf 90' lang='lat' dir='ltr'>lu</span> <span class='ocrx_word' id='word_1_282' title='bbox 612 4448 707 4505; x_wconf 86' lang='lat' dir='ltr'>lrostia</span> <span class='ocrx_word' id='word_1_283' title='bbox 720 4449 923 4507; x_wconf 84' lang='lat' dir='ltr'>consecranda</span> <span class='ocrx_word' id='word_1_284' title='bbox 937 4457 1055 4521; x_wconf 86' lang='lat' dir='ltr'>oportet</span> <span class='ocrx_word' id='word_1_285' title='bbox 1070 4461 1102 4507; x_wconf 91' lang='lat' dir='ltr'>ut</span> <span class='ocrx_word' id='word_1_286' title='bbox 1122 4451 1219 4521; x_wconf 76' lang='lat' dir='ltr'>imago</span> <span class='ocrx_word' id='word_1_287' title='bbox 1233 4451 1337 4508; x_wconf 89' lang='lat' dir='ltr'>Crucis</span> <span class='ocrx_word' id='word_1_288' title='bbox 1350 4467 1417 4506; x_wconf 90' lang='lat' dir='ltr'>eum</span> <span class='ocrx_word' id='word_1_289' title='bbox 1434 4447 1584 4507; x_wconf 80' lang='lat' dir='ltr'>Crucifixo</span> <span class='ocrx_word' id='word_1_290' title='bbox 1597 4447 1656 4506; x_wconf 90' lang='lat' dir='ltr'>im·</span> 
     </span>
     <span class='ocr_line' id='line_1_37' title="bbox 432 4535 1655 4612; baseline 0.011 -28"><span class='ocrx_word' id='word_1_291' title='bbox 432 4546 535 4596; x_wconf 87' lang='lat' dir='ltr'>pressa</span> <span class='ocrx_word' id='word_1_292' title='bbox 548 4535 592 4592; x_wconf 88' lang='lat' dir='ltr'>sit.</span> <span class='ocrx_word' id='word_1_293' title='bbox 610 4537 685 4596; x_wconf 91' lang='lat' dir='ltr'>Vidc</span> <span class='ocrx_word' id='word_1_294' title='bbox 702 4539 894 4598; x_wconf 86' lang='lat' dir='ltr'>Benedictum</span> <span class='ocrx_word' id='word_1_295' title='bbox 908 4538 1206 4612; x_wconf 72' lang='lat' dir='ltr'>XlV.DeSoerp&#39;licio</span> <span class='ocrx_word' id='word_1_296' title='bbox 1221 4540 1338 4600; x_wconf 79' lang='lat' dir='ltr'>Missua</span> <span class='ocrx_word' id='word_1_297' title='bbox 1358 4539 1405 4596; x_wconf 88' lang='lat' dir='ltr'>lib.</span> <span class='ocrx_word' id='word_1_298' title='bbox 1426 4540 1445 4596; x_wconf 94' lang='lat' dir='ltr'>l.</span> <span class='ocrx_word' id='word_1_299' title='bbox 1463 4556 1526 4611; x_wconf 89' lang='lat' dir='ltr'>cap.</span> <span class='ocrx_word' id='word_1_300' title='bbox 1540 4543 1565 4596; x_wconf 84' lang='lat'>6.</span> <span class='ocrx_word' id='word_1_301' title='bbox 1585 4557 1612 4596; x_wconf 91' lang='lat' dir='ltr'>n.</span> <span class='ocrx_word' id='word_1_302' title='bbox 1626 4542 1655 4598; x_wconf 83' lang='lat'>5.</span> 
     </span>
    </p>
   </div>
   <div class='ocr_carea' id='block_1_4' title="bbox 0 0 2093 5717">
    <p class='ocr_par' dir='ltr' id='par_1_11' title="bbox 0 0 2093 5717">
     <span class='ocr_line' id='line_1_38' title="bbox 0 0 2093 5717; baseline 0 0"><span class='ocrx_word' id='word_1_303' title='bbox 0 0 2093 5717; x_wconf 95' lang='lat' dir='ltr'> </span> 
     </span>
    </p>
   </div>
  </div>
 </body>
</html>
