4175 5717
586 703 614 748 a,
990 673 1054 724 nm.
1078 673 1099 720 1.

589 849 634 880 ..ι
654 843 682 872 x
711 831 750 866 aa
781 797 927 864 imarum
948 786 1112 850 sinistram
1145 779 1302 865 pluvialis
1337 781 1504 847 sustollet.
1537 781 1656 862 Genu-

619 965 634 978 ..
676 931 783 974 „sa-a
812 919 902 974 mum
922 893 962 958 ab
984 909 1022 955 eo
1045 887 1191 954 discedet
1213 907 1253 952 ac
1276 887 1383 952 bireto
1400 895 1500 975 caput
1514 891 1654 977 operiet.

580 1055 594 1076 t
655 1037 696 1084 φ,
709 1043 746 1078 ra
783 977 944 1080 :cressum
967 999 1150 1084 baptisterii
1173 1018 1272 1081 quum
1297 998 1438 1073 venerit,
1463 1004 1563 1084 caput
1586 1019 1655 1066 nu-

599 1175 608 1194 .
639 1087 819 1198 munti
840 1111 968 1178 assistet
989 1106 1023 1169 in
1046 1105 1109 1169 hac
1131 1104 1361 1171 benedictione
1385 1112 1419 1171 ct
1442 1107 1476 1170 in
1509 1106 1654 1173 admini-

583 1273 608 1298 ,ι
643 1255 719 1296 maan
738 1215 941 1310 Luptrsmatis,
957 1211 1113 1277 videlicet
1129 1218 1220 1278 stans
1236 1213 1277 1278 ad
1294 1212 1424 1278 laevam
1442 1214 1654 1280 Celebrantis
1742 1211 1768 1279 Ὺ

569 1375 604 1406 ,,
634 1353 778 1400 sariam
800 1321 952 1392 sustollet
974 1320 1004 1384 ei
1028 1338 1128 1403 quum
1151 1318 1275 1403 aliquid
1298 1327 1376 1405 aget
1398 1340 1498 1406 super
1520 1340 1651 1406 aquam.

590 1499 596 1506 .
607 1477 644 1508 γ.
657 1467 694 1504 ιω
717 1453 819 1520 aquae
840 1425 1029 1494 benedictae
1054 1424 1266 1511 genuflectet,
1284 1427 1401 1493 deinde
1418 1427 1495 1493 dum
1510 1429 1655 1515 populus

630 1569 708 1612 Nori
732 1541 931 1626 aspergetur,
957 1532 997 1597 ad
1022 1532 1152 1598 laevam
1177 1534 1386 1599 Celebrantis
1410 1535 1575 1602 assidebit.
1599 1536 1656 1600 Ei-

505 1711 522 1724 ..
562 1679 661 1722 ..maus
681 1646 825 1718 abluenti
849 1641 1090 1724 manutergium
1114 1648 1149 1706 et
1177 1638 1339 1707 fimbriam
1368 1642 1525 1727 pluvialis
1554 1644 1656 1709 sust-i·

542 1879 596 1934 fs·
634 1863 767 1932 :ustitia
791 1863 827 1923 ut
849 1859 957 1931 antea,
982 1853 1022 1918 ad
1040 1854 1168 1932 Altare,
1185 1856 1294 1940 ibique
1309 1856 1444 1922 adstans
1461 1857 1655 1925 Celebranti

499 2019 525 2040 .,
543 1997 681 2042 ,ωιιιιιἱ
703 1987 789 2054 pennu
813 1962 925 2028 flectet
948 1961 988 2026 ad
1013 1961 1164 2038 Crucem,
1190 1964 1249 2029 ibit
1272 1965 1313 2030 ad
1336 1985 1518 2041 scamnum,
1534 1973 1568 2031 et
1584 1967 1655 2052 pla-

543 2137 547 2146 .
574 2087 732 2162 picatam.
757 2073 784 2136 si
809 2092 887 2135 usus
911 2069 1023 2144 fuerit,
1048 2068 1207 2137 demittet.

534 2193 588 2254 552?
624 2189 657 2252 Si
683 2179 831 2248 Ecclesia
855 2177 947 2241 lente
978 2177 1165 2261 baptismali
1195 2179 1331 2254 carebit,
1357 2185 1431 2265 post
1460 2180 1655 2266 prophetias

461 2329 533 2370 ..aar
562 2299 600 2362 al
624 2308 801 2362 scamnum,
826 2284 934 2368 ibique
958 2287 1162 2371 manipulum
1186 2294 1220 2352 et
1243 2288 1411 2372 planetam
1435 2288 1602 2373 plicatam,
1626 2289 1655 2354 si

543 2403 651 2470 t'uotll·
674 2396 824 2480 deponet.

525 2511 597 2578 ⁸22⁸.
624 2501 746 2570 lioinde
770 2505 885 2585 perget
910 2504 988 2563 ante
1012 2499 1131 2564 Altare
1155 2500 1195 2565 ad
1212 2499 1342 2565 laevam
1359 2502 1577 2580 Celebrantis,
1594 2523 1654 2589 ge-

440 2621 657 2686 uulosiunem
681 2609 792 2683 faciet,
816 2605 1021 2690 geniculabit
1045 2613 1080 2671 et
1102 2628 1203 2692 super·
1236 2608 1359 2692 gradus
1390 2611 1491 2696 ipsius
1521 2609 1652 2676 Altaria

438 2723 634 2797 :murtruliet
659 2735 784 2804 ponens
807 2718 906 2799 caput
929 2719 963 2778 et
986 2713 1124 2779 brachia
1148 2735 1248 2801 super
1271 2718 1403 2781 cussino
1419 2718 1462 2783 ibi
1479 2723 1651 2803 apparato.

439 2803 443 2810 Ι
520 2831 594 2898 2ῦ9.
620 2825 669 2890 Ad
696 2829 726 2897 t.
752 2822 959 2888 Peccatores
983 2831 1146 2906 assurget,
1171 2821 1437 2907 genuflexionem
1468 2826 1567 2891 Cruci
1597 2825 1654 2891 ef-

434 2945 531 3010 ticini.
555 2935 693 3020 accipiet
720 2932 874 3005 biretum,
892 2929 1070 3014 praecedet
1087 2930 1278 3009 Diaconum,
1296 2938 1396 3017 caput
1411 2934 1537 3019 operiet
1562 2931 1653 3019 apud

434 3063 619 3130 utigr-ossum
644 3037 845 3125 presbyterii
869 3043 903 3102 et
925 3036 966 3100 ad
990 3039 1171 3102 sacrarium
1196 3040 1434 3124 proficiscetur.

519 3151 593 3216 260.
618 3148 665 3212 lbi
688 3145 893 3231 manipulum
917 3150 952 3210 et
973 3146 1168 3211 tunicellam
1200 3148 1268 3213 albi
1291 3149 1414 3214 coloris
1444 3149 1504 3214 sibi
1534 3149 1653 3215 induet

432 3283 470 3328 aui
493 3261 684 3322 reuertatur
707 3253 747 3317 ad
771 3251 891 3318 Altare
915 3253 1094 3318 Diaconum
1120 3256 1331 3339 praecedens.

519 3364 593 3427 aul
619 3360 669 3425 Ad
693 3362 878 3445 ingressum
902 3361 1104 3447 presbyterii
1127 3362 1265 3429 nudabit
1288 3371 1395 3450 caput,
1415 3365 1558 3429 biretum
1582 3370 1653 3430 tra·

430 3477 485 3540 «let
509 3469 784 3542 Caeremonimio,
809 3488 844 3532 se
867 3469 991 3533 locabit
1013 3469 1054 3533 ad
1078 3469 1207 3534 laevam
1239 3471 1458 3547 celebrantis,
1493 3492 1652 3538 reveren·

433 3585 509 3648 tiam
535 3578 634 3640 faciet
657 3574 697 3639 ad
722 3576 859 3640 chorum
884 3582 918 3641 et
940 3575 981 3640 ad
1006 3577 1138 3642 Missam
1173 3579 1353 3643 solemnem
1383 3578 1424 3644 ad
1458 3579 1578 3645 altare
1601 3581 1651 3646 in-

432 3688 555 3755 troibit.

516 3794 591 3859 aba
616 3795 652 3858 ln
677 3795 739 3859 hac
763 3794 862 3858 Missa
886 3795 986 3858 ritum
1010 3795 1157 3860 servabit
1180 3815 1239 3879 pro
1263 3795 1338 3859 aliis
1362 3796 1470 3861 Missis
1495 3797 1651 3863 solemni·

428 3906 489 3969 bus
514 3904 756 3987 praestitutum,
782 3902 929 3986 exceptis
953 3903 1001 3977 iis,
1026 3922 1110 3985 quae
1134 3907 1328 3985 sequuntur.

518 4010 593 4074 263.
618 4009 743 4094 Aquas
767 4009 833 4074 Dei
853 4028 920 4072 non
945 4011 1116 4074 recitatur.
1142 4011 1368 4076 Subdiaconus
1392 4011 1433 4076 ad
1458 4012 1540 4078 Pac
1574 4013 1649 4080 Do-

429 4119 518 4184 mini
539 4136 605 4180 non
629 4115 786 4182 ascendet
809 4115 849 4180 ad
873 4116 1002 4180 laevam
1028 4116 1246 4194 Celebrantis,
1264 4119 1321 4185 sed
1339 4119 1450 4185 Galice
1465 4140 1485 4184 a
1501 4120 1648 4187 Diacono

428 4231 591 4301 contecto,
604 4225 657 4288 hic
673 4224 712 4288 ad
737 4226 904 4288 sinistram
929 4223 1137 4291 Celebrantis
1161 4227 1322 4291 transibit.
1340 4228 1549 4293 Transeunte
1567 4229 1648 4293 Dia-

430 4356 514 4400 cono
538 4334 578 4398 ad
602 4334 731 4399 laevam
757 4332 974 4407 Celebrantis,
1001 4333 1227 4400 Subdiaconus
1243 4335 1283 4400 ad
1300 4333 1472 4401 dexteram
1488 4337 1648 4403 ascendet

429 4450 463 4506 et
486 4438 751 4525 genuflexionem
776 4459 850 4504 cum
875 4441 1019 4504 Diacono
1043 4449 1255 4526 exsequetur.

519 4550 593 4614 264.
619 4551 700 4616 Post
723 4555 890 4615 cantatam
919 4550 1134 4635 antiphonam
1177 4551 1325 4634 Vespere
1358 4559 1475 4620 autem
1505 4552 1650 4621 Sabbati
