4175 5717
534 762 600 832 312
990 777 1057 836 tre.
1082 778 1117 836 rl.

581 1000 813 1059 DECISIONES
832 1002 1006 1068 ALIQUOT
1027 1004 1057 1059 S.
1078 1002 1151 1058 RIT.
1171 1001 1523 1064 concatenationis

899 1309 1125 1377 APPENDIX
1151 1309 1206 1377 ΙΙΙ.

480 1465 492 1516 i

446 1459 669 1618 sSubiicimus
685 1541 813 1627 aliquot
829 1541 861 1610 S.
880 1543 946 1612 Rit.
964 1543 1239 1630 congregationis
1256 1543 1448 1624 decisiones,
1463 1565 1546 1632 quas
1561 1543 1664 1614 rebus

441 1651 474 1715 in
498 1651 562 1716 hoc
583 1651 670 1717 libro
694 1651 839 1738 digestis,
864 1651 962 1718 valde
987 1653 1088 1719 utiles
1112 1655 1349 1720 existimamus.

527 1758 657 1826 Barea.
682 1758 764 1824 Gum
787 1759 973 1826 Academici
996 1761 1140 1826 civitatis
1165 1760 1284 1826 Baren.
1309 1761 1491 1848 nuncupati
1507 1760 1550 1828 de
1566 1759 1662 1846 Pigri

439 1864 471 1931 S.
497 1866 562 1932 Rit.
587 1866 689 1951 Gong.
714 1869 939 1954 exposuerint,
964 1869 998 1933 in
1021 1867 1172 1934 ecclesiis
1197 1869 1393 1954 praesertim
1425 1867 1577 1934 eiusdem
1609 1868 1663 1934 ci-

439 1975 553 2038 vitatis
587 1971 772 2038 academias
796 1975 829 2038 in
854 1974 1014 2040 honorem
1049 1975 1291 2041 nonnullorum
1327 1974 1528 2040 Sanctorum
1559 1993 1665 2062 pera-.

435 2098 516 2164 gere
539 2083 762 2146 consuevisse:
786 2101 927 2166 cumque
950 2082 1118 2168 petierint
1142 2102 1185 2146 an
1209 2081 1249 2148 ab
1274 2081 1352 2160 illis,
1376 2101 1397 2146 a
1420 2081 1540 2165 quihus
1574 2101 1659 2148 ora-

438 2187 554 2262 tiones,
578 2207 638 2254 seu
660 2187 831 2254 discursus
854 2189 992 2254 recitari
1015 2187 1167 2266 debeant,
1192 2189 1234 2254 sit
1257 2187 1297 2254 ab
1321 2187 1582 2275 Archiepiscopo
1605 2209 1664 2256 ve·

438 2294 494 2358 nia
515 2293 670 2380 petendal
695 2296 818 2360 Eadem
841 2295 873 2362 S.
899 2295 1134 2381 Congregatio,
1151 2295 1271 2366 auditis
1289 2295 1397 2362 literis
1417 2295 1491 2362 ani
1518 2295 1663 2364 Archin-
1700 2375 1704 2382 Ι

438 2402 561 2487 piscopi
585 2403 751 2480 Berensis,
776 2405 828 2468 cui
852 2423 912 2490 pro
936 2403 1171 2470 informatione
1195 2404 1356 2490 scriptum
1390 2403 1464 2481 tuit,
1501 2403 1543 2470 ab
1575 2403 1664 2470 Erine

438 2513 472 2574 et
494 2509 578 2574 ltriso
613 2510 651 2573 Ι).
677 2510 773 2576 Gard.
798 2508 975 2576 Golloredo
1000 2510 1126 2588 relatis,
1151 2510 1322 2596 respondit
1351 2545 1395 2561 -
1426 2509 1663 2580 Removendas

438 2638 511 2684 esse
534 2617 729 2684 Academias
752 2618 792 2684 ab
816 2617 987 2694 Ecclesiis,
1012 2624 1047 2682 et
1070 2619 1161 2682 circa
1186 2618 1439 2704 compositiones
1474 2618 1662 2696 literarias,

419 2707 519 2810 ,quae
542 2726 583 2790 ab
608 2726 786 2792 Academia
810 2727 1007 2802 recitantur,
1031 2725 1309 2812 Archiepiscopus
1334 2725 1496 2812 invigilet.
1527 2725 1590 2792 Die
1623 2725 1665 2794 19

439 2833 591 2899 Decemb.
620 2833 714 2899 1693.

524 2941 714 3008 Decretum
731 2943 908 3026 carcerale.
934 2939 1042 3016 Quum
1074 2938 1198 3006 abusus
1232 2939 1390 3006 nonnulli
1422 2941 1547 3006 sensim
1579 2941 1667 3010 irre·

434 3050 539 3133 psisse
562 3051 811 3134 conspiciantur
833 3054 904 3114 turn
927 3047 1091 3112 adversus
1116 3047 1326 3133 Episcopalia
1341 3049 1425 3125 iura,
1443 3054 1516 3113 tum
1538 3054 1665 3118 contra

435 3155 543 3219 [livini
567 3155 680 3220 cultus
704 3154 919 3242 disciplinam,
943 3154 1025 3221 licet
1047 3155 1131 3220 alias
1154 3173 1214 3239 per
1247 3153 1279 3218 S.
1315 3153 1354 3220 R.
1380 3153 1414 3220 G.
1439 3153 1480 3220 de
1511 3155 1552 3220 iis
1586 3155 1663 3224 ler'e

435 3262 584 3326 ominibus
608 3261 696 3326 edita
720 3262 846 3327 fuerint
868 3261 1013 3338 decreta;
1049 3281 1090 3326 ne
1126 3263 1159 3326 in
1192 3260 1260 3326 dies
1295 3263 1398 3348 magis
1432 3261 1663 3342 invalescant,

434 3369 580 3434 eiusdem
605 3369 637 3434 S.
664 3368 937 3454 Gongrcgationis
962 3369 1170 3434 secretarius
1195 3388 1255 3453 pro
1284 3370 1335 3434 sui
1369 3371 1518 3436 muneris
1550 3369 1664 3438 officio

438 3475 537 3541 dubia
561 3497 644 3560 quae
668 3483 854 3560 sequuntur
879 3477 968 3540 Eritis
991 3484 1026 3540 et
1053 3476 1143 3542 Rrisis
1160 3475 1225 3540 ΡΡ.
1243 3477 1275 3540 in
1302 3475 1470 3542 ordinario
1487 3485 1666 3548 conventu

438 3583 610 3649 enodanda
633 3585 812 3670 proposuit,
837 3583 1006 3648 videlicet.

527 3694 553 3757 l.
578 3692 631 3760 An
654 3692 688 3756 in
714 3691 873 3756 Ecclesiis
896 3690 1127 3776 Regularium,
1151 3689 1291 3774 aliisque
1314 3691 1465 3758 ecelesiis
1489 3697 1662 3784 exemptis

434 3797 625 3865 recitandae
649 3800 716 3864 sint
738 3798 903 3864 collectae
927 3799 967 3863 ab
991 3797 1160 3863 ordinario
1183 3798 1249 3863 loci
1274 3799 1516 3886 praescriptae?

522 3907 552 3972 2.
577 3907 630 3972 lin
655 3905 757 3972 liceat
782 3905 881 3971 Glero
905 3904 1096 3972 earumdem
1118 3904 1345 3970 Ecclesiarum
1361 3905 1402 3971 ab
1419 3907 1458 3972 iis
1474 3909 1663 3978 recitandis

431 4034 563 4081 cessare
588 4033 648 4098 pro
671 4012 791 4088 lubitu,
816 4019 995 4096 antequam
1020 4011 1219 4078 Ordinarius
1244 4011 1275 4077 id
1299 4011 1448 4079 iusseritl

519 4125 549 4188 3.
574 4123 627 4188 An
652 4121 785 4188 iubente
810 4119 989 4187 Ordinario
1015 4126 1051 4185 ut
1075 4118 1269 4204 quibusdam
1294 4121 1573 4202 solemnitatibus,
1600 4125 1659 4192 vel

430 4230 464 4294 in
488 4232 554 4295 alio
580 4229 740 4316 peculiari
765 4248 843 4293 casu
868 4248 968 4294 sonus
993 4230 1080 4293 aeris
1098 4228 1253 4313 Campani
1270 4230 1415 4294 omniurn
1432 4230 1659 4300 ecclesiarum

431 4337 559 4414 edatur,
584 4336 754 4423 praelatae
778 4336 939 4400 ecclcsiae
964 4337 1175 4419 quantumvis
1196 4342 1370 4421 exemptae
1397 4337 1468 4403 eius
1497 4339 1659 4408 mandato

401 4425 403 4430 ¹
437 4460 557 4528 parere
581 4439 775 4510 teneantur?

523 4553 553 4614 4.
577 4551 629 4616 An
653 4558 787 4637 praeter
810 4557 986 4616 consuetas
1012 4571 1138 4636 usuque
1155 4557 1307 4637 receptas
1326 4551 1428 4619 ssni.
1446 4551 1658 4620 Sacramenti
1750 4585 1753 4592 ¹

438 4659 672 4740 expositiones,
698 4661 986 4727 extraordinariae
1010 4681 1139 4746 quoque
1164 4663 1198 4727 in
1223 4662 1372 4730 ecclesiis
1396 4665 1559 4752 exemptis
1581 4661 1658 4731 fleri

436 4765 564 4850 possint
587 4765 710 4849 absque
733 4767 869 4834 licentia
893 4766 1066 4837 Ordinarit
