4175 5717
972 718 1043 766 cae.
1063 718 1112 765 ιιι.
1511 701 1554 765 23

526 824 579 889 90.
603 823 685 889 Post
707 824 926 890 elevationem
958 824 1077 891 Calicis
1113 825 1211 890 stabit
1235 824 1401 914 usquead
1425 827 1641 911 sumptionem

434 931 545 1016 ipsius
563 939 597 995 et
620 929 661 996 ad
685 930 960 1010 Communionem,
984 933 1011 997 si
1033 930 1100 1008 fiet,
1125 933 1172 997 uti
1196 913 1319 997 dictum
1342 938 1393 998 est
1415 934 1575 1018 superius.

525 1037 579 1103 91.
604 1036 735 1104 Sedebit
757 1045 832 1124 post
854 1040 1071 1125 sumptionem
1096 1046 1154 1103 aut
1184 1040 1444 1105 communionem
1475 1037 1640 1123 usquead

436 1145 628 1213 Dominum
649 1146 834 1214 vobiscum.

526 1253 580 1319 92.
604 1253 711 1319 Stabit
732 1253 868 1340 pedibus
890 1253 931 1319 ad
949 1259 985 1327 t.
1010 1254 1233 1341 supradietum
1257 1260 1291 1319 et
1313 1254 1354 1319 ad
1372 1255 1543 1319 ·orationes
1560 1274 1643 1338 quae

429 1363 711 1445 postcommunio
733 1361 955 1447 appellantur.

526 1469 580 1535 93.
604 1468 655 1534 Ad
685 1468 944 1535 benedictionem
975 1487 1072 1553 quam
1103 1470 1290 1554 impertitur
1320 1468 1510 1547 Celebrans,
1534 1488 1643 1555 genua

436 1574 562 1654 flectet,
598 1583 731 1664 praeter
762 1576 939 1642 Praesules
970 1583 1004 1642 et
1027 1576 1210 1643 canonicos
1239 1579 1272 1642 in
1307 1598 1367 1643 sua
1400 1578 1560 1654 Ecclesia,
1588 1579 1643 1661 qui

434 1684 584 1751 stabunt.

525 1792 579 1857 94.
605 1791 655 1857 Ad
678 1791 785 1857 ultimi
816 1790 989 1876 Evangelii
1022 1792 1248 1857 recitationem
1277 1792 1377 1858 stabit
1406 1791 1551 1878 pedibus.
1583 1793 1645 1857 No·

436 1898 576 1966 andum
600 1898 684 1965 illud
708 1905 768 1975 est,
793 1897 879 1983 quod
902 1899 936 1961 in
959 1897 1068 1962 Missis
1091 1897 1262 1964 ferialibus
1286 1897 1398 1963 eadem
1422 1898 1540 1984 regula
1555 1900 1644 1965 cirea

432 2003 687 2092 genuflexiones
711 2005 952 2081 observabitur,
977 2024 1073 2089 quam
1097 2008 1249 2092 superius
1265 2007 1299 2069 iu
1314 2006 1422 2071 Missis
1442 2005 1642 2074 solemnibus

433 2113 642 2179 tradidimus.

530 2331 565 2410 ξ.
589 2328 619 2393 6.
644 2328 688 2394 In
711 2329 914 2411 aspersione
936 2347 1052 2412 aquae
1074 2327 1270 2396 benedictae
1291 2329 1329 2393 in
1352 2327 1551 2395 Dominicis.

523 2542 579 2608 95.
605 2542 723 2608 Oleros
746 2544 779 2606 in
802 2544 991 2629 aspersione
1021 2502 1126 2625 aquae
1155 2539 1345 2607 benedictae
1375 2541 1476 2607 stabit
1504 2561 1642 2627 semper,

429 2669 632 2735 quamquam
658 2649 837 2716 Celebrans
862 2670 935 2716 eum
960 2650 1121 2713 Ministris
1144 2668 1253 2734 genua
1282 2645 1394 2713 flectet
1421 2654 1499 2714 ante
1526 2649 1645 2714 Altare
1678 2706 1683 2732 ,

430 2758 652 2823 intonaturus
675 2756 890 2842 antiphonam
912 2756 1089 2840 Asperpes
1110 2775 1173 2830 nee,
1198 2755 1252 2820 vel
1277 2755 1387 2841 aliam
1404 2755 1483 2822 Vidi
1503 2775 1643 2841 aquom.

747 2973 779 3055 g.
803 2972 833 3034 7.
858 2970 901 3037 In
926 2968 1041 3055 Officio
1060 2989 1129 3052 pro
1152 2970 1339 3054 defunctis.

523 3187 579 3253 96.
605 3186 641 3252 ln
663 3186 820 3272 Vesperis
843 3204 902 3271 pro
926 3183 1090 3249 defunctis
1107 3184 1224 3250 Oleros
1240 3184 1340 3250 stabit
1359 3183 1494 3270 pedibus
1510 3185 1550 3251 ad
1570 3170 1646 3250 can·

426 3307 504 3363 tum
528 3294 729 3379 antiphonae
752 3312 835 3377 quae
858 3293 998 3378 primum
1021 3291 1183 3377 psalmum
1206 3291 1381 3377 praecedit.

523 3403 579 3469 97.
603 3400 734 3466 Sedebit
756 3398 797 3464 ad
820 3400 1024 3463 intonatione
1048 3400 1142 3483 primi
1165 3398 1281 3484 psalmi
1318 3420 1420 3482 usque
1450 3399 1526 3464 dum
1557 3402 1646 3465 into-

429 3511 572 3577 nabitur
595 3509 808 3594 Mcpnifieat.

525 3616 580 3682 98.
604 3614 655 3681 Ad
677 3613 775 3679 finem
798 3614 896 3678 huius
919 3613 1038 3677 cantici
1062 3611 1251 3689 cousidebit,
1276 3614 1361 3677 sicut
1384 3614 1481 3677 etiam
1515 3612 1555 3677 ad
1590 3633 1646 3677 re·

429 3727 630 3813 petitionem
651 3722 850 3807 antiphonae
874 3721 994 3785 cantici
1017 3719 1187 3804 praedicti.

525 3831 580 3896 99.
605 3828 901 3915 Adgeniculabitur
924 3826 964 3891 ad
989 3826 1097 3892 Peter
1120 3831 1247 3901 nester,
1272 3826 1312 3890 ad
1328 3847 1442 3912 preces
1459 3827 1548 3891 etad
1569 3846 1647 3890 ora-

431 3943 573 4004 tionem.

529 4045 602 4110 100.
626 4045 662 4107 ln
686 4042 848 4107 Matutino
881 4046 991 4104 autem
1027 4038 1126 4104 stabit
1152 4038 1193 4103 ad
1227 4041 1451 4105 invitatorium
1487 4048 1517 4104 et
1550 4041 1647 4104 unico

429 4176 526 4241 genu
550 4150 662 4217 flectet
684 4147 908 4215 tantummodo
931 4146 971 4211 ad
996 4146 1097 4211 verba
1128 4147 1243 4214 Venite
1270 4148 1458 4214 adoremus
1484 4156 1515 4214 et
1534 4148 1648 4229 proei-

430 4266 567 4328 dcmus
591 4267 652 4323 etc.

528 4368 601 4432 101.
626 4365 732 4431 Stabit
753 4364 792 4429 ad
823 4364 947 4449 primae
981 4361 1179 4445 antiphonae
1209 4364 1428 4427 cantationem
1457 4371 1490 4426 et
1521 4362 1646 4427 sedebit

428 4479 539 4545 eloneo
564 4481 719 4542 cantatus
742 4475 806 4538 erit
828 4477 859 4545 t.
883 4471 924 4535 ad
947 4468 1043 4534 finem
1068 4471 1162 4554 primi
1185 4472 1352 4534 nocturni.

525 4583 601 4649 life.
627 4582 677 4647 Ad
701 4582 808 4648 Peter
830 4586 949 4646 noster
973 4584 1102 4641 secrete
1118 4582 1195 4639 ante
1212 4577 1371 4640 lectiones
1388 4577 1521 4661 pedibus
1538 4578 1648 4641 stabit.
