4175 5717
892 694 963 741 cae.
989 692 1060 739 xiv.
1139 698 1149 714 ·
1433 679 1498 745 ’289

364 804 476 890 perius
488 801 675 878 indicatam,
688 801 882 868 'cantabitur
893 801 1073 888 antiphona
1086 801 1130 868 In
1139 803 1361 885 paradisum,
1375 824 1459 888 quae
1478 807 1586 872 omitti

364 910 464 977 etiam
487 910 621 997 poterit,
646 914 721 995 poet
742 925 839 993 quain
864 907 1047 974 Celebrans
1071 909 1236 975 intonabit
1257 915 1326 975 ant.
1349 911 1426 997 Epo
1449 932 1529 980 sum
1552 921 1586 978 et
1626 959 1635 979 ,

363 1018 526 1104 principio
550 1017 670 1109 cantici
694 1016 906 1083 Benedictus
929 1034 964 1081 se
988 1017 1141 1101 signabit.

453 1125 528 1191 491.
553 1124 679 1189 Iterata
701 1140 722 1188 a
744 1123 936 1188 cantoribus
960 1122 1131 1210 praedicta
1154 1125 1344 1210 antiphona,
1369 1144 1491 1192 canens
1510 1126 1590 1193 adii-

363 1234 431 1299 ciet
453 1233 564 1320 Kyric
587 1232 725 1308 eleison,
750 1237 827 1295 eta
859 1230 962 1296 choro
993 1230 1248 1320 respondebitur
1282 1233 1418 1301 Christe
1449 1235 1586 1312 eleison

363 1341 544 1425 subiunget
568 1338 749 1405 Celebrans
772 1337 884 1424 Kyric
907 1338 1048 1414 eleison,
1073 1338 1182 1406 Pater
1204 1341 1333 1416 noster,
1350 1340 1436 1424 quod
1458 1348 1587 1407 secreto

363 1452 593 1535 prosequetur.
619 1445 756 1511 Interim
772 1446 995 1531 aspersorium
1009 1465 1030 1509 a
1046 1445 1191 1511 Diacono
1207 1448 1356 1533 accipiet,
1370 1448 1507 1515 accedet
1521 1449 1588 1513 ali-

363 1564 526 1642 quantum
549 1554 591 1621 ad
614 1553 713 1641 pedes
737 1554 921 1631 cadaveris,
939 1558 972 1619 et
996 1555 1075 1638 quin
1092 1554 1256 1620 feretrum
1271 1556 1463 1634 circumeat,
1479 1577 1589 1645 asper·

361 1668 423 1750 get
446 1661 531 1730 illud
554 1664 587 1745 ip
611 1660 718 1728 medio
741 1680 762 1727 a
785 1662 853 1728 suis
877 1661 1019 1727 sinistris
1043 1667 1078 1726 et
1107 1659 1267 1739 dexteris,
1296 1661 1414 1730 reddet
1443 1664 1587 1730 Diacono

362 1771 591 1858 aspersorium
614 1773 649 1836 et
672 1765 792 1834 redibit
815 1788 880 1852 quo
903 1767 978 1833 loco
1001 1773 1101 1834 antea
1125 1773 1207 1834 erat.
1420 1847 1422 1850 ι

455 1878 529 1944 492.
555 1877 603 1943 Ibi
626 1876 813 1942 consistens
836 1873 971 1941 adiiciet
993 1880 1025 1950 t.
1042 1875 1148 1944 Eine
1162 1896 1228 1944 nos
1250 1883 1314 1944 ete.
1332 1898 1407 1944 cum
1423 1879 1499 1944 aliis
1516 1899 1589 1946 ver·

362 1986 482 2052 siculis
505 1991 540 2050 et
564 1984 715 2050 oratione
738 1984 822 2060 Fue,
849 2001 1069 2068 quaesumus
1093 1983 1240 2051 Domine
1262 1992 1325 2050 etc.
1349 2005 1415 2071 qua
1437 1984 1531 2052 finita
1549 2006 1589 2052 ac

362 2113 526 2181 responso
549 2113 570 2158 a
594 2090 693 2158 Claro
717 2091 841 2178 Amen,
865 2089 1038 2157 dexteram
1062 2111 1181 2157 versus
1205 2091 1350 2158 cadaver
1373 2094 1536 2160 attollens
1554 2101 1589 2159 et

360 2203 496 2288 signum
520 2201 637 2268 Crucis
661 2197 817 2273 efficiens,
842 2198 931 2265 dicet
945 2204 977 2273 i.
995 2199 1167 2285 Requiem
1178 2206 1360 2268 aeternnm
1375 2206 1437 2267 etc.
1459 2208 1588 2268 atcan-

360 2315 437 2378 tato
460 2329 481 2375 a
504 2308 696 2376 cantoribus
720 2306 830 2373 altero
854 2311 886 2380 i.
913 2306 1126 2394 Requiescut
1148 2307 1186 2376 in
1206 2327 1304 2392 pace.
1321 2318 1357 2390 it.
1377 2308 1498 2377 Amen.
1515 2309 1590 2378 sub

361 2418 465 2484 missa
482 2423 572 2482 'voce
594 2415 775 2501 subiunget
797 2414 927 2482 Animo
949 2415 1025 2482 eins
1048 2420 1111 2481 eta.
1209 2411 1213 2418 ’

457 2523 531 2590 493.
557 2523 715 2589 Proiecto
731 2509 947 2617 ”subdiacono
970 2526 1124 2607 gestante
1148 2521 1300 2618 Gppcem,
1324 2523 1483 2594 mediocri
1506 2545 1588 2592 voce

361 2630 531 2697 intonabit
553 2637 621 2697 ant.
648 2629 687 2698 Si
707 2630 922 2717 iniquitates,
947 2636 982 2696 et
1004 2629 1112 2696 bireto
1135 2623 1235 2718 capiti
1259 2623 1412 2718 imposito
1435 2631 1588 2698 alterna-

362 2727 525 2804 timeum
550 2738 649 2805 Claro
674 2740 819 2805 recitans
843 2737 1005 2823 psalmum
1028 2736 1081 2805 De
1098 2738 1308 2823 profundas,
1332 2737 1373 2804 ad
1404 2740 1588 2806 sacrarium

362 2850 570 2911 revertetur.
1198 2917 1200 2924 ,
1220 2903 1245 2928 „.

457 2952 531 3018 494.
556 2953 594 3017 In
618 2952 800 3018 sacrarium
825 2950 1014 3036 ingrediens
1046 2952 1184 3018 nudabit
1202 2941 1322 3050 ¹mut,
1347 2958 1381 3018 et
1410 2952 1500 3018 iacta
1532 2973 1588 3019 re-

361 3060 522 3125 verentia
545 3059 586 3123 ad
610 3059 749 3124 Crucem
767 3064 801 3124 et
816 3057 857 3122 ad
875 3056 1019 3135 Clarum,
1037 3078 1134 3125 sacra
1149 3035 1348 3126 veeffn'tenta
1363 3058 1524 3126 demittet.
1538 3059 1587 3144 (u)

442 4247 484 4315 (u)
506 4248 574 4303 Post
594 4248 748 4305 recitatum
769 4250 910 4322 psalmum
930 4252 976 4307 De
993 4253 1152 4327 proscindas
1167 4253 1358 4325 repetendam
1372 4271 1438 4311 esse
1452 4253 1587 4328 antipho·

366 4353 449 4398 nam,
469 4346 499 4392 et
517 4339 667 4394 addendos
687 4358 791 4396 versus
811 4359 876 4397 cum
897 4342 1030 4398 oratione
1052 4344 1197 4400 Fidelium
1217 4353 1272 4401 etc.
1292 4343 1407 4400 Rituale
1428 4362 1485 4400 non
1504 4363 1589 4418 prae·

365 4426 480 4482 scribit.
500 4429 628 4485 Rursum
650 4429 725 4485 idem
747 4429 862 4487 Rituale
882 4430 961 4489 iubet
982 4432 1163 4490 recitandum
1185 4451 1252 4490 esse
1271 4434 1316 4488 De
1341 4435 1498 4509 profundis
1526 4443 1588 4493 tan-

367 4518 521 4575 tummodo
541 4518 569 4575 in
590 4520 737 4593 exsequiis
757 4538 846 4594 super
865 4522 1002 4589 cadaver,
1024 4540 1081 4579 non
1102 4541 1174 4581 vero
1193 4522 1222 4579 iu
1241 4522 1314 4587 aliis,
1332 4541 1407 4596 quae
1427 4543 1518 4598 super
1539 4532 1586 4583 tu-

367 4608 480 4666 mulum
500 4617 682 4682 peraguntur

1458 4709 1521 4774 ltt‘
