4175 5717
992 997 1064 1047 cae.
1083 996 1103 1044 1.
1545 979 1566 1044 9

433 1123 570 1183 summ,
595 1101 742 1174 Domine
764 1115 827 1173 etc.
852 1107 973 1171 iunctis
997 1104 1157 1170 manibus.
1183 1105 1217 1169 Si
1250 1104 1371 1167 festum
1403 1103 1465 1167 hoc
1501 1101 1656 1167 inciderit

433 1223 510 1300 post
526 1213 808 1301 septuagesimam
825 1221 859 1278 et
875 1215 908 1278 in
924 1212 1010 1277 diem
1024 1210 1186 1285 ferialem,
1200 1209 1381 1275 Celebrans
1394 1209 1481 1274 dicto
1497 1208 1655 1285 Oranus,

433 1319 570 1386 adiiciet
593 1319 793 1388 rueramus
813 1338 934 1406 penno
958 1325 993 1383 et
1023 1318 1064 1383 ab
1095 1319 1165 1402 ipso
1200 1316 1414 1400 omnibusque
1448 1316 1656 1382 adstantibus

432 1424 693 1514 genuflectetur,
717 1447 756 1492 ac
779 1425 944 1492 secundus
967 1426 1112 1490 clericus
1136 1423 1348 1510 respondebit
1372 1423 1498 1491 Leonte
1522 1441 1658 1488 omnes-

433 1553 500 1620 que
535 1541 756 1620 consurgent:
793 1533 974 1599 Celebrans
1007 1539 1118 1597 autem
1151 1537 1372 1616 prosequetur
1404 1532 1586 1595 orationem
1619 1537 1657 1595 ut

434 1661 552 1728 supra.

524 1749 578 1814 58.
603 1749 736 1814 Interea
758 1749 883 1834 primus
899 1746 1043 1812 clericus
1060 1744 1222 1810 accendet
1237 1741 1410 1810 candelam
1432 1743 1654 1820 Celebrantis,

435 1854 575 1922 secundi
599 1875 638 1921 ac
660 1857 752 1921 tertii
776 1855 890 1920 clerici
914 1859 949 1919 et
972 1854 1005 1918 in
1029 1858 1184 1938 promptu
1201 1852 1336 1918 babebit
1351 1853 1536 1938 exmplaria
1556 1853 1655 1919 buius

438 1963 531 2030 libri.

449 2065 455 2074 ’
527 2073 580 2139 59.
605 2073 686 2138 Post
709 2074 892 2137 orationem
917 2071 1098 2137 celebrans
1123 2073 1236 2136 reniet
1250 2070 1291 2135 ad
1309 2070 1451 2136 medium
1473 2070 1607 2136 Altaris
1624 2079 1658 2137 et

434 2199 459 2246 a
482 2181 586 2266 primo
609 2180 735 2246 clerico
759 2180 899 2265 accipiet
922 2177 1096 2244 candelam
1120 2197 1292 2243 accensam
1309 2183 1343 2242 et
1359 2178 1532 2264 exemplar
1559 2180 1658 2245 buius

436 2288 527 2354 libri.
552 2285 723 2353 Secundus
746 2288 845 2352 etiarn
870 2292 905 2352 et
928 2287 1049 2351 tertius
1073 2284 1217 2350 clericus
1240 2286 1381 2371 accipiet
1411 2306 1504 2351 suam
1538 2285 1659 2352 cande·

436 2395 507 2462 lam
530 2414 710 2460 accensam
728 2401 762 2459 et
778 2393 960 2478 exemplar,
979 2398 1016 2457 ut
1032 2412 1147 2477 supra;
1165 2392 1330 2458 secundus
1352 2394 1487 2479 insuper
1511 2393 1655 2459 clericus

437 2503 629 2568 meminerit
651 2502 751 2568 etiam
774 2518 906 2566 sumere
929 2499 1073 2566 biretum
1098 2498 1320 2566 Celebrantis.

529 2609 583 2675 60.
609 2608 760 2676 Clericus
776 2609 900 2695 primus
917 2608 1056 2694 accipiet
1072 2607 1212 2674 Crucem
1228 2607 1508 2694 processionalem
1523 2615 1559 2674 et
1583 2607 1660 2674 sub·

439 2719 540 2784 sistet
563 2724 642 2782 anie
665 2717 796 2782 Altare.

530 2824 583 2889 61.
609 2824 703 2889 Tunc
719 2823 900 2890 celebrans
917 2828 1139 2888 convertetur
1155 2822 1196 2888 ad
1212 2823 1380 2910 populum,
1394 2823 1482 2890 dicet
1495 2825 1566 2890 alta
1577 2845 1659 2890 voce

438 2931 684 2999 Peoceoamus
695 2931 735 2998 in
743 2951 843 3014 poce,
859 2937 894 2996 et
909 2930 1025 2996 clerici
1040 2928 1291 3016 respondebunt
1302 2932 1347 2999 In
1358 2932 1500 2999 mmine
1515 2932 1655 2999 obviati.

439 3039 569 3106 Arnen.

530 3143 583 3211 62.
609 3145 789 3212 celebrans
813 3166 977 3211 unacum
1003 3143 1149 3210 secundo
1172 3165 1212 3211 ac
1235 3148 1336 3212 tertio
1363 3147 1488 3212 clerico
1513 3150 1656 3213 recitare

437 3256 601 3341 incipient
623 3255 836 3341 antiphonam
861 3255 1009 3322 Adoreo
1034 3254 1230 3322 thalamum
1252 3262 1316 3320 etc.
1340 3255 1381 3321 de
1398 3255 1509 3321 Altari
1526 3256 1661 3322 descen·

437 3363 525 3430 dent
539 3370 574 3429 et
589 3364 773 3450 respective
790 3362 1038 3428 inclinationem
1053 3380 1112 3426 seu
1128 3358 1396 3447 genuflexionem
1413 3361 1455 3428 ad
1471 3362 1591 3429 ditare
1613 3364 1660 3429 fa·

437 3475 534 3538 cient
557 3476 591 3536 et
613 3472 648 3535 iu
671 3471 913 3557 processionem
937 3466 1201 3555 proficiscentur.
1227 3467 1407 3535 Celebrans
1432 3478 1531 3556 caput
1552 3471 1660 3536 bireto

438 3585 550 3664 teget.

533 3685 586 3750 63.
612 3685 743 3750 Primus
758 3684 903 3751 clericus
919 3705 994 3751 cum
1012 3685 1119 3752 Gruce
1136 3685 1285 3772 praeibit,
1302 3691 1461 3770 sequetur
1477 3686 1660 3753 Celebraus

439 3791 572 3860 medius
596 3793 685 3857 inter
708 3791 888 3858 secundum
912 3812 951 3858 ac
974 3794 1112 3859 tortium
1136 3793 1295 3858 clericum
1320 3799 1354 3859 et
1376 3793 1519 3880 populus
1544 3794 1661 3861 subse-

441 3907 572 3987 quetur
595 3919 663 3965 eos.

534 4007 588 4071 64.
613 4006 788 4072 Processio
812 4004 882 4072 fleri
906 4005 1044 4073 deberet
1068 4009 1156 4073 intra
1172 4007 1330 4073 ambitum
1345 4009 1521 4092 ecclesiae;
1540 4015 1574 4074 et
1589 4030 1664 4094 pro-

438 4112 594 4182 cedendo
605 4133 625 4178 a
638 4111 780 4179 dextera
795 4113 836 4179 ad
852 4115 1020 4179 sinistram
1036 4114 1201 4181 redibitur
1216 4115 1256 4180 ad
1273 4116 1402 4181 Altare:
1420 4116 1534 4182 licebit
1550 4122 1661 4183 tamen

439 4227 547 4290 extra
568 4222 743 4287 ecclesiam
767 4223 866 4286 etiarn
889 4223 993 4298 exire,
1017 4223 1045 4286 si
1069 4221 1276 4289 consuetudo
1300 4223 1363 4289 ista
1379 4224 1413 4287 in
1430 4223 1504 4290 loco
1526 4225 1660 4310 rigebit.

534 4329 589 4396 65.
613 4329 858 4395 Recitabuutur
881 4330 1082 4415 antiphonae
1109 4333 1378 4417 praenominatae
1405 4332 1447 4397 ad
1475 4331 1661 4400 versiculos

440 4436 604 4507 redactae
626 4439 660 4502 in
684 4440 843 4502 maiorem
867 4437 1144 4504 commoditatem.

560 4547 702 4630 Anbpb.
727 4545 863 4611 Addrna
886 4547 1069 4612 thalamum
1093 4556 1200 4624 tuum,
1217 4549 1306 4615 Sion:
1331 4556 1365 4616 et
1388 4550 1516 4637 suscipe
1536 4548 1660 4635 Regem

444 4656 632 4726 Christum.

560 4760 773 4847 Ampleetore
797 4757 950 4827 Mariam:
975 4781 1060 4847 quae
1083 4769 1134 4829 est
1157 4763 1312 4830 caelestis
1335 4773 1441 4850 porta.

561 4869 636 4953 lpsa
659 4870 745 4934 enim
770 4876 880 4955 portat
905 4871 1029 4955 Regem
1052 4870 1190 4956 gloriae,
1216 4873 1291 4937 nori
1316 4869 1460 4940 liminis.
