4175 5717
517 741 583 806 270
974 757 1039 803 mn.
1065 758 1099 804 11.

517 871 570 936 55.
597 869 788 944 Celebrans,
814 877 949 954 peracto
973 867 1085 943 Sacro,
1111 863 1314 951 genuflectet
1337 859 1413 931 bum
1436 865 1598 932 Ministris
1618 867 1654 930 in

429 979 648 1066 suppedaneo,
674 983 706 1043 et
730 997 750 1042 a
772 976 881 1042 latere
906 996 964 1063 per
988 976 1078 1040 latus
1102 975 1272 1063 Epist-elac
1296 973 1500 1041 descendens
1535 977 1657 1061 perget

429 1088 470 1151 ad
495 1107 675 1152 scamnum.
700 1085 747 1150 lbi
771 1084 903 1150 cavebit
926 1103 968 1148 ne
991 1089 1124 1168 tergum
1148 1088 1259 1149 vertat
1281 1081 1323 1148 ad
1354 1082 1483 1160 ditare,
1507 1073 1657 1149 Ministri

429 1195 594 1280 deponent
619 1192 834 1278 manipulum
859 1193 927 1278 ipse
950 1196 1062 1256 autem
1086 1191 1218 1256 dimissa
1241 1190 1377 1276 planeta
1407 1195 1442 1256 et
1472 1189 1657 1278 manipulo,
1687 1199 1689 1204 '

432 1302 589 1368 induetur
613 1300 763 1386 pluviali.

519 1410 572 1474 50.
598 1409 749 1474 Clericus
773 1407 827 1472 vel
852 1405 1078 1472 subdiaconus
1102 1408 1242 1494 accipiet
1266 1407 1406 1473 Crucem
1430 1407 1527 1490 eique
1543 1424 1579 1472 se
1595 1403 1662 1470 ad-

432 1517 512 1582 dent
536 1516 696 1602 dcolytlri
712 1521 746 1580 et
762 1521 840 1579 ante
864 1514 983 1580 Altare
1007 1514 1197 1601 procedent.
1223 1514 1383 1602 Acolythi
1399 1519 1532 1580 tantum
1549 1533 1664 1600 genu·

434 1621 571 1690 flectent
587 1622 628 1688 ad
645 1623 906 1696 Sacramentum,
931 1621 1049 1687 deinde
1073 1623 1292 1706 processionis
1307 1623 1504 1708 principium
1521 1621 1664 1688 facient.

504 1731 576 1796 .57.
602 1731 785 1796 Celebraus
808 1735 887 1795 ante
911 1749 1091 1806 scamnum,
1116 1731 1288 1796 incensum
1311 1732 1342 1796 ei
1365 1731 1436 1796 sine
1460 1729 1588 1796 osculis
1604 1729 1668 1794 mi-

435 1842 600 1904 nistrante
617 1839 761 1904 Diacono
784 1843 819 1904 et
841 1836 1003 1904 fimbriam
1019 1836 1192 1904 dexteram
1207 1838 1365 1925 pluvialis
1381 1836 1562 1904 attollente
1580 1835 1668 1904 Sub·

434 1946 583 2022 diacono,
608 1947 778 2028 incensum
807 1947 840 2011 in
869 1953 1047 2032 utrumque
1077 1945 1287 2012 thuribulum
1321 1947 1392 2011 sine
1427 1943 1667 2012 benedictione

436 2057 570 2119 inliciet.

498 2162 577 2228 .58.
603 2162 735 2227 Interea
758 2162 903 2226 clericus
927 2163 960 2226 in
984 2169 1137 2248 promptu
1172 2161 1307 2228 habebit
1340 2163 1452 2229 velum
1482 2163 1669 2230 humerale

436 2271 595 2337 utendum
619 2291 639 2335 a
665 2270 875 2336 Celebrante.

525 2379 578 2444 50.
603 2378 677 2442 Bini
701 2377 816 2444 clerici
841 2365 1072 2444 umbraculum
1108 2379 1230 2444 hastile
1260 2378 1425 2464 accipient
1448 2385 1482 2446 et
1504 2378 1671 2448 deferent

304 2457 308 2470 ’
434 2493 516 2551 sinte
540 2485 665 2550 aditum
688 2485 900 2572 presbyterii,
917 2485 973 2550 ubi
988 2485 1207 2571 explicabunt
1229 2486 1314 2552 illud
1331 2489 1365 2551 et
1388 2487 1501 2553 hastas
1526 2487 1672 2556 tradent

437 2593 642 2660 delatoribus
666 2595 737 2658 eius
761 2591 819 2678 (a).

522 2702 575 2766 60.
600 2701 691 2768 Ordo
714 2721 780 2786 qno
803 2701 995 2788 disponendi
1019 2707 1121 2768 erunt
1143 2701 1322 2782 delatores,
1347 2705 1499 2770 innuitur
1522 2723 1543 2768 a
1575 2703 1669 2772 Gae-

437 2810 610 2876 remonioli
633 2810 872 2896 Episcoporum
895 2809 951 2876 lib.
976 2811 1000 2874 l.
1024 2829 1094 2897 cap.
1120 2810 1212 2876 XIV.
1237 2831 1326 2876 num.
1342 2811 1374 2876 2.
1392 2830 1508 2898 nempe
1527 2811 1669 2898 dignior

436 2919 578 3005 gestabit
601 2919 738 3004 primam
763 2918 892 2982 hastam
915 2938 935 2982 a
958 2917 1107 2984 dexteris
1132 2918 1350 2995 Celebrantis,
1375 2918 1554 2986 secundam
1578 2939 1671 3006 quae

438 3029 543 3113 prima
567 3033 618 3090 est
641 3046 660 3090 a
684 3027 828 3091 sinistris
853 3025 1061 3092 celebrantis
1086 3026 1251 3092 secundus
1268 3027 1408 3118 dignior,
1426 3029 1672 3114 tertiam⁴quae

441 3135 586 3200 secunda
609 3140 661 3199 est
683 3155 703 3199 a
726 3134 874 3200 dexteris
899 3135 1108 3202 Celebrantis
1133 3138 1264 3215 tertius,
1289 3143 1441 3222 quartam
1464 3156 1524 3203 seu
1548 3157 1673 3206 secun·

440 3243 513 3308 dam
537 3263 557 3307 a
580 3244 723 3308 sinistris
748 3243 955 3310 celebrantis
979 3251 1130 3328 quartus,
1147 3247 1296 3328 quintam
1320 3264 1378 3310 seu
1402 3247 1537 3310 tertiam
1559 3265 1582 3311 a
1607 3245 1673 3316 de·

438 3353 545 3416 xteris
569 3350 778 3416 Celebrantis
809 3357 843 3416 et
873 3351 945 3417 fere
975 3357 1050 3437 post
1078 3354 1184 3438 ipsum
1214 3354 1360 3436 quintus,
1385 3359 1515 3418 sextam
1545 3374 1671 3442 nempe

330 3499 333 3506 ·
440 3461 574 3525 tertiam
596 3479 616 3523 a
639 3459 782 3525 sinistris
805 3465 840 3524 et
862 3465 937 3546 post
960 3458 1194 3526 celebrantem
1222 3465 1350 3538 sextus,
1375 3461 1548 3548 septimam
1579 3483 1672 3550 quae

438 3575 557 3653 quarta
580 3573 631 3632 est
654 3587 673 3632 a
696 3567 844 3632 dexteris
868 3573 942 3654 post
965 3567 1197 3634 Celebrautem
1221 3570 1389 3655 septimus,
1408 3575 1561 3636 octavam
1579 3591 1672 3658 quae

442 3685 562 3761 quarta
585 3680 637 3741 est
658 3695 679 3741 a
701 3676 844 3741 sinistris
868 3680 943 3763 post
966 3675 1199 3742 Celebrantem
1222 3683 1370 3744 octavus.

528 3784 580 3849 til.
605 3785 709 3849 Primi
733 3784 900 3849 delatores
925 3784 1111 3851 umbraculi
1136 3790 1236 3850 erunt
1269 3782 1472 3852 beneficiarii
1502 3785 1673 3872 praedicti

442 3893 548 3959 induti
571 3892 774 3979 pluvialibus
810 3893 918 3958 relate
948 3893 989 3958 ad
1021 3891 1252 3970 cathedrales,
1282 3892 1338 3959 rel
1369 3893 1469 3958 etiam
1504 3893 1671 3962 Canonici

439 4002 548 4066 relate
571 4000 612 4065 ad
637 3999 852 4086 collegiatae,
877 4002 932 4083 qui
956 4001 1019 4066 hoc
1042 4021 1122 4066 casu
1146 4020 1210 4066 non
1237 4005 1380 4066 utuntur
1402 3999 1554 4086 pluviali,
1573 4008 1611 4069 et
1626 4003 1671 4070 ab

439 4109 550 4175 Alteri
575 4111 699 4174 maiore
722 4108 832 4175 solent
856 4107 941 4174 illud
965 4108 1098 4175 deferre
1123 4129 1226 4194 usque
1256 4108 1297 4174 ad
1329 4115 1458 4194 portam
1489 4107 1670 4178 ecclesiae:

440 4218 480 4282 ab
505 4218 648 4283 ecclsiae
671 4223 767 4302 porta
792 4235 896 4300 usque
919 4215 961 4281 ad
984 4217 1130 4281 altorum
1155 4216 1266 4281 locum
1290 4215 1528 4301 designandum
1552 4237 1673 4284 succe·

441 4325 498 4390 det
521 4327 747 4412 Magistratus:
773 4323 889 4388 deinde
913 4324 970 4388 alii
993 4326 1108 4409 togati,
1134 4325 1160 4388 si
1184 4324 1337 4390 aderunt:
1373 4329 1489 4410 postea
1521 4324 1673 4391 Confra-

516 4559 558 4626 (a)
578 4559 621 4615 Do
641 4576 697 4614 usu
715 4557 874 4616 umbellas.
894 4575 947 4614 seu
966 4557 1050 4630 parvi
1069 4557 1232 4616 umbraculi
1252 4556 1423 4632 inspiciatur
1441 4563 1543 4614 nostra
1571 4555 1670 4616 adno-

448 4644 517 4700 tatio
536 4663 599 4719 cap.
615 4649 710 4706 XXV.
722 4647 807 4706 huius
827 4648 874 4705 lib.
894 4665 971 4703 oum.
991 4651 1033 4703 47.
