<?xml version="1.0" encoding="UTF-8"?>
<!DOCTYPE html PUBLIC "-//W3C//DTD XHTML 1.0 Transitional//EN"
    "http://www.w3.org/TR/xhtml1/DTD/xhtml1-transitional.dtd">
<html xmlns="http://www.w3.org/1999/xhtml" xml:lang="en" lang="en">
 <head>
  <title>
</title>
<meta http-equiv="Content-Type" content="text/html;charset=utf-8" />
  <meta name='ocr-system' content='tesseract 3.04.00' />
  <meta name='ocr-capabilities' content='ocr_page ocr_carea ocr_par ocr_line ocrx_word'/>
</head>
<body>
  <div class='ocr_page' id='page_1' title='image "./manualesacrarum00martgoog_0128.png"; bbox 0 0 4175 5717; ppageno 0'>
   <div class='ocr_carea' id='block_1_1' title="bbox 634 691 1206 768">
    <p class='ocr_par' dir='ltr' id='par_1_1' title="bbox 634 691 1206 768">
     <span class='ocr_line' id='line_1_1' title="bbox 634 691 1206 768; baseline 0.005 -6"><span class='ocrx_word' id='word_1_1' title='bbox 634 691 695 763; x_wconf 84' lang='lat' dir='ltr'><strong>loo</strong></span> <span class='ocrx_word' id='word_1_2' title='bbox 1093 715 1160 768; x_wconf 82' lang='lat' dir='ltr'><strong>mn.</strong></span> <span class='ocrx_word' id='word_1_3' title='bbox 1184 718 1206 768; x_wconf 90' lang='lat'><strong>1.</strong></span> 
     </span>
    </p>
   </div>
   <div class='ocr_carea' id='block_1_2' title="bbox 543 822 1764 1234">
    <p class='ocr_par' dir='ltr' id='par_1_2' title="bbox 543 822 1764 1017">
     <span class='ocr_line' id='line_1_2' title="bbox 630 822 1764 916; baseline 0.008 -29"><span class='ocrx_word' id='word_1_4' title='bbox 630 823 683 887; x_wconf 81' lang='grc'><strong>69.</strong></span> <span class='ocrx_word' id='word_1_5' title='bbox 708 822 755 887; x_wconf 89' lang='lat' dir='ltr'><strong>De</strong></span> <span class='ocrx_word' id='word_1_6' title='bbox 779 823 908 908; x_wconf 88' lang='lat' dir='ltr'><strong>reliquo</strong></span> <span class='ocrx_word' id='word_1_7' title='bbox 931 824 1164 891; x_wconf 75' lang='lat' dir='ltr'><strong>observabitur</strong></span> <span class='ocrx_word' id='word_1_8' title='bbox 1186 826 1272 911; x_wconf 90' lang='lat' dir='ltr'><strong>quod</strong></span> <span class='ocrx_word' id='word_1_9' title='bbox 1289 847 1350 913; x_wconf 90' lang='lat' dir='ltr'><strong>pro</strong></span> <span class='ocrx_word' id='word_1_10' title='bbox 1373 825 1475 894; x_wconf 88' lang='lat' dir='ltr'><strong>Missa</strong></span> <span class='ocrx_word' id='word_1_11' title='bbox 1506 825 1645 895; x_wconf 83' lang='lat' dir='ltr'><strong>solemni</strong></span> <span class='ocrx_word' id='word_1_12' title='bbox 1670 846 1764 916; x_wconf 86' lang='lat' dir='ltr'><strong>prae·</strong></span> 
     </span>
     <span class='ocr_line' id='line_1_3' title="bbox 543 930 1524 1017; baseline 0.005 -23"><span class='ocrx_word' id='word_1_13' title='bbox 543 930 701 1015; x_wconf 88' lang='lat' dir='ltr'><strong>scriptum</strong></span> <span class='ocrx_word' id='word_1_14' title='bbox 726 935 786 1006; x_wconf 92' lang='lat' dir='ltr'><strong>est,</strong></span> <span class='ocrx_word' id='word_1_15' title='bbox 810 937 945 1015; x_wconf 88' lang='lat' dir='ltr'><strong>praeter</strong></span> <span class='ocrx_word' id='word_1_16' title='bbox 968 935 1184 1011; x_wconf 75' lang='lat' dir='ltr'><strong>reverentias,</strong></span> <span class='ocrx_word' id='word_1_17' title='bbox 1210 952 1294 1017; x_wconf 87' lang='lat' dir='ltr'><strong>quae</strong></span> <span class='ocrx_word' id='word_1_18' title='bbox 1317 936 1524 1002; x_wconf 90' lang='lat' dir='ltr'><strong>omittentur.</strong></span> 
     </span>
    </p>

    <p class='ocr_par' dir='ltr' id='par_1_3' title="bbox 544 1036 1763 1234">
     <span class='ocr_line' id='line_1_4' title="bbox 631 1036 1763 1127; baseline 0.01 -27"><span class='ocrx_word' id='word_1_19' title='bbox 631 1036 951 1104; x_wconf 59' lang='lat' dir='ltr'><strong>metamaucenses</strong></span> <span class='ocrx_word' id='word_1_20' title='bbox 986 1039 1026 1105; x_wconf 87' lang='lat' dir='ltr'><strong>ab</strong></span> <span class='ocrx_word' id='word_1_21' title='bbox 1057 1041 1178 1118; x_wconf 80' lang='lat' dir='ltr'><strong>Alteri,</strong></span> <span class='ocrx_word' id='word_1_22' title='bbox 1207 1044 1234 1107; x_wconf 90' lang='lat' dir='ltr'><strong>si</strong></span> <span class='ocrx_word' id='word_1_23' title='bbox 1261 1044 1448 1127; x_wconf 86' lang='lat' dir='ltr'><strong>expositum</strong></span> <span class='ocrx_word' id='word_1_24' title='bbox 1479 1044 1624 1110; x_wconf 88' lang='lat' dir='ltr'><strong>manebit</strong></span> <span class='ocrx_word' id='word_1_25' title='bbox 1652 1044 1763 1112; x_wconf 87' lang='lat' dir='ltr'><strong>adhuc</strong></span> 
     </span>
     <span class='ocr_line' id='line_1_5' title="bbox 544 1141 1463 1234; baseline 0.007 -26"><span class='ocrx_word' id='word_1_26' title='bbox 544 1144 600 1209; x_wconf 90' lang='lat' dir='ltr'><strong>SS.</strong></span> <span class='ocrx_word' id='word_1_27' title='bbox 626 1141 885 1223; x_wconf 87' lang='lat' dir='ltr'><strong>Sacramentum,</strong></span> <span class='ocrx_word' id='word_1_28' title='bbox 910 1145 1143 1233; x_wconf 80' lang='lat' dir='ltr'><strong>genuflexione</strong></span> <span class='ocrx_word' id='word_1_29' title='bbox 1166 1146 1291 1234; x_wconf 83' lang='lat' dir='ltr'><strong>duplici</strong></span> <span class='ocrx_word' id='word_1_30' title='bbox 1314 1155 1463 1216; x_wconf 89' lang='lat' dir='ltr'><strong>utentur.</strong></span> 
     </span>
    </p>
   </div>
   <div class='ocr_carea' id='block_1_3' title="bbox 741 1362 1563 1554">
    <p class='ocr_par' dir='ltr' id='par_1_4' title="bbox 741 1362 1563 1554">
     <span class='ocr_line' id='line_1_6' title="bbox 741 1362 1563 1446; baseline 0.009 -22"><span class='ocrx_word' id='word_1_31' title='bbox 741 1363 772 1445; x_wconf 56' lang='grc' dir='ltr'><strong>ᾖ.</strong></span> <span class='ocrx_word' id='word_1_32' title='bbox 797 1362 827 1425; x_wconf 88' lang='grc'><strong>8.</strong></span> <span class='ocrx_word' id='word_1_33' title='bbox 852 1362 897 1429; x_wconf 73' lang='lat' dir='ltr'><strong>Ia</strong></span> <span class='ocrx_word' id='word_1_34' title='bbox 928 1362 1099 1446; x_wconf 66' lang='lat' dir='ltr'><strong>Vesperts,</strong></span> <span class='ocrx_word' id='word_1_35' title='bbox 1124 1363 1301 1431; x_wconf 74' lang='lat' dir='ltr'><strong>Matutino</strong></span> <span class='ocrx_word' id='word_1_36' title='bbox 1324 1371 1356 1432; x_wconf 84' lang='lat' dir='ltr'><strong>et</strong></span> <span class='ocrx_word' id='word_1_37' title='bbox 1379 1362 1563 1431; x_wconf 70' lang='lat' dir='ltr'><strong>Laconas</strong></span> 
     </span>
     <span class='ocr_line' id='line_1_7' title="bbox 1006 1469 1288 1554; baseline 0 -19"><span class='ocrx_word' id='word_1_38' title='bbox 1006 1490 1078 1553; x_wconf 77' lang='lat' dir='ltr'><strong>pro</strong></span> <span class='ocrx_word' id='word_1_39' title='bbox 1101 1469 1288 1554; x_wconf 75' lang='lat' dir='ltr'><strong>defunctis.</strong></span> 
     </span>
    </p>
   </div>
   <div class='ocr_carea' id='block_1_4' title="bbox 632 1682 1736 1987">
    <p class='ocr_par' dir='ltr' id='par_1_5' title="bbox 632 1682 1736 1987">
     <span class='ocr_line' id='line_1_8' title="bbox 632 1682 1736 1771; baseline 0.004 -24"><span class='ocrx_word' id='word_1_40' title='bbox 632 1684 682 1748; x_wconf 78' lang='lat'><strong>71.</strong></span> <span class='ocrx_word' id='word_1_41' title='bbox 707 1684 797 1751; x_wconf 88' lang='lat' dir='ltr'><strong>Haeo</strong></span> <span class='ocrx_word' id='word_1_42' title='bbox 820 1682 926 1750; x_wconf 87' lang='lat' dir='ltr'><strong>officia</strong></span> <span class='ocrx_word' id='word_1_43' title='bbox 949 1685 1020 1749; x_wconf 88' lang='lat' dir='ltr'><strong>sine</strong></span> <span class='ocrx_word' id='word_1_44' title='bbox 1043 1685 1278 1771; x_wconf 86' lang='lat' dir='ltr'><strong>acolythorum</strong></span> <span class='ocrx_word' id='word_1_45' title='bbox 1302 1686 1486 1751; x_wconf 90' lang='lat' dir='ltr'><strong>ministerio</strong></span> <span class='ocrx_word' id='word_1_46' title='bbox 1510 1685 1736 1752; x_wconf 79' lang='lat' dir='ltr'><strong>celebrantur.</strong></span> 
     </span>
     <span class='ocr_line' id='line_1_9' title="bbox 803 1898 1489 1987; baseline 0.001 -24"><span class='ocrx_word' id='word_1_47' title='bbox 803 1900 835 1982; x_wconf 67' lang='grc'><strong>5.</strong></span> <span class='ocrx_word' id='word_1_48' title='bbox 860 1898 891 1964; x_wconf 92' lang='grc'><strong>9.</strong></span> <span class='ocrx_word' id='word_1_49' title='bbox 916 1898 959 1965; x_wconf 78' lang='lat' dir='ltr'><strong>Ia</strong></span> <span class='ocrx_word' id='word_1_50' title='bbox 982 1899 1097 1966; x_wconf 73' lang='lat' dir='ltr'><strong>Mtrra</strong></span> <span class='ocrx_word' id='word_1_51' title='bbox 1119 1902 1269 1967; x_wconf 61' lang='lat' dir='ltr'><strong>semmai</strong></span> <span class='ocrx_word' id='word_1_52' title='bbox 1290 1901 1333 1967; x_wconf 87' lang='lat' dir='ltr'><strong>de</strong></span> <span class='ocrx_word' id='word_1_53' title='bbox 1356 1902 1489 1987; x_wconf 79' lang='lat' dir='ltr'><strong>requie.</strong></span> 
     </span>
    </p>
   </div>
   <div class='ocr_carea' id='block_1_5' title="bbox 537 2112 1762 4136">
    <p class='ocr_par' dir='ltr' id='par_1_6' title="bbox 539 2112 1762 2627">
     <span class='ocr_line' id='line_1_10' title="bbox 627 2112 1760 2190; baseline 0.004 -13"><span class='ocrx_word' id='word_1_54' title='bbox 627 2113 678 2177; x_wconf 82' lang='lat'><strong>72.</strong></span> <span class='ocrx_word' id='word_1_55' title='bbox 704 2112 846 2178; x_wconf 89' lang='lat' dir='ltr'><strong>Indueut</strong></span> <span class='ocrx_word' id='word_1_56' title='bbox 869 2113 1049 2190; x_wconf 90' lang='lat' dir='ltr'><strong>Ministros,</strong></span> <span class='ocrx_word' id='word_1_57' title='bbox 1067 2120 1104 2178; x_wconf 91' lang='lat' dir='ltr'><strong>ut</strong></span> <span class='ocrx_word' id='word_1_58' title='bbox 1120 2115 1154 2178; x_wconf 93' lang='lat' dir='ltr'><strong>in</strong></span> <span class='ocrx_word' id='word_1_59' title='bbox 1170 2114 1245 2179; x_wconf 88' lang='lat' dir='ltr'><strong>aliis</strong></span> <span class='ocrx_word' id='word_1_60' title='bbox 1264 2115 1373 2180; x_wconf 84' lang='lat' dir='ltr'><strong>Missis</strong></span> <span class='ocrx_word' id='word_1_61' title='bbox 1389 2114 1601 2181; x_wconf 88' lang='lat' dir='ltr'><strong>solemnibus:</strong></span> <span class='ocrx_word' id='word_1_62' title='bbox 1626 2123 1760 2183; x_wconf 91' lang='lat' dir='ltr'><strong>sument</strong></span> 
     </span>
     <span class='ocr_line' id='line_1_11' title="bbox 540 2218 1758 2307; baseline 0.005 -24"><span class='ocrx_word' id='word_1_63' title='bbox 540 2218 741 2285; x_wconf 85' lang='lat' dir='ltr'><strong>candelabra</strong></span> <span class='ocrx_word' id='word_1_64' title='bbox 763 2220 911 2284; x_wconf 86' lang='lat' dir='ltr'><strong>accensis</strong></span> <span class='ocrx_word' id='word_1_65' title='bbox 935 2219 1084 2286; x_wconf 86' lang='lat' dir='ltr'><strong>candelis</strong></span> <span class='ocrx_word' id='word_1_66' title='bbox 1109 2220 1156 2306; x_wconf 85' lang='lat' dir='ltr'><strong>(a)</strong></span> <span class='ocrx_word' id='word_1_67' title='bbox 1181 2228 1215 2286; x_wconf 91' lang='lat' dir='ltr'><strong>et</strong></span> <span class='ocrx_word' id='word_1_68' title='bbox 1237 2220 1418 2307; x_wconf 86' lang='lat' dir='ltr'><strong>procedent</strong></span> <span class='ocrx_word' id='word_1_69' title='bbox 1434 2221 1474 2286; x_wconf 90' lang='lat' dir='ltr'><strong>ad</strong></span> <span class='ocrx_word' id='word_1_70' title='bbox 1500 2222 1618 2288; x_wconf 88' lang='lat' dir='ltr'><strong>Altare</strong></span> <span class='ocrx_word' id='word_1_71' title='bbox 1642 2223 1758 2289; x_wconf 91' lang='lat' dir='ltr'><strong>ordine</strong></span> 
     </span>
     <span class='ocr_line' id='line_1_12' title="bbox 539 2324 1762 2413; baseline 0.003 -21"><span class='ocrx_word' id='word_1_72' title='bbox 539 2327 648 2403; x_wconf 86' lang='lat' dir='ltr'><strong>solito,</strong></span> <span class='ocrx_word' id='word_1_73' title='bbox 673 2347 737 2411; x_wconf 91' lang='lat' dir='ltr'><strong>quo</strong></span> <span class='ocrx_word' id='word_1_74' title='bbox 760 2347 860 2411; x_wconf 93' lang='lat' dir='ltr'><strong>quum</strong></span> <span class='ocrx_word' id='word_1_75' title='bbox 884 2329 1048 2405; x_wconf 87' lang='lat' dir='ltr'><strong>venerint,</strong></span> <span class='ocrx_word' id='word_1_76' title='bbox 1065 2324 1330 2413; x_wconf 85' lang='lat' dir='ltr'><strong>genuflexionem</strong></span> <span class='ocrx_word' id='word_1_77' title='bbox 1349 2347 1416 2394; x_wconf 90' lang='lat' dir='ltr'><strong>una</strong></span> <span class='ocrx_word' id='word_1_78' title='bbox 1440 2350 1515 2394; x_wconf 89' lang='lat' dir='ltr'><strong>cum</strong></span> <span class='ocrx_word' id='word_1_79' title='bbox 1532 2330 1694 2395; x_wconf 86' lang='lat' dir='ltr'><strong>Ministris</strong></span> <span class='ocrx_word' id='word_1_80' title='bbox 1714 2333 1762 2397; x_wconf 82' lang='lat' dir='ltr'><strong>ef·</strong></span> 
     </span>
     <span class='ocr_line' id='line_1_13' title="bbox 539 2433 1759 2522; baseline 0.002 -23"><span class='ocrx_word' id='word_1_81' title='bbox 539 2434 660 2511; x_wconf 81' lang='lat' dir='ltr'><strong>tinient,</strong></span> <span class='ocrx_word' id='word_1_82' title='bbox 685 2433 853 2520; x_wconf 87' lang='lat' dir='ltr'><strong>deponent</strong></span> <span class='ocrx_word' id='word_1_83' title='bbox 874 2434 1077 2501; x_wconf 86' lang='lat' dir='ltr'><strong>candelabra</strong></span> <span class='ocrx_word' id='word_1_84' title='bbox 1099 2455 1199 2522; x_wconf 88' lang='lat' dir='ltr'><strong>super</strong></span> <span class='ocrx_word' id='word_1_85' title='bbox 1222 2435 1360 2502; x_wconf 87' lang='lat' dir='ltr'><strong>abacum</strong></span> <span class='ocrx_word' id='word_1_86' title='bbox 1385 2442 1420 2500; x_wconf 90' lang='lat' dir='ltr'><strong>et</strong></span> <span class='ocrx_word' id='word_1_87' title='bbox 1445 2435 1486 2501; x_wconf 88' lang='lat' dir='ltr'><strong>ad</strong></span> <span class='ocrx_word' id='word_1_88' title='bbox 1516 2436 1759 2503; x_wconf 84' lang='lat' dir='ltr'><strong>confessionem</strong></span> 
     </span>
     <span class='ocr_line' id='line_1_14' title="bbox 539 2540 790 2627; baseline -0.008 -21"><span class='ocrx_word' id='word_1_89' title='bbox 539 2540 790 2627; x_wconf 85' lang='lat' dir='ltr'><strong>geniculabunt.</strong></span> 
     </span>
    </p>

    <p class='ocr_par' dir='ltr' id='par_1_7' title="bbox 540 2647 1758 2841">
     <span class='ocr_line' id='line_1_15' title="bbox 626 2647 1758 2736; baseline 0.004 -22"><span class='ocrx_word' id='word_1_90' title='bbox 626 2649 678 2715; x_wconf 86' lang='lat'><strong>73.</strong></span> <span class='ocrx_word' id='word_1_91' title='bbox 704 2648 755 2714; x_wconf 88' lang='lat' dir='ltr'><strong>Ad</strong></span> <span class='ocrx_word' id='word_1_92' title='bbox 784 2650 976 2730; x_wconf 82' lang='lat' dir='ltr'><strong>orationem,</strong></span> <span class='ocrx_word' id='word_1_93' title='bbox 1001 2669 1086 2734; x_wconf 89' lang='lat' dir='ltr'><strong>quae</strong></span> <span class='ocrx_word' id='word_1_94' title='bbox 1116 2650 1314 2729; x_wconf 87' lang='lat' dir='ltr'><strong>cantabitur,</strong></span> <span class='ocrx_word' id='word_1_95' title='bbox 1339 2650 1479 2736; x_wconf 86' lang='lat' dir='ltr'><strong>genibus</strong></span> <span class='ocrx_word' id='word_1_96' title='bbox 1512 2647 1609 2717; x_wconf 82' lang='lat' dir='ltr'><strong>flexis</strong></span> <span class='ocrx_word' id='word_1_97' title='bbox 1640 2670 1758 2719; x_wconf 89' lang='lat' dir='ltr'><strong>mane-</strong></span> 
     </span>
     <span class='ocr_line' id='line_1_16' title="bbox 540 2756 1378 2841; baseline 0.001 -21"><span class='ocrx_word' id='word_1_98' title='bbox 540 2756 631 2833; x_wconf 90' lang='lat' dir='ltr'><strong>bunt,</strong></span> <span class='ocrx_word' id='word_1_99' title='bbox 656 2756 928 2841; x_wconf 75' lang='lat' dir='ltr'><strong>quemadmodum</strong></span> <span class='ocrx_word' id='word_1_100' title='bbox 951 2757 1039 2823; x_wconf 90' lang='lat' dir='ltr'><strong>solet</strong></span> <span class='ocrx_word' id='word_1_101' title='bbox 1063 2756 1181 2823; x_wconf 82' lang='lat' dir='ltr'><strong>Clarus</strong></span> <span class='ocrx_word' id='word_1_102' title='bbox 1206 2759 1240 2822; x_wconf 94' lang='lat' dir='ltr'><strong>in</strong></span> <span class='ocrx_word' id='word_1_103' title='bbox 1264 2758 1378 2823; x_wconf 89' lang='lat' dir='ltr'><strong>choro.</strong></span> 
     </span>
    </p>

    <p class='ocr_par' dir='ltr' id='par_1_8' title="bbox 537 2859 1758 4136">
     <span class='ocr_line' id='line_1_17' title="bbox 627 2859 1756 2950; baseline 0.004 -22"><span class='ocrx_word' id='word_1_104' title='bbox 627 2865 679 2928; x_wconf 82' lang='grc'><strong>74.</strong></span> <span class='ocrx_word' id='word_1_105' title='bbox 704 2864 737 2930; x_wconf 88' lang='lat' dir='ltr'><strong>Si</strong></span> <span class='ocrx_word' id='word_1_106' title='bbox 754 2864 968 2930; x_wconf 80' lang='lat' dir='ltr'><strong>candelarum</strong></span> <span class='ocrx_word' id='word_1_107' title='bbox 985 2864 1174 2930; x_wconf 85' lang='lat' dir='ltr'><strong>distributio</strong></span> <span class='ocrx_word' id='word_1_108' title='bbox 1191 2863 1257 2942; x_wconf 85' lang='lat' dir='ltr'><strong>liet,</strong></span> <span class='ocrx_word' id='word_1_109' title='bbox 1275 2872 1375 2950; x_wconf 87' lang='lat' dir='ltr'><strong>atque</strong></span> <span class='ocrx_word' id='word_1_110' title='bbox 1398 2859 1526 2932; x_wconf 88' lang='lat' dir='ltr'><strong>adhoc</strong></span> <span class='ocrx_word' id='word_1_111' title='bbox 1541 2864 1683 2932; x_wconf 91' lang='lat' dir='ltr'><strong>officium</strong></span> <span class='ocrx_word' id='word_1_112' title='bbox 1700 2866 1756 2932; x_wconf 92' lang='lat' dir='ltr'><strong>de·</strong></span> 
     </span>
     <span class='ocr_line' id='line_1_18' title="bbox 538 2970 1757 3058; baseline 0.005 -24"><span class='ocrx_word' id='word_1_113' title='bbox 538 2971 639 3055; x_wconf 81' lang='lat' dir='ltr'><strong>legati</strong></span> <span class='ocrx_word' id='word_1_114' title='bbox 663 2971 730 3036; x_wconf 92' lang='lat' dir='ltr'><strong>sint</strong></span> <span class='ocrx_word' id='word_1_115' title='bbox 752 2972 903 3058; x_wconf 85' lang='lat' dir='ltr'><strong>acolythi</strong></span> <span class='ocrx_word' id='word_1_116' title='bbox 926 2971 968 3036; x_wconf 90' lang='lat' dir='ltr'><strong>ad</strong></span> <span class='ocrx_word' id='word_1_117' title='bbox 992 2970 1129 3037; x_wconf 86' lang='lat' dir='ltr'><strong>mediam</strong></span> <span class='ocrx_word' id='word_1_118' title='bbox 1154 2972 1226 3036; x_wconf 84' lang='lat' dir='ltr'><strong>fere</strong></span> <span class='ocrx_word' id='word_1_119' title='bbox 1257 2975 1461 3057; x_wconf 84' lang='lat' dir='ltr'><strong>sequentiam</strong></span> <span class='ocrx_word' id='word_1_120' title='bbox 1493 2980 1671 3050; x_wconf 87' lang='lat' dir='ltr'><strong>cantatam,</strong></span> <span class='ocrx_word' id='word_1_121' title='bbox 1696 2996 1757 3040; x_wconf 90' lang='lat' dir='ltr'><strong>su-</strong></span> 
     </span>
     <span class='ocr_line' id='line_1_19' title="bbox 537 3079 1757 3166; baseline 0.002 -22"><span class='ocrx_word' id='word_1_122' title='bbox 537 3088 628 3144; x_wconf 90' lang='lat' dir='ltr'><strong>ment</strong></span> <span class='ocrx_word' id='word_1_123' title='bbox 651 3100 694 3145; x_wconf 82' lang='lat' dir='ltr'><strong>ex</strong></span> <span class='ocrx_word' id='word_1_124' title='bbox 717 3079 819 3146; x_wconf 86' lang='lat' dir='ltr'><strong>abaco</strong></span> <span class='ocrx_word' id='word_1_125' title='bbox 842 3079 1008 3156; x_wconf 80' lang='lat' dir='ltr'><strong>candelae,</strong></span> <span class='ocrx_word' id='word_1_126' title='bbox 1027 3081 1164 3145; x_wconf 83' lang='lat' dir='ltr'><strong>venient</strong></span> <span class='ocrx_word' id='word_1_127' title='bbox 1180 3086 1257 3145; x_wconf 89' lang='lat' dir='ltr'><strong>ante</strong></span> <span class='ocrx_word' id='word_1_128' title='bbox 1275 3081 1403 3157; x_wconf 83' lang='lat' dir='ltr'><strong>Altare,</strong></span> <span class='ocrx_word' id='word_1_129' title='bbox 1424 3079 1660 3166; x_wconf 70' lang='lat' dir='ltr'><strong>genuflectent</strong></span> <span class='ocrx_word' id='word_1_130' title='bbox 1685 3087 1757 3147; x_wconf 92' lang='lat' dir='ltr'><strong>tum</strong></span> 
     </span>
     <span class='ocr_line' id='line_1_20' title="bbox 537 3187 1758 3264; baseline 0.003 -14"><span class='ocrx_word' id='word_1_131' title='bbox 537 3188 731 3253; x_wconf 66' lang='lat' dir='ltr'><strong>salutabunt</strong></span> <span class='ocrx_word' id='word_1_132' title='bbox 755 3187 986 3254; x_wconf 82' lang='lat' dir='ltr'><strong>Celebrantem</strong></span> <span class='ocrx_word' id='word_1_133' title='bbox 1018 3194 1052 3253; x_wconf 88' lang='lat' dir='ltr'><strong>et</strong></span> <span class='ocrx_word' id='word_1_134' title='bbox 1075 3187 1223 3264; x_wconf 89' lang='lat' dir='ltr'><strong>chorum,</strong></span> <span class='ocrx_word' id='word_1_135' title='bbox 1248 3187 1455 3264; x_wconf 89' lang='lat' dir='ltr'><strong>dirimentur,</strong></span> <span class='ocrx_word' id='word_1_136' title='bbox 1480 3195 1515 3253; x_wconf 89' lang='lat' dir='ltr'><strong>et</strong></span> <span class='ocrx_word' id='word_1_137' title='bbox 1549 3189 1706 3254; x_wconf 89' lang='lat' dir='ltr'><strong>candelas</strong></span> <span class='ocrx_word' id='word_1_138' title='bbox 1736 3211 1758 3254; x_wconf 91' lang='lat' dir='ltr'><strong>a</strong></span> 
     </span>
     <span class='ocr_line' id='line_1_21' title="bbox 538 3296 1755 3382; baseline 0.002 -21"><span class='ocrx_word' id='word_1_139' title='bbox 538 3297 645 3362; x_wconf 89' lang='lat' dir='ltr'><strong>latere</strong></span> <span class='ocrx_word' id='word_1_140' title='bbox 662 3303 802 3381; x_wconf 88' lang='lat' dir='ltr'><strong>uterque</strong></span> <span class='ocrx_word' id='word_1_141' title='bbox 819 3318 878 3363; x_wconf 89' lang='lat' dir='ltr'><strong>suc</strong></span> <span class='ocrx_word' id='word_1_142' title='bbox 895 3296 1070 3362; x_wconf 88' lang='lat' dir='ltr'><strong>distribuet</strong></span> <span class='ocrx_word' id='word_1_143' title='bbox 1085 3317 1105 3360; x_wconf 89' lang='lat' dir='ltr'><strong>a</strong></span> <span class='ocrx_word' id='word_1_144' title='bbox 1121 3296 1263 3382; x_wconf 86' lang='lat' dir='ltr'><strong>digniori</strong></span> <span class='ocrx_word' id='word_1_145' title='bbox 1287 3299 1416 3362; x_wconf 90' lang='lat' dir='ltr'><strong>initium</strong></span> <span class='ocrx_word' id='word_1_146' title='bbox 1432 3297 1599 3364; x_wconf 91' lang='lat' dir='ltr'><strong>sumendo.</strong></span> <span class='ocrx_word' id='word_1_147' title='bbox 1618 3298 1755 3364; x_wconf 89' lang='lat' dir='ltr'><strong>Indead</strong></span> 
     </span>
     <span class='ocr_line' id='line_1_22' title="bbox 537 3401 1754 3489; baseline 0.002 -20"><span class='ocrx_word' id='word_1_148' title='bbox 537 3405 674 3470; x_wconf 84' lang='lat' dir='ltr'><strong>abacum</strong></span> <span class='ocrx_word' id='word_1_149' title='bbox 705 3405 907 3481; x_wconf 87' lang='lat' dir='ltr'><strong>remeabunt,</strong></span> <span class='ocrx_word' id='word_1_150' title='bbox 932 3401 1197 3489; x_wconf 85' lang='lat' dir='ltr'><strong>genuflexionem</strong></span> <span class='ocrx_word' id='word_1_151' title='bbox 1226 3410 1448 3488; x_wconf 78' lang='lat' dir='ltr'><strong>exsequentes</strong></span> <span class='ocrx_word' id='word_1_152' title='bbox 1482 3411 1516 3470; x_wconf 90' lang='lat' dir='ltr'><strong>et</strong></span> <span class='ocrx_word' id='word_1_153' title='bbox 1547 3407 1754 3471; x_wconf 89' lang='lat' dir='ltr'><strong>reverentias</strong></span> 
     </span>
     <span class='ocr_line' id='line_1_23' title="bbox 538 3510 1752 3597; baseline 0 -20"><span class='ocrx_word' id='word_1_154' title='bbox 538 3514 689 3597; x_wconf 86' lang='lat' dir='ltr'><strong>superius</strong></span> <span class='ocrx_word' id='word_1_155' title='bbox 720 3519 861 3578; x_wconf 90' lang='lat' dir='ltr'><strong>notatas.</strong></span> <span class='ocrx_word' id='word_1_156' title='bbox 895 3511 1003 3586; x_wconf 87' lang='lat' dir='ltr'><strong>Quum</strong></span> <span class='ocrx_word' id='word_1_157' title='bbox 1032 3510 1192 3577; x_wconf 90' lang='lat' dir='ltr'><strong>candelae</strong></span> <span class='ocrx_word' id='word_1_158' title='bbox 1226 3512 1315 3576; x_wconf 90' lang='lat' dir='ltr'><strong>erint</strong></span> <span class='ocrx_word' id='word_1_159' title='bbox 1345 3511 1585 3588; x_wconf 88' lang='lat' dir='ltr'><strong>accendendae,</strong></span> <span class='ocrx_word' id='word_1_160' title='bbox 1617 3531 1752 3596; x_wconf 86' lang='lat' dir='ltr'><strong>parvam</strong></span> 
     </span>
     <span class='ocr_line' id='line_1_24' title="bbox 540 3618 1755 3704; baseline 0 -20"><span class='ocrx_word' id='word_1_161' title='bbox 540 3627 678 3704; x_wconf 90' lang='lat' dir='ltr'><strong>uterque</strong></span> <span class='ocrx_word' id='word_1_162' title='bbox 706 3619 878 3685; x_wconf 87' lang='lat' dir='ltr'><strong>caudelam</strong></span> <span class='ocrx_word' id='word_1_163' title='bbox 909 3619 1080 3704; x_wconf 89' lang='lat' dir='ltr'><strong>accipient,</strong></span> <span class='ocrx_word' id='word_1_164' title='bbox 1105 3639 1209 3702; x_wconf 88' lang='lat' dir='ltr'><strong>eaque</strong></span> <span class='ocrx_word' id='word_1_165' title='bbox 1240 3638 1390 3695; x_wconf 86' lang='lat' dir='ltr'><strong>accensa,</strong></span> <span class='ocrx_word' id='word_1_166' title='bbox 1415 3626 1576 3704; x_wconf 87' lang='lat' dir='ltr'><strong>peragent</strong></span> <span class='ocrx_word' id='word_1_167' title='bbox 1603 3618 1689 3702; x_wconf 92' lang='lat' dir='ltr'><strong>quod</strong></span> <span class='ocrx_word' id='word_1_168' title='bbox 1721 3621 1755 3684; x_wconf 96' lang='lat' dir='ltr'><strong>in</strong></span> 
     </span>
     <span class='ocr_line' id='line_1_25' title="bbox 537 3724 1755 3812; baseline 0.001 -21"><span class='ocrx_word' id='word_1_169' title='bbox 537 3726 769 3793; x_wconf 88' lang='lat' dir='ltr'><strong>distributione</strong></span> <span class='ocrx_word' id='word_1_170' title='bbox 793 3727 1076 3812; x_wconf 84' lang='lat' dir='ltr'><strong>praescripsimus,</strong></span> <span class='ocrx_word' id='word_1_171' title='bbox 1095 3731 1128 3790; x_wconf 92' lang='lat' dir='ltr'><strong>et</strong></span> <span class='ocrx_word' id='word_1_172' title='bbox 1151 3727 1289 3791; x_wconf 91' lang='lat' dir='ltr'><strong>chorum</strong></span> <span class='ocrx_word' id='word_1_173' title='bbox 1314 3732 1474 3812; x_wconf 76' lang='lat' dir='ltr'><strong>patenter,</strong></span> <span class='ocrx_word' id='word_1_174' title='bbox 1491 3724 1648 3791; x_wconf 89' lang='lat' dir='ltr'><strong>candelas</strong></span> <span class='ocrx_word' id='word_1_175' title='bbox 1672 3746 1755 3810; x_wconf 89' lang='lat' dir='ltr'><strong>quas</strong></span> 
     </span>
     <span class='ocr_line' id='line_1_26' title="bbox 537 3831 1756 3919; baseline 0.001 -21"><span class='ocrx_word' id='word_1_176' title='bbox 537 3834 776 3912; x_wconf 88' lang='lat' dir='ltr'><strong>distribuerint,</strong></span> <span class='ocrx_word' id='word_1_177' title='bbox 804 3831 996 3909; x_wconf 86' lang='lat' dir='ltr'><strong>accendent,</strong></span> <span class='ocrx_word' id='word_1_178' title='bbox 1026 3832 1239 3900; x_wconf 82' lang='lat' dir='ltr'><strong>advertentes</strong></span> <span class='ocrx_word' id='word_1_179' title='bbox 1270 3841 1309 3898; x_wconf 90' lang='lat' dir='ltr'><strong>ut</strong></span> <span class='ocrx_word' id='word_1_180' title='bbox 1331 3833 1363 3897; x_wconf 91' lang='lat' dir='ltr'><strong>id</strong></span> <span class='ocrx_word' id='word_1_181' title='bbox 1387 3839 1616 3916; x_wconf 83' lang='lat' dir='ltr'><strong>exsequantur</strong></span> <span class='ocrx_word' id='word_1_182' title='bbox 1647 3835 1756 3919; x_wconf 89' lang='lat' dir='ltr'><strong>prius·</strong></span> 
     </span>
     <span class='ocr_line' id='line_1_27' title="bbox 537 3939 1754 4026; baseline -0.001 -20"><span class='ocrx_word' id='word_1_183' title='bbox 537 3962 634 4025; x_wconf 91' lang='lat' dir='ltr'><strong>quam</strong></span> <span class='ocrx_word' id='word_1_184' title='bbox 657 3942 848 4026; x_wconf 89' lang='lat' dir='ltr'><strong>sequentiae</strong></span> <span class='ocrx_word' id='word_1_185' title='bbox 871 3939 1056 4005; x_wconf 87' lang='lat' dir='ltr'><strong>cantandae</strong></span> <span class='ocrx_word' id='word_1_186' title='bbox 1079 3940 1188 4007; x_wconf 88' lang='lat' dir='ltr'><strong>factus</strong></span> <span class='ocrx_word' id='word_1_187' title='bbox 1212 3942 1255 4006; x_wconf 91' lang='lat' dir='ltr'><strong>sit</strong></span> <span class='ocrx_word' id='word_1_188' title='bbox 1279 3939 1362 4015; x_wconf 86' lang='lat' dir='ltr'><strong>finis,</strong></span> <span class='ocrx_word' id='word_1_189' title='bbox 1385 3945 1421 4004; x_wconf 92' lang='lat' dir='ltr'><strong>ut</strong></span> <span class='ocrx_word' id='word_1_190' title='bbox 1436 3942 1543 4025; x_wconf 85' lang='lat' dir='ltr'><strong>parati</strong></span> <span class='ocrx_word' id='word_1_191' title='bbox 1564 3942 1631 4006; x_wconf 91' lang='lat' dir='ltr'><strong>sint</strong></span> <span class='ocrx_word' id='word_1_192' title='bbox 1653 3960 1754 4024; x_wconf 88' lang='lat' dir='ltr'><strong>quum</strong></span> 
     </span>
     <span class='ocr_line' id='line_1_28' title="bbox 538 4050 932 4136; baseline -0.008 -21"><span class='ocrx_word' id='word_1_193' title='bbox 538 4050 757 4136; x_wconf 78' lang='lat' dir='ltr'><strong>Evangelium</strong></span> <span class='ocrx_word' id='word_1_194' title='bbox 781 4055 932 4115; x_wconf 89' lang='lat' dir='ltr'><strong>canetur.</strong></span> 
     </span>
    </p>
   </div>
   <div class='ocr_carea' id='block_1_6' title="bbox 536 4317 1755 4660">
    <p class='ocr_par' dir='ltr' id='par_1_9' title="bbox 536 4317 1755 4660">
     <span class='ocr_line' id='line_1_29' title="bbox 606 4317 1754 4393; baseline -0.003 -13"><span class='ocrx_word' id='word_1_195' title='bbox 606 4323 648 4391; x_wconf 83' lang='lat' dir='ltr'><strong>(a)</strong></span> <span class='ocrx_word' id='word_1_196' title='bbox 668 4319 729 4378; x_wconf 73' lang='lat' dir='ltr'><strong>nusi</strong></span> <span class='ocrx_word' id='word_1_197' title='bbox 750 4321 777 4375; x_wconf 90' lang='lat' dir='ltr'><strong>in</strong></span> <span class='ocrx_word' id='word_1_198' title='bbox 797 4320 968 4393; x_wconf 84' lang='lat' dir='ltr'><strong>quibusdam</strong></span> <span class='ocrx_word' id='word_1_199' title='bbox 987 4321 1129 4379; x_wconf 87' lang='lat' dir='ltr'><strong>Ecclesiis</strong></span> <span class='ocrx_word' id='word_1_200' title='bbox 1149 4319 1267 4376; x_wconf 82' lang='lat' dir='ltr'><strong>messit</strong></span> <span class='ocrx_word' id='word_1_201' title='bbox 1287 4317 1448 4390; x_wconf 85' lang='lat' dir='ltr'><strong>apparendi</strong></span> <span class='ocrx_word' id='word_1_202' title='bbox 1469 4318 1496 4373; x_wconf 88' lang='lat' dir='ltr'><strong>iu</strong></span> <span class='ocrx_word' id='word_1_203' title='bbox 1523 4320 1617 4376; x_wconf 85' lang='lat' dir='ltr'><strong>abaco</strong></span> <span class='ocrx_word' id='word_1_204' title='bbox 1641 4318 1754 4377; x_wconf 82' lang='lat' dir='ltr'><strong>cande·</strong></span> 
     </span>
     <span class='ocr_line' id='line_1_30' title="bbox 537 4405 1755 4483; baseline -0.002 -14"><span class='ocrx_word' id='word_1_205' title='bbox 537 4412 620 4469; x_wconf 85' lang='lat' dir='ltr'><strong>labra</strong></span> <span class='ocrx_word' id='word_1_206' title='bbox 639 4429 692 4483; x_wconf 92' lang='lat' dir='ltr'><strong>pro</strong></span> <span class='ocrx_word' id='word_1_207' title='bbox 706 4408 856 4482; x_wconf 68' lang='lat' dir='ltr'><strong>acolythis</strong></span> <span class='ocrx_word' id='word_1_208' title='bbox 870 4412 984 4483; x_wconf 85' lang='lat' dir='ltr'><strong>sequuti</strong></span> <span class='ocrx_word' id='word_1_209' title='bbox 997 4420 1094 4468; x_wconf 86' lang='lat' dir='ltr'><strong>tamen</strong></span> <span class='ocrx_word' id='word_1_210' title='bbox 1108 4428 1209 4467; x_wconf 90' lang='lat' dir='ltr'><strong>sumus</strong></span> <span class='ocrx_word' id='word_1_211' title='bbox 1229 4405 1359 4464; x_wconf 83' lang='lat' dir='ltr'><strong>Missalis</strong></span> <span class='ocrx_word' id='word_1_212' title='bbox 1372 4406 1515 4472; x_wconf 81' lang='lat' dir='ltr'><strong>rubricas,</strong></span> <span class='ocrx_word' id='word_1_213' title='bbox 1527 4410 1575 4466; x_wconf 94' lang='lat' dir='ltr'><strong>ubi</strong></span> <span class='ocrx_word' id='word_1_214' title='bbox 1591 4410 1639 4465; x_wconf 89' lang='lat' dir='ltr'><strong>illa</strong></span> <span class='ocrx_word' id='word_1_215' title='bbox 1652 4409 1755 4482; x_wconf 93' lang='lat' dir='ltr'><strong>dispo·</strong></span> 
     </span>
     <span class='ocr_line' id='line_1_31' title="bbox 536 4497 1753 4572; baseline -0.002 -13"><span class='ocrx_word' id='word_1_216' title='bbox 536 4501 602 4559; x_wconf 83' lang='lat' dir='ltr'><strong>sitio</strong></span> <span class='ocrx_word' id='word_1_217' title='bbox 622 4517 678 4554; x_wconf 86' lang='lat' dir='ltr'><strong>nen</strong></span> <span class='ocrx_word' id='word_1_218' title='bbox 699 4507 787 4561; x_wconf 81' lang='lat' dir='ltr'><strong>extat,</strong></span> <span class='ocrx_word' id='word_1_219' title='bbox 807 4509 892 4572; x_wconf 81' lang='lat' dir='ltr'><strong>atque</strong></span> <span class='ocrx_word' id='word_1_220' title='bbox 911 4518 996 4556; x_wconf 81' lang='lat' dir='ltr'><strong>usum</strong></span> <span class='ocrx_word' id='word_1_221' title='bbox 1017 4500 1216 4557; x_wconf 79' lang='lat' dir='ltr'><strong>Ecclesiumm</strong></span> <span class='ocrx_word' id='word_1_222' title='bbox 1238 4497 1334 4555; x_wconf 88' lang='lat' dir='ltr'><strong>Urbis.</strong></span> <span class='ocrx_word' id='word_1_223' title='bbox 1354 4497 1381 4551; x_wconf 89' lang='lat' dir='ltr'><strong>in</strong></span> <span class='ocrx_word' id='word_1_224' title='bbox 1402 4498 1506 4570; x_wconf 83' lang='lat' dir='ltr'><strong>quibus</strong></span> <span class='ocrx_word' id='word_1_225' title='bbox 1520 4499 1753 4569; x_wconf 69' lang='lat' dir='ltr'><strong>officior-egula·</strong></span> 
     </span>
     <span class='ocr_line' id='line_1_32' title="bbox 537 4591 836 4660; baseline -0.003 -15"><span class='ocrx_word' id='word_1_226' title='bbox 537 4591 609 4645; x_wconf 83' lang='lat' dir='ltr'><strong>riter</strong></span> <span class='ocrx_word' id='word_1_227' title='bbox 628 4601 836 4660; x_wconf 77' lang='lat' dir='ltr'><strong>exsequuntur.</strong></span> 
     </span>
    </p>
   </div>
   <div class='ocr_carea' id='block_1_7' title="bbox 0 0 2092 5717">
    <p class='ocr_par' dir='ltr' id='par_1_10' title="bbox 0 0 2092 5717">
     <span class='ocr_line' id='line_1_33' title="bbox 0 0 2092 5717; baseline 0 1"><span class='ocrx_word' id='word_1_228' title='bbox 0 0 2092 5717; x_wconf 95' lang='lat' dir='ltr'><strong> </strong></span> 
     </span>
    </p>
   </div>
  </div>
 </body>
</html>
