4175 5717
532 721 596 790 166
978 735 1045 786 arn.
1071 733 1118 784 iv.

530 853 582 918 12.
606 851 659 918 Ad
680 849 792 936 Kyrie
813 851 942 916 eleison
966 847 1087 914 Clarus
1104 845 1137 908 in
1153 843 1258 910 choro
1270 845 1466 926 consurget
1489 837 1569 910 roo
1587 843 1650 908 ter·

441 965 523 1027 tium
545 959 656 1046 Kyrie
679 958 860 1026 Gelehraus
883 975 1066 1022 conversus
1082 951 1124 1018 ad
1148 951 1283 1018 hiiesale
1298 947 1451 1016 cantabit
1464 947 1651 1016 elata-roes

441 1069 551 1136 Pater
571 1073 692 1134 noster
707 1075 742 1132 et
763 1063 1015 1132 continuabitur
1031 1067 1172 1128 secieto.
1189 1059 1368 1143 Postquam
1389 1055 1604 1132 intonaverit
1617 1063 1652 1122 ut

440 1195 552 1262 supra,
576 1175 686 1241 Pater
708 1179 838 1246 noster,
866 1172 979 1236 veniet
1001 1171 1035 1234 in
1059 1165 1202 1234 medium
1232 1163 1435 1254 suppedanei
1460 1169 1498 1230 et
1520 1181 1556 1230 se
1574 1181 1652 1230 aon·

440 1288 550 1348 vertet
565 1281 608 1346 ad
629 1281 796 1348 tumulum
818 1299 879 1345 seu
901 1297 1048 1364 pannum
1071 1277 1204 1361 nigrum
1226 1281 1405 1342 extensum
1427 1279 1512 1340 ante
1531 1269 1653 1340 mare:

441 1391 606 1456 Diaconus
628 1389 783 1454 advertat.
805 1393 956 1473 prompte
978 1385 1123 1450 transire
1147 1385 1180 1450 in
1204 1401 1311 1450 cornu
1333 1381 1515 1482 Evangelii
1539 1385 1653 1452 mmi-

439 1498 562 1562 nistret
576 1495 779 1562 Celebranti.
795 1493 989 1560 Ascendent
1009 1491 1053 1558 ad
1068 1490 1189 1556 Altera
1205 1489 1500 1560 dubelsheim
1522 1489 1652 1560 mlo

439 1611 474 1670 et
496 1623 571 1670 oum
594 1601 778 1670 thuribulo.
802 1601 968 1668 Diaconus
991 1619 1092 1664 manu
1113 1593 1262 1686 {sinistra
1289 1595 1454 1664 limbi-ian
1486 1597 1651 1670 danim

439 1710 596 1796 pluvialis
620 1709 829 1776 celebrantis
852 1707 999 1784 attollet,
1022 1715 1058 1772 et
1080 1707 1304 1792 aspersorium
1319 1711 1498 1792 acceptum
1520 1705 1652 1776 dextera

439 1819 511 1884 sine
525 1815 650 1882 osculis
674 1815 785 1884 tradet
808 1815 1011 1890 Celebranti,
1034 1815 1091 1898 qui
1107 1812 1273 1879 tumulum
1296 1829 1357 1878 seu
1379 1825 1529 1900 pannum
1550 1833 1654 1902 asper

438 1932 495 2008 get
517 1925 551 1990 in
574 1923 690 2000 medio,
714 1943 735 1990 a
756 1923 902 1988 sinistris
933 1929 969 1988 et
989 1941 1010 1986 a
1031 1919 1161 1986 dextris
1185 1921 1264 1986 suis.
1293 1919 1478 1986 celebrans
1511 1939 1654 2008 asperso

439 2033 525 2096 rium
548 2033 703 2096 restituet
727 2031 870 2096 Diacono
893 2038 928 2096 31
950 2029 1006 2094 hio
1021 2027 1147 2094 elerico
1170 2047 1191 2092 a
1217 2046 1282 2112 quo
1297 2029 1479 2116 aeceperit
1495 2027 1652 2098 nm

439 2137 647 2204 thuribulum
669 2141 809 2225 accipiet
831 2158 852 2203 a
874 2136 1093 2203 thuriferario
1116 2141 1151 2200 et
1175 2133 1286 2200 tradet
1315 2135 1427 2220 ipsum
1455 2123 1650 2212 Celebrant't

437 2245 493 2328 qui
516 2243 806 2318 thurificationem,
829 2242 945 2309 eodem
968 2240 1064 2307 modo
1087 2259 1152 2325 quo
1175 2241 1412 2326 aspersionem,
1442 2251 1651 2330 exaequew,

438 2358 473 2417 et
494 2353 652 2418 restituet
673 2351 883 2418 thuribulum
906 2350 1064 2424 Diacono,
1087 2351 1142 2432 qui
1168 2347 1285 2415 reddet
1316 2349 1403 2416 illud
1426 2349 1650 2426 thuriferario

529 2459 579 2524 13.
604 2459 676 2524 Duo
698 2457 815 2524 clerici
838 2477 914 2524 oum
938 2457 1077 2522 vasculo
1100 2469 1232 2522 etcum
1259 2455 1434 2524 thuribulo
1455 2455 1649 2528 (1333331331

437 2565 478 2630 de
500 2567 610 2632 Altari
645 2579 681 2632 et
709 2563 822 2632 debita
843 2561 1080 2650 genuflexione
1104 2565 1137 2628 in
1162 2563 1268 2629 medio
1303 2563 1405 2642 13313,
1429 2563 1588 2636 redibunt
1614 2561 1648 2638 11

436 2672 574 2740 abacum
597 2672 652 2739 vel
669 2675 704 2738 in
719 2675 904 2738 sacrarium
927 2671 1038 2756 ibique
1055 2671 1247 2755 relinquent
1258 2669 1435 2738 vasculum
1450 2691 1532 2740 cunr
1543 2691 1649 2760 asper·

436 2782 526 2846 sorio
546 2801 587 2848 33
611 2780 820 2846 thuribulum
843 2799 920 2847 cum
944 2779 1112 2846 navicula.

527 2889 577 2954 14.
602 2887 784 2956 celebrans
805 2897 979 2976 postquam
1001 2889 1186 2972 asperserit
1211 2893 1246 2952 et
1268 2889 1507 2966 incensaverit,
1538 2887 1647 2962 redibit

435 2999 557 3062 iterum
580 2997 613 3061 in
636 3015 742 3088 cornu
765 2997 938 3082 Epistolae
959 2997 1002 3062 ad
1026 2993 1170 3060 Missale:
1196 2995 1361 3062 Diaconus
1390 3003 1586 3068 revertetur
1611 2993 1647 3064 ed

435 3103 608 3168 dexteram
632 3103 850 3180 celebrantis,
873 3107 931 3188 qui
952 3105 1103 3171 cantabit
1126 3109 1158 3178 t.
1181 3103 1227 3172 m
1249 3125 1294 3172 ne
1314 3119 1389 3172 1133-
1403 3113 1469 3172 ote
1499 3105 1646 3190 Am

435 3211 629 3294 insertato.
663 3230 739 3277 oum
773 3211 910 3295 reliquis
935 3211 1111 3278 rarsioulis
1135 3222 1169 3280 at
1198 3213 1383 3278 orationem
1411 3211 1574 3290 Abwloe,
1595 3219 1646 3278 art

433 3319 576 3384 alteram
599 3339 684 3404 quae
705 3321 849 3386 recitata
869 3321 934 3384 erit
962 3323 995 3384 in
1020 3321 1131 3398 111333,
1156 3329 1195 3386 ut
1225 3320 1360 3387 rubrica
1381 3319 1532 3388 Ritualia
1555 3339 1646 3408 prat·

433 3425 558 3500 scribit,
589 3425 647 3492 sed
676 3445 753 3492 oum
781 3425 999 3494 conclusione
1032 3427 1136 3494 brevi.
1161 3427 1283 3494 Postea
1306 3427 1501 3514 3311133331-
1517 3433 1552 3504 h.
1582 3425 1647 3498 Bo·

433 3535 552 3618 quiem
573 3519 900 3602 massanissae
927 3555 949 3601 a
973 3535 1167 3602 cantoribus
1198 3543 1340 3602 canetur
1370 3533 1647 3622 Reputans-si

430 3661 520 3725 pace
543 3652 580 3724 rt.
610 3643 733 3712 Amen.
769 3645 1021 3711 caeremoniale
1055 3663 1121 3712 non
1144 3643 1350 3744 praescrihit.
1382 3651 1421 3712 ut
1454 3641 1589 3712 dieabrr
1614 3647 1647 3718 -1,

432 3750 563 3816 Ammo
586 3751 662 3818 31133
696 3757 760 3816 313.
785 3771 847 3818 neo
869 3751 922 3820 De
943 3754 1139 3838 profundis
1169 3755 1203 3818 in
1237 3751 1349 3818 reditu
1378 3749 1438 3818 ad·
1456 3753 1648 3828 aacriatian.

432 3857 571 3942 ideoque
587 3857 804 3926 omittendum
820 3867 873 3926 est
888 3867 1068 3946 utrunque.
1094 3861 1213 3930 clerus
1228 3879 1304 3926 oum
1321 3857 1576 3928 caetrae-at
1588 3857 1651 3942 11·

432 3967 548 4030 3131113
565 3965 686 4032 redibit
708 3969 742 4032 in
764 3969 950 4036 sacristiam
973 3969 1129 4036 methodo
1153 3971 1216 4034 iam
1239 3965 1363 4034 tradita
1384 3985 1447 4053 pro
1469 3965 1548 4034 aliia
1570 3965 1649 4034 lia·

432 4075 478 4137 sis
499 4072 713 4151 solemnibus,
737 4081 878 4162 excepto
900 4076 989 4161 quod
1011 4077 1156 4142 Ministri
1180 4075 1379 4142 incedente
1405 4073 1573 4144 lateribus
1594 4073 1652 4142 (le-

430 4179 593 4246 lebrantis
616 4183 712 4265 eique
735 4181 880 4250 fimbrias
903 4184 1061 4268 pluvialis
1086 4183 1308 4250 sustinebunt.

526 4288 574 4354 15.
599 4290 718 4356 Altera
740 4291 915 4358 methodus
937 4292 1141 4378 exsequendi
1157 4293 1333 4376 exsequias
1356 4309 1458 4378 super
1482 4289 1649 4360 1111131113

430 4405 490 4460 aut
512 4405 660 4462 castrum
682 4397 818 4466 doloris.
842 4401 1083 4485 praescribitur
1106 4399 1269 4469 aRituali
1293 4400 1454 4466 Romano.
1483 4399 1524 4466 13
1548 4397 1653 4468 media

431 4504 574 4570 ecclesia
596 4505 651 4571 rel
675 4527 776 4592 propa
799 4509 971 4584 sacellum,
996 4511 1031 4574 in
1053 4529 1118 4594 quo
1146 4509 1337 4576 cantabitur
1360 4507 1475 4586 111333,
1500 4509 1652 4596 erigetur

432 4613 581 4678 tumulus
605 4631 663 4678 aut
686 4631 833 4680 castrum
857 4617 983 4682 doloris
999 4619 1075 4702 plus
1101 4625 1251 4690 minusve
1268 4623 1447 4710 spatiosum
1464 4619 1564 4686 iusta
1579 4637 1653 4686 con·
