4175 5717
529 715 591 786 loo
969 737 1037 788 nra.
1061 733 1111 786 111.

527 845 580 912 61.
605 845 776 913 Parochus
798 851 968 933 acceptum
992 846 1105 912 velum
1128 845 1301 912 humerale
1324 843 1391 910 albi
1424 831 1549 910 coloris
1583 835 1642 924 im-

438 959 539 1040 ponet
571 954 718 1019 humeris
749 954 902 1041 Episcopi
936 951 1103 1039 genuflexi
1139 955 1172 1018 in
1197 951 1405 1042 suppedaneo
1439 951 1535 1036 eique
1568 955 1642 1016 ante

438 1068 552 1148 pectus
576 1059 718 1126 firmabit
740 1061 834 1126 illud.

525 1168 577 1238 62.
602 1168 797 1234 Gantabitur
820 1168 908 1234 alter
931 1171 1119 1235 versiculus
1147 1168 1305 1238 Genitori
1322 1165 1516 1252 Genitoqne
1531 1171 1593 1232 etc.
1610 1171 1644 1231 et

437 1275 617 1362 Episcopus
640 1295 819 1361 assurgens
842 1278 983 1363 accipiet
1005 1299 1031 1344 s.
1065 1276 1224 1354 Pixidem,
1248 1295 1313 1362 qua
1342 1281 1501 1360 cooperta
1532 1277 1644 1340 extre-

435 1382 602 1449 mitatibus
625 1382 847 1450 anterioribus
871 1383 939 1450 veli
962 1384 1144 1452 humeralis
1168 1385 1376 1471 impertietur
1399 1380 1568 1468 triplicem
1582 1399 1645 1468 po-

436 1490 514 1577 pulo
537 1490 809 1558 benedictionem.

521 1599 573 1664 63.
598 1598 833 1664 Benedictione
857 1600 1033 1686 impertita,
1059 1599 1241 1686 Episcopus
1264 1599 1406 1686 deponet
1430 1595 1584 1664 Pixidem
1611 1597 1642 1662 in

432 1711 552 1785 Alteri,
576 1703 787 1793 genuflectet,
812 1706 851 1771 de
876 1707 987 1772 Alteri
1010 1707 1188 1774 descendet
1221 1713 1255 1772 et
1284 1727 1402 1774 rursus
1438 1703 1641 1792 geniculabit

434 1835 535 1902 super
550 1816 686 1902 pulvino
703 1817 736 1880 in
752 1813 859 1880 medio
874 1814 980 1900 gradu
997 1813 1108 1880 intimo
1123 1835 1163 1882 ac
1175 1815 1286 1880 velum
1301 1813 1476 1881 humerale
1493 1811 1643 1880 dimittet.

519 1924 572 1990 64.
597 1922 777 1999 Parochus,
801 1923 952 2008 imposita
975 1922 1065 1988 collo
1089 1922 1186 2000 stola,
1211 1922 1346 1988 claudet
1371 1921 1428 1988 SS.
1454 1921 1644 1988 Sacramen-

432 2039 502 2098 tum
525 2032 616 2096 intra
638 2029 902 2106 tabernaculum,
925 2036 964 2098 ut
986 2031 1139 2117 superius
1161 2029 1286 2096 dictum
1310 2034 1371 2107 est,
1396 2035 1430 2096 et
1462 2029 1642 2117 Episcopus

432 2146 506 2225 post
530 2139 663 2204 brevem
687 2140 870 2204 orationem
894 2145 1058 2224 assurget,
1092 2137 1235 2204 dimittet
1263 2137 1384 2204 stolam
1417 2137 1491 2212 albi¹
1523 2137 1642 2204 coloris

431 2267 471 2312 ac
496 2250 630 2331 recepto
653 2244 775 2330 pileolo
798 2251 832 2311 et
854 2245 972 2323 bireto,
997 2247 1173 2313 comitatus
1196 2265 1216 2311 a
1239 2245 1390 2328 Parocho
1407 2251 1442 2312 et
1459 2242 1644 2312 convisita-

431 2353 559 2421 toribus
593 2358 710 2439 perget
744 2352 784 2418 ad
819 2352 1019 2419 visitandum
1051 2354 1176 2419 fontem
1211 2353 1449 2439 baptismalem.
1487 2352 1643 2420 Visitabit

432 2461 549 2528 deinde
573 2460 659 2527 Olea
681 2467 797 2527 sancta
821 2467 856 2525 et
878 2483 903 2526 s.
928 2460 1098 2544 Reliquias
1129 2464 1164 2526 in
1198 2461 1361 2528 Sacrario.
1387 2462 1520 2528 Poterit
1549 2463 1643 2528 etiam

432 2570 584 2655 prosequi
608 2569 831 2634 visitationem
854 2587 1026 2634 sacrarum
1051 2568 1320 2655 supellectilium,
1346 2569 1518 2636 Altarium
1534 2576 1569 2636 et
1590 2589 1644 2636 ce-

432 2685 581 2744 terarum
605 2696 727 2752 rerum,
751 2675 806 2741 vel
830 2675 898 2741 alia
920 2675 1004 2741 hora
1035 2677 1256 2742 visitationem
1292 2676 1447 2754 indicere,
1479 2681 1659 2764 postremo.

432 2783 473 2849 ad
497 2803 592 2849 suum
616 2783 794 2869 hospitium
817 2802 838 2846 a
861 2782 1014 2848 Parocho
1037 2790 1072 2848 et
1095 2783 1233 2867 reliquis
1257 2785 1433 2851 comitatus
1457 2783 1593 2860 redibit,
1610 2791 1643 2850 ut

433 2892 465 2955 in
489 2911 626 2956 accessu
650 2889 691 2955 ad
714 2889 899 2955 ecclesiam.

697 3108 740 3176 ln
762 3107 1067 3176 administratione
1100 3108 1381 3196 Oonfinnmtionis

519 3324 572 3388 65.
597 3323 768 3388 Parochus
792 3329 963 3407 postquam
986 3324 1111 3388 certior
1135 3323 1242 3388 factus
1267 3324 1332 3388 erit
1355 3321 1395 3388 de
1419 3321 1472 3388 die
1499 3329 1535 3389 et
1565 3323 1643 3388 hora

432 3451 497 3515 qua
520 3432 602 3496 velit
626 3431 806 3515 Episcopus
830 3428 893 3494 hoc
917 3427 1169 3494 Sacramentum
1193 3429 1435 3508 administrare,
1456 3429 1642 3496 admonebit

432 3536 672 3603 confirmandos
696 3543 730 3602 et
764 3555 879 3600 eorum
914 3542 1100 3620 compatres
1125 3536 1165 3601 de
1188 3536 1239 3602 die
1264 3543 1297 3603 et
1323 3537 1408 3604 hora
1437 3557 1503 3622 qua
1539 3537 1642 3624 parati

432 3645 598 3712 debebunt
621 3645 655 3709 in
679 3643 821 3708 ecclesia
843 3641 969 3708 adesse.

518 3753 571 3818 66.
596 3751 845 3818 Sacramentum
869 3747 956 3816 illud
977 3751 1223 3817 ministrabitur
1245 3753 1409 3818 matutino
1440 3759 1601 3838 tempore.

519 3861 573 3926 67.
598 3861 705 3926 Curae
729 3859 793 3924 erit
816 3858 978 3936 Parocho,
1004 3867 1041 3924 ut
1064 3861 1189 3926 circum
1214 3860 1332 3927 Altare
1354 3859 1413 3926 flat
1434 3881 1478 3926 ex
1503 3863 1642 3950 scamnis

430 3975 559 4056 septum
582 3965 753 4051 quoddam,
778 3966 867 4031 intra
890 3965 976 4052 quod
1000 3966 1137 4032 stabunt
1152 3974 1339 4054 compatres
1356 3988 1430 4034 cum
1447 3966 1644 4036 conflrman-
1685 4013 1687 4018 -

430 4075 490 4152 dis,
514 4073 672 4140 videlicet
694 4092 802 4140 mares
826 4092 846 4138 a
869 4074 1027 4150 dexteris,
1052 4074 1215 4139 foeminae
1239 4095 1259 4140 a
1281 4075 1435 4141 sinistris.

518 4183 570 4247 68.
596 4182 667 4268 lpse
690 4182 863 4248 Parochus
887 4185 1065 4268 unicuique
1088 4180 1313 4249 confirmando
1345 4182 1456 4248 tradet
1490 4181 1642 4250 schedam

431 4292 463 4354 in
488 4310 552 4373 qua
576 4296 726 4354 notatum
749 4293 815 4357 erit
838 4311 957 4357 nomen
982 4297 1016 4356 et
1038 4309 1221 4375 cognomen
1238 4288 1454 4355 confirmandi
1474 4295 1510 4356 ct
1525 4307 1642 4356 nomen

431 4399 501 4462 cius
525 4403 710 4481 parentum,
733 4406 825 4466 aetas
849 4397 1003 4474 eiusdem,
1029 4418 1147 4463 nomen
1171 4404 1205 4463 ct
1240 4418 1423 4483 cognomen
1454 4399 1642 4484 compatris

430 4523 514 4586 quae
537 4504 677 4570 schedae
701 4507 735 4571 in
758 4507 938 4574 functionis
961 4510 1038 4571 actu
1062 4525 1081 4570 a
1104 4505 1229 4571 clerico
1263 4504 1402 4590 quodam
1433 4506 1641 4592 accipientur

431 4619 465 4674 et
487 4632 547 4696 ope
572 4611 617 4675 fili
642 4621 675 4678 et
698 4633 778 4679 acus
808 4616 1064 4698 coniungenmr,
1091 4622 1124 4677 ut
1160 4611 1277 4679 deinde
1308 4633 1422 4680 eorum
1453 4615 1589 4680 nomina
1612 4613 1655 4676 iu.

431 4716 552 4783 librum
576 4718 843 4788 confirmatorum
869 4721 989 4786 referri
1014 4723 1150 4804 possint.
