4175 5717
524 677 586 751 na
985 697 1050 751 nis.
1076 697 1097 752 r.

432 814 544 879 ferens
567 830 673 896 grana
695 829 770 876 curn
793 809 1011 875 thuriferario
1029 811 1249 897 'dextrorsum
1273 810 1414 896 praeibit
1437 811 1536 877 Cruci
1551 823 1650 896 quam

434 922 521 985 feret
544 917 780 994 Subdiaconus,
804 922 839 982 et
861 917 1040 1002 acolythus
1065 920 1189 1004 primus
1213 938 1354 984 accenso
1377 917 1503 983 lumine
1519 917 1652 983 incedet

434 1027 475 1093 ad
499 1026 629 1091 laevam
652 1025 796 1099 Diaconi,
821 1025 876 1107 qui
899 1023 1098 1090 arundinem
1121 1026 1275 1109 gestabit.
1300 1026 1362 1089 Hic
1385 1026 1565 1090 tricereum
1591 1043 1650 1090 seu

435 1141 505 1204 tros
527 1132 684 1198 candelas
707 1133 741 1195 in
764 1130 926 1196 arundine
949 1131 1119 1209 accendet,
1144 1151 1244 1215 quum
1266 1151 1287 1196 a
1310 1132 1455 1196 Diacono
1478 1132 1540 1218 ipsi
1562 1150 1653 1196 mon-

327 1301 330 1307 .
435 1241 606 1315 strabitur,
630 1244 702 1304 tum
725 1257 921 1324 progressus
954 1244 1032 1303 ante
1063 1239 1181 1304 Altera
1212 1237 1353 1324 deponet
1383 1257 1483 1323 super
1512 1237 1651 1303 abacum

435 1366 571 1434 parvam
594 1343 777 1417 candelam,
802 1364 899 1427 quam
923 1346 1109 1429 extinguat,
1133 1365 1208 1410 curn
1231 1345 1374 1421 laterna,
1399 1351 1434 1410 et
1456 1343 1575 1410 redibit
1597 1346 1652 1410 iu·

436 1463 495 1520 xta
517 1454 708 1528 Diaconum,
732 1471 753 1515 a
775 1470 840 1534 quo
863 1450 1059 1516 arundinem
1077 1453 1223 1537 recipiat.
1242 1449 1430 1516 Advortant
1444 1451 1594 1536 acolythi
1614 1457 1654 1516 nt

435 1558 672 1645 genuflectant,
696 1578 797 1642 quum
821 1564 962 1623 canetur
985 1559 1123 1625 Lumen
1149 1559 1288 1625 Christi.
1384 1593 1386 1598 ·

527 1668 598 1732 175.
623 1666 673 1730 hd
696 1671 831 1730 cantum
855 1666 1040 1741 Praeconii,
1058 1667 1184 1751 primus
1200 1664 1380 1750 acolythus
1396 1684 1472 1730 cum
1487 1663 1651 1732 arundine

433 1796 469 1841 se
492 1776 587 1841 sistet
608 1773 650 1838 ad
673 1773 804 1839 laevam
838 1774 975 1838 Diaconi
997 1793 1019 1836 a
1052 1772 1160 1839 latore
1190 1772 1312 1857 logilis,
1344 1779 1378 1836 et
1407 1771 1448 1836 ad
1478 1770 1651 1837 dexteram

334 1921 338 1931 ·
379 1899 385 1908 ·
434 1884 529 1970 primi
553 1880 703 1967 acolythi
726 1900 762 1946 sa
785 1880 910 1945 locabit
933 1880 1031 1956 alter,
1056 1881 1224 1946 sustinens
1257 1878 1365 1944 adhuc
1395 1861 1501 1964 grana
1529 1879 1650 1944 thuris.

524 1989 595 2054 176.
609 1987 781 2057 Secundus
793 1985 972 2072 acolythus
988 2008 1049 2053 suo
1065 1993 1213 2073 ternpore
1225 1987 1375 2072 porriget
1386 1987 1529 2051 Diacono
1545 2004 1652 2070 grana

434 2098 538 2163 Gereo
561 2094 736 2180 infigenda,
761 2101 795 2160 et
818 2094 978 2180 posthoc
1001 2101 1119 2179 perget
1141 2094 1181 2159 ad
1205 2094 1342 2159 abacum
1365 2092 1407 2158 ad
1422 2091 1651 2177 deponendum

433 2205 595 2281 bacinum,
624 2204 732 2288 capiet
761 2202 953 2288 gossypium
986 2209 1147 2277 ceratum,
1181 2221 1246 2285 quo
1279 2199 1440 2265 accendet
1471 2198 1651 2284 lampades,

432 2332 532 2396 quum
556 2312 587 2376 oi
610 2309 859 2385 monstrabitur,
884 2317 919 2374 et
942 2310 1064 2375 redibit
1086 2308 1128 2373 ad
1152 2316 1261 2374 locum
1292 2329 1388 2373 suurn
1417 2326 1518 2392 prope
1548 2307 1651 2392 legile

432 2419 521 2485 haud
545 2416 707 2505 procula
731 2417 837 2502 primo
861 2415 1032 2501 acolytho.
1275 2499 1277 2504 ,

524 2526 595 2590 177.
621 2523 810 2608 Acolythus
834 2524 958 2607 primus
973 2522 1170 2588 arundinem
1187 2521 1299 2587 tradat
1316 2524 1471 2608 Diacono,
1487 2523 1564 2588 durn
1580 2525 1652 2610 ipsa

433 2633 573 2699 Ceroum
597 2632 661 2696 erit
683 2649 898 2706 accensurus,
922 2648 1086 2713 cereoque
1114 2649 1256 2695 accenso
1291 2630 1422 2695 deferet
1454 2629 1651 2695 arundinem

431 2743 527 2806 iuxta
551 2738 681 2814 Altare,
705 2736 830 2803 locabit
852 2757 924 2801 eam
948 2738 982 2801 in
1006 2737 1076 2803 basi
1099 2737 1143 2802 ibi
1167 2744 1365 2823 praeparata
1389 2745 1424 2802 et
1445 2737 1584 2823 gradum
1601 2758 1654 2803 re·

432 2848 521 2913 ieret
543 2846 584 2911 ad
608 2845 720 2931 legile.

522 2953 593 3017 178.
618 2951 716 3016 Alter
739 2950 917 3036 acolythus
941 2969 984 3015 ex
1007 2951 1170 3016 arundine
1193 2951 1353 3017 accendet
1376 2972 1513 3038 parvam
1531 2951 1653 3017 cande·

430 3061 496 3125 lam
521 3059 575 3123 vel
599 3059 790 3143 gossypium
813 3065 973 3134 ceratum,
997 3064 1032 3124 ct
1055 3058 1242 3124 admonitus
1265 3080 1286 3123 a
1308 3059 1452 3124 Diacono
1476 3059 1531 3124 vel
1565 3060 1651 3125 Gae-

430 3168 627 3233 remoniario
651 3184 764 3230 omnes
781 3165 954 3231 Ecclesiae
970 3165 1139 3251 lampades
1155 3165 1325 3242 accendet,
1343 3168 1471 3232 initium
1488 3168 1650 3234 sumendo

429 3276 469 3341 ab
493 3276 561 3340 illis
584 3294 670 3358 quae
693 3275 727 3337 in
750 3274 861 3338 Alteri
885 3276 1027 3339 maximo
1052 3280 1163 3339 erunt.

522 3382 592 3447 179.
618 3381 758 3446 Cantato
782 3381 976 3456 Praecouio,
1001 3401 1114 3446 sacros
1139 3382 1310 3447 Ministros
1335 3383 1583 3447 comitabuntur
1606 3382 1648 3448 ad

324 3485 327 3491 ’
429 3509 608 3565 scamnum,
632 3508 672 3553 ac
695 3495 910 3553 transeuntes
934 3495 1012 3553 aute
1037 3489 1168 3564 Altare,
1185 3490 1227 3554 ad
1251 3489 1391 3555 Crucem
1410 3510 1484 3555 cnm
1501 3492 1580 3575 ipsis
1596 3510 1653 3574 ge-

431 3595 622 3663 nuflectent.
648 3596 699 3661 hd
722 3616 892 3661 scamnum
915 3595 970 3660 ubi
994 3599 1158 3674 renarint,
1183 3595 1389 3661 adiuvabunt
1411 3597 1591 3662 Diaconum
1617 3599 1650 3661 in

429 3704 629 3790 deponendis
653 3705 756 3769 sacris
780 3705 983 3789 paramentis
1005 3703 1090 3767 albis
1115 3712 1148 3769 et
1171 3703 1346 3797 induendis
1382 3705 1549 3770 violaceis.
1586 3704 1652 3770 he-

429 3811 569 3879 tendent
592 3812 690 3876 etiam
713 3817 751 3875 ut
775 3817 968 3894 paramenta
990 3810 1058 3875 albi
1081 3813 1214 3887 coloris,
1238 3812 1356 3894 quibus
1381 3832 1460 3876 usus
1483 3813 1548 3876 erit
1571 3811 1652 3877 Dia-

430 3938 543 3992 conus,
568 3920 602 3982 in
632 3918 815 3983 sacrarium
839 3918 959 3992 lerant,
984 3918 1047 3981 uisi
1071 3918 1157 3983 alius
1193 3918 1364 4000 quisquam
1399 3918 1468 3981 erit
1501 3918 1556 4002 qui
1587 3918 1652 3984 hoc

432 4032 580 4112 praestet
603 4023 754 4089 officium.
1515 4056 1517 4059 -

522 4133 593 4198 180.
618 4131 690 4206 Quo
714 4140 862 4215 tempore
886 4138 1052 4198 canentur
1075 4131 1281 4217 prophetiae,
1305 4132 1445 4196 stabunt
1467 4138 1546 4198 ante
1569 4133 1652 4198 aba·

428 4261 503 4306 curn
521 4247 555 4305 et
570 4259 658 4324 genu
674 4258 749 4304 curn
767 4238 866 4305 Claro
883 4236 1018 4305 flectent
1034 4239 1075 4304 ad
1092 4239 1295 4303 versiculum
1312 4239 1512 4307 Flectamus
1526 4259 1648 4325 penca

430 4356 508 4412 ante
533 4349 713 4412 orationes.

520 4454 591 4518 181.
616 4453 650 4519 Si
674 4453 748 4518 fons
772 4454 974 4536 baptismalis
997 4456 1032 4518 in
1057 4452 1208 4518 Ecclesia
1232 4456 1304 4530 erit,
1329 4456 1390 4520 sub
1407 4454 1506 4521 finem
1523 4454 1652 4522 duode-

342 4565 344 4570 ’
428 4561 531 4625 cimae
556 4562 748 4646 prophetiae
770 4579 855 4644 qnae
877 4568 1027 4637 canetur,
1053 4580 1138 4624 unus
1162 4580 1207 4625 ex
1229 4561 1397 4648 acolythis
1422 4564 1579 4630 candelas
1598 4584 1651 4628 ac·

429 4668 547 4734 condet
572 4672 603 4733 in
627 4669 836 4734 candelabris
860 4669 1005 4752 ipsorum
1029 4668 1093 4731 iam
1117 4671 1150 4732 in
1173 4670 1275 4735 abaco
1298 4676 1476 4759 apparatis.
