4175 5717
525 749 591 818 316
981 767 1047 818 rna.
1073 763 1108 818 tr.

312 903 318 910 ·
434 880 515 965 gula
537 899 719 956 removere,
745 885 782 946 ut
805 885 917 966 pateat
939 881 1073 946 interna
1097 900 1173 966 pars
1200 879 1453 947 transeuntibus
1477 899 1539 968 per
1561 877 1656 958 darn,

436 987 512 1053 dum
535 986 778 1054 benedicendus
801 995 853 1052 est
876 987 1018 1073 populus
1042 1007 1118 1053 cum
1142 986 1198 1053 SS.
1225 988 1452 1054 Sacramenta.

526 1097 575 1161 10.
600 1093 665 1171 An,
688 1116 752 1180 quo
776 1095 880 1170 modo,
906 1115 1013 1181 quove
1036 1097 1070 1160 in
1095 1095 1205 1162 Alteri
1229 1093 1302 1160 fieri
1324 1095 1444 1162 debeat
1468 1093 1653 1164 benedictio

435 1205 621 1292 palmarum
643 1210 722 1271 ante
754 1205 889 1270 Missam
918 1203 1151 1270 celebrandam
1176 1205 1344 1270 [lominica
1377 1205 1411 1270 in
1443 1205 1572 1292 palmis,
1595 1223 1656 1292 pro

434 1313 635 1398 repositione
665 1311 722 1378 SS.
751 1311 966 1387 Sacramenti,
998 1312 1135 1398 expleta
1166 1313 1318 1379 oratione
1345 1309 1570 1398 quadraginta
1600 1311 1659 1378 ho·

437 1418 573 1487 rarumi

525 1527 654 1592 11.Αιι
684 1526 906 1613 permittenda
934 1529 1002 1594 sint
1035 1528 1090 1593 vel
1121 1528 1230 1615 potius
1259 1525 1469 1614 reprobanda
1503 1527 1539 1592 in
1569 1513 1657 1594 Urbe

433 1632 664 1721 genuflexoria
679 1656 753 1701 cum
770 1637 886 1701 stratis
903 1642 938 1701 et
953 1636 1101 1722 pulvinis
1119 1637 1151 1700 in
1169 1635 1319 1701 ecclesiis
1339 1655 1400 1722 pro
1421 1635 1574 1721 personis
1597 1653 1659 1700 ou·

434 1742 571 1810 iuslibet
593 1742 800 1821 conditionis,
824 1749 1057 1830 praeterquam
1077 1743 1195 1829 Regali
1211 1748 1246 1810 et
1262 1741 1480 1810 cardinalitia
1496 1741 1659 1829 dignitato

435 1847 657 1936 fulgentibusi

523 1958 574 2022 12.
600 1958 651 2022 An
675 1957 948 2036 Archidiaconus,
963 1964 1023 2024 aut
1039 1958 1223 2046 Presbyter
1238 1961 1398 2025 assistens
1417 1956 1539 2025 debeat
1560 1959 1662 2024 susti·

435 2085 516 2130 nere
539 2064 670 2140 librum,
695 2065 771 2130 dum
796 2065 958 2152 Episcopo
981 2066 1168 2132 celebranti
1192 2067 1327 2144 assistit,
1353 2086 1413 2132 seu
1435 2067 1547 2152 potius
1571 2061 1659 2132 suffl-

436 2173 502 2237 ciat
525 2179 563 2238 ut
586 2171 681 2237 illum
704 2171 841 2258 tangati

527 2279 576 2346 13.
602 2280 684 2346 (ium
700 2300 798 2367 saepe
821 2281 975 2346 oriantur
994 2280 1096 2347 dubia
1119 2300 1220 2367 super
1239 2281 1496 2347 authenticitate
1519 2277 1661 2346 nonnul·

435 2385 545 2450 lorum
569 2386 798 2464 Decretorum,
822 2407 906 2472 quae
929 2387 1009 2454 licet
1032 2389 1067 2452 in
1090 2388 1232 2474 publicis
1255 2387 1378 2454 tabulis
1405 2387 1437 2452 S.
1463 2387 1531 2453 Rit.
1556 2379 1659 2474 Gong'.

435 2493 594 2581 inscripta
612 2495 833 2580 reperiantur,
850 2495 1065 2561 nihilominus
1082 2497 1115 2560 in
1132 2495 1331 2561 collectione
1348 2493 1530 2560 eorundem
1546 2492 1662 2560 deoro-
1706 2569 1713 2580 ,

433 2605 545 2666 torum
569 2603 656 2688 typis
681 2601 781 2678 edita,
805 2603 925 2668 omissa
949 2603 1099 2668 fuerunt:
1124 2603 1299 2686 quaeritur
1321 2621 1364 2669 an
1389 2599 1584 2670 huiusmodi
1607 2599 1663 2669 de·

434 2713 527 2774 oreta
552 2728 610 2794 pro
634 2709 874 2794 postulantium
898 2715 977 2775 voto
1000 2708 1077 2775 addi
1101 2707 1247 2795 possinti

525 2816 575 2880 14.
599 2815 652 2882 An
676 2817 828 2902 Magistri
853 2816 1144 2882 caeremoniarum
1170 2815 1429 2894 cathedralium,
1455 2819 1581 2902 quiex
1610 2813 1658 2882 di·

434 2927 613 3012 spositione
642 2926 910 3003 Caeremonialis,
935 2946 1066 2992 necnon
1091 2926 1371 2991 patriarchalium
1395 2924 1503 3010 Urbis,
1527 2925 1585 3010 qni
1614 2943 1657 2992 ox

433 3035 626 3120 Apostolioo
646 3033 789 3108 lndulto,
807 3041 899 3099 veste
916 3034 1065 3099 violacea
1081 3035 1114 3097 in
1131 3035 1233 3099 sacris
1251 3033 1476 3098 lunationibus
1501 3037 1659 3110 utuntur,

432 3140 546 3207 eadem
563 3143 612 3206 uti
628 3144 754 3227 possint.
770 3147 868 3207 extra
884 3142 1058 3209 servitium
1077 3140 1228 3227 Episcopi
1244 3146 1278 3206 et
1295 3141 1480 3226 respective
1498 3135 1660 3226 Capitulii

521 3248 570 3314 15.
595 3249 648 3314 Αιι
672 3248 830 3333 Collegiis
855 3248 1107 3324 Canonicorum,
1132 3248 1188 3313 vel
1212 3245 1501 3326 Beneficiatorum,
1533 3247 1657 3332 quibus

430 3357 470 3422 ab
496 3355 689 3442 Apostolica
713 3354 798 3422 Sede
822 3375 1016 3421 concessura
1031 3354 1097 3420 fuit
1112 3355 1324 3442 privilegium
1341 3355 1493 3441 gestandi
1519 3355 1660 3432 Gruoes,

435 3463 489 3528 vel
513 3463 711 3528 numismata
733 3482 846 3540 aurea,
860 3463 989 3528 licitum
1006 3465 1049 3529 sit
1066 3482 1105 3528 ea
1120 3463 1229 3549 palam
1253 3462 1386 3529 deferre
1404 3463 1438 3528 in
1453 3463 1662 3548 paramentis

434 3572 549 3646 sacris,
573 3570 629 3635 vel
653 3557 687 3634 i'n
711 3569 996 3636 administratione
1019 3567 1327 3636 Sacramentorumi

524 3677 569 3743 Et
592 3677 659 3743 Eli.
684 3679 750 3743 ΡΡ.
775 3699 890 3746 sacrae
913 3679 1018 3745 eidem
1042 3678 1300 3764 Congregationi
1324 3679 1514 3766 praepositi,
1545 3679 1665 3764 exqui-

436 3788 500 3852 sita
522 3786 613 3872 prius
636 3787 802 3851 sententia
824 3785 965 3853 duorum
987 3805 1030 3852 ex
1054 3786 1225 3871 Magistris
1249 3805 1315 3851 sao.
1339 3785 1566 3872 Apostolioar.
1581 3785 1664 3854 an-

436 3895 660 3959 remoniarum
683 3894 815 3979 scriptis
831 3895 1024 3979 consignata
1042 3895 1198 3979 typisque
1214 3894 1382 3978 evulgata,
1399 3891 1440 3958 ad
1458 3892 1665 3960 relationem

437 4003 500 4067 mei
524 4000 728 4086 infrascripti
752 3999 931 4067 Secretarii
956 3999 1220 4086 respondendum
1244 4004 1457 4079 censuerunt,
1481 4005 1522 4066 ut
1544 3997 1648 4068 infra

526 4108 577 4175 Ad
603 4109 630 4172 1.
661 4107 842 4174 Adeundus
875 4109 940 4173 loci
972 4107 1180 4186 Ordinarius,
1205 4109 1259 4193 qui
1290 4108 1407 4174 stricte
1437 4113 1577 4175 tenetur
1600 4127 1665 4197 op-

436 4218 588 4303 portunis
621 4214 773 4280 remediis
803 4215 988 4301 providere,
1020 4222 1059 4281 ut
1091 4215 1246 4281 rubricae
1278 4221 1311 4280 et
1336 4213 1368 4280 S.
1394 4215 1432 4280 R.
1459 4214 1494 4281 G.
1522 4213 1665 4284 decreta

439 4326 502 4390 rite
526 4330 716 4398 serventur,
741 4322 846 4406 siquid
869 4322 958 4388 dubii
986 4330 1153 4400 occurrat,
1182 4321 1422 4388 recurrendum
1445 4320 1487 4388 ad
1511 4319 1665 4390 eamdem

440 4431 472 4495 S.
498 4431 532 4497 G.
558 4451 617 4516 pro
640 4430 878 4496 declaratione.

527 4536 578 4601 Ad
601 4537 632 4602 2.
659 4537 826 4620 Negative,
855 4546 1089 4623 praeterquam
1124 4540 1157 4602 in
1185 4558 1265 4604 casu
1296 4538 1382 4624 quod
1417 4537 1532 4606 eadem
1563 4540 1663 4626 signo

439 4642 559 4708 nedum
582 4664 642 4728 pro
665 4645 823 4710 horarum
847 4645 1049 4713 indicatione
1072 4646 1236 4733 pulsanda
1252 4649 1329 4726 sint,
1346 4667 1465 4715 verum
1481 4649 1583 4716 etiam
1598 4665 1662 4734 pro

439 4751 543 4818 sacris
567 4750 761 4817 actionibus.
787 4827 792 4834 ¹
