4175 5717
528 711 593 776 276
992 728 1047 774 mn
1084 728 1103 773 1.

527 836 601 899 380.
627 835 678 899 Ad
702 834 819 901 Altare
843 854 1049 920 progressus,
1074 833 1207 898 nudabit
1238 839 1346 918 caput,
1372 808 1516 898 biretum
1544 827 1662 902 tradet

439 945 593 1020 Diacono,
618 941 861 1028 suppedaneum
885 940 1095 1017 6611666111161,
1121 947 1153 1006 61
1179 940 1297 1006 ,111616
1325 941 1358 1005 iu
1388 939 1493 1006 medio
1520 942 1661 1007 oscula·

439 1051 537 1124 bitur,
562 1053 595 1114 in
620 1069 658 1114 eo
683 1069 807 1135 ponens
832 1054 988 1113 extensas
1011 1067 1137 1112 manus.

529 1158 603 1222 381.
629 1157 772 1222 Diacono
794 1155 1055 1222 benedictionem
1079 1155 1244 1241 largietur
1263 1175 1322 1241 pro
1339 1155 1486 1222 canendo
1509 1145 1673 1225 1116111161-

441 1267 552 1332 dicens
575 1267 747 1332 Dominus
770 1266 814 1332 sit
837 1266 875 1330 io
898 1265 1004 1332 corde
1028 1272 1087 1332 tao
1111 1271 1143 1331 61
1165 1265 1203 1331 ia
1227 1263 1327 1331 lobiis
1351 1265 1431 1341 tuis,
1447 1265 1609 1349 aldione
1625 1271 1660 1333 et

440 1381 672 1458 competenter
702 1374 897 1439 onatuocies
920 1393 1027 1438 eoum
1054 1373 1226 1439 Paschae
1249 1372 1494 1439 Praeconium.
1519 1371 1563 1438 In
1583 1391 1659 1454 ¹no·

436 1484 528 1549 miae
552 1483 671 1548 Patris
694 1487 756 1546 etc.
782 1487 816 1545 et
840 1499 970 1545 manum
995 1481 1024 1545 ei
1047 1480 1138 1545 dabit
1161 1478 1385 1544 osculandam.

526 1587 677 1654 386111
711 1586 1002 1662 1)16661111111,1111111
1033 1593 1129 1652 canet
1161 1587 1315 1662 oecon,
1346 1606 1527 1652 conversus
1555 1586 1659 1654 stabit

441 1700 560 1763 iunctis
585 1697 735 1761 manibus
758 1697 844 1760 sicut
868 1715 967 1779 quum
992 1701 1149 1761 cantatur
1172 1695 1401 1780 Euangelium.
1430 1748 1432 1751 ⁴
1744 1777 1749 1784 Ι

524 1805 599 1869 383.
625 1804 765 1869 Cantato
790 1803 944 1878 Eoeultet,
970 1802 1181 1867 reverebitur
1205 1802 1345 1869 Crucem
1368 1807 1403 1866 et
1424 1821 1445 1866 a
1467 1802 1575 1868 latere
1595 1802 1658 1868 de·

439 1911 574 1978 scendet
597 1912 638 1976 ad
662 1930 841 1985 scamnum,
867 1909 931 1986 uhi,
956 1909 1096 1995 pluuiali
1122 1909 1273 1986 demisso,
1298 1908 1455 1976 induetur
1486 1911 1657 1996 manipulo

438 2028 472 2086 et
494 2020 609 2086 casula
632 2019 790 2085 violacea.
1219 2057 1221 2062 -

523 2130 598 2193 381.
624 2128 757 2194 Redibit
781 2149 824 2192 ex
849 2127 962 2194 eadem
985 2134 1080 2214 parte
1104 2127 1145 2192 ad
1170 2127 1296 2204 Altare,
1322 2128 1412 2192 etin
1437 2147 1542 2193 cornu
1574 2127 1658 2214 Epi-

440 2239 545 2304 stolae
569 2238 726 2303 subsistet
749 2236 789 2301 ad
813 2236 957 2312 Missale,
982 2236 1068 2320 quod
1093 2236 1135 2302 ibi
1159 2237 1225 2301 erit
1247 2242 1450 2322 apparatum.

525 2345 601 2410 385.
628 2345 735 2420 Quum
758 2349 877 2408 cantor
895 2344 1029 2430 incipiet
1053 2344 1189 2429 primam
1205 2363 1326 2411 canere
1348 2345 1564 2430 prophetiam,
1582 2364 1656 2412 eam

436 2463 471 2522 et
492 2458 560 2543 ipse
584 2455 675 2540 leget
697 2454 858 2519 submissa
881 2472 972 2530 voce,
997 2473 1114 2518 manus
1135 2472 1301 2539 apponens
1324 2453 1366 2519 ad
1389 2454 1534 2532 Missle,
1560 2460 1597 2520 ut
1621 2455 1656 2520 in

439 2565 588 2652 Epistola
615 2565 744 2628 Missae.
769 2563 851 2628 Post
880 2567 1048 2627 cantatam
1079 2561 1284 2647 prophetiam
1316 2568 1415 2627 canet
1440 2561 1587 2630 Oremam
1621 2567 1659 2630 et

439 2679 610 2760 postquam
635 2671 799 2735 Diaconus
830 2669 988 2734 cecinerit
1012 2673 1043 2742 1.
1068 2669 1269 2737 Flectamus
1288 2689 1418 2755 pecua,
1442 2689 1482 2734 ac
1512 2667 1658 2736 811111116-

436 2801 541 2846 conus
566 2778 775 2864 responderit
798 2775 936 2851 chote,
960 2777 1082 2862 apertis
1106 2776 1257 2842 manibus
1281 2797 1319 2842 ac
1343 2783 1421 2843 tono
1446 2777 1556 2842 feriali
1580 2797 1656 2844 ora·

433 2889 556 2952 tionem
579 2885 721 2951 adiiciet.
747 2885 944 2960 Notandum,
969 2884 1056 2968 quod
1080 2905 1180 2969 quum
1204 2884 1369 2951 Diaconus
1393 2891 1489 2951 661161
1514 2885 1658 2956 Focu-

437 3016 516 3062 mue
537 3014 666 3080 pecua,
692 2993 874 3060 Celebrans
898 3014 963 3059 non
987 2994 1085 3059 debet
1108 2991 1344 3079 genuflectere.

522 3103 597 3167 386.
623 3101 767 3187 ldipsum
802 3107 1005 3185 exsequetur
1039 3103 1073 3166 in
1109 3101 1246 3186 reliquis
1277 3101 1467 3188 prophetiis,
1499 3109 1533 3168 et
1562 3103 1659 3191 leget

433 3211 533 3274 etiam
558 3215 701 3274 tractum
725 3215 799 3295 post
823 3213 983 3293 quartam,
1008 3215 1160 3273 octavam
1177 3215 1211 3274 61
1229 3209 1443 3284 undecimam,
1468 3229 1576 3294 neque
1599 3212 1658 3276 im·

432 3318 572 3384 mediate
602 3323 676 3403 post
703 3322 836 3383 6611111111
871 3317 1073 3402 prophetiae,
1106 3316 1162 3382 sed
1194 3322 1269 3403 post
1295 3322 1465 3383 cantatum
1495 3322 1656 3396 tractum,

435 3430 617 3493 orationem
640 3433 748 3492 661161.

521 3535 596 3599 387.
622 3536 703 3598 Post
728 3532 953 3598 duodecimam
976 3533 1182 3619 prophetiam
1207 3532 1354 3598 cantabit
1379 3531 1527 3600 Oramus
1553 3540 1658 3620 atque

433 3644 543 3707 statim
567 3642 693 3707 adiiciet
721 3643 913 3716 orationem,
938 3640 1097 3726 siqnidem
1122 3642 1286 3707 Diaconus
1303 3660 1369 3706 non
1392 3648 1489 3707 canet
1512 3642 1657 3711 1113616-

438 3769 667 3834 1661961166.

519 3855 817 3921 38311116116611116
844 3858 993 3922 oratione
1024 3855 1126 3933 linita,
1153 3856 1363 3922 reverebitur
1391 3857 1531 3924 Crucem
1562 3865 1594 3923 61
1633 3880 1656 3926 6

431 3966 539 4029 latere
562 3963 740 4028 descendet
762 3963 803 4028 ad
827 3984 1005 4040 scamnum,
1029 3964 1138 4049 ibique
1163 3964 1331 4050 manipulo
1354 3985 1429 4030 cum
1446 3964 1580 4051 planeta
1597 3966 1655 4033 de·

429 4073 545 4158 posito,
572 4092 688 4136 rursus
713 4070 870 4136 induetur
892 4071 1033 4156 pluviali
1058 4072 1216 4148 11616666
1235 4093 1298 4156 quo
1322 4073 1420 4150 16616,
1438 4071 1539 4137 stabit
1561 4073 1652 4158 apud

430 4181 537 4264 ipsum
560 4197 738 4257 scamnum,
763 4178 868 4244 donec
892 4179 1061 4265 profectus
1085 4181 1150 4244 erit
1182 4181 1214 4244 in
1243 4179 1465 4266 processionis
1499 4177 1653 4246 ordinem

433 4287 551 4353 Clarus
574 4286 615 4351 ad
639 4288 866 4372 baptisterium
890 4287 1010 4351 iturus.

519 4397 594 4461 389.
619 4395 752 4461 lncedet
778 4389 892 4458 ultimo
915 4401 989 4480 post
1013 4395 1152 4461 Clerum
1172 4396 1256 4472 loco,
1281 4396 1352 4460 eius
1376 4415 1397 4458 a
1419 4393 1581 4459 lateribus
1597 4395 1655 4460 ad·

433 4504 595 4570 stantibus
618 4505 721 4570 sacris
746 4503 917 4568 Ministris.
942 4501 1161 4569 Proficiscens
1185 4503 1284 4570 166161
1306 4509 1384 4568 ante
1408 4502 1525 4568 Altare
1548 4521 1654 4568 reve-

434 4610 575 4674 rentiam
598 4611 638 4676 ad
662 4610 804 4680 Crucem
834 4616 869 4680 et
898 4615 996 4698 eaput
1024 4613 1153 4698 operiet
1183 4610 1299 4686 bireto,
1323 4609 1408 4694 quod
1440 4611 1468 4675 ei
1501 4610 1654 4696 porriget

438 4718 611 4787 Diaconus
