4175 5717
521 736 586 797 282
984 757 1049 802 urs.
1076 757 1095 803 r.

519 863 594 928 439.
620 862 829 949 Quapropter
853 862 1034 928 celebrans
1060 864 1092 926 in
1116 865 1263 928 sacrario
1287 859 1403 928 casula
1430 861 1581 928 violacea
1597 879 1656 949 pe-

435 976 537 1048 ratus,
562 971 603 1036 ad
627 971 745 1037 Altare
769 971 892 1036 usitato
917 971 982 1036 ritu
1006 967 1248 1057 proficiscetur.

519 1081 594 1146 440.
619 1081 656 1144 ln
680 1079 925 1168 presbyterium
949 1079 1139 1164 ingrediens
1163 1079 1305 1144 biretum
1329 1079 1513 1144 committet
1536 1077 1655 1144 Diaco-

433 1206 475 1252 no
498 1193 533 1253 et
556 1187 691 1255 Clarum
716 1186 885 1263 salutabit,
910 1188 936 1252 si
960 1187 1023 1252 iam
1048 1188 1081 1251 in
1106 1187 1208 1253 choro
1232 1193 1365 1272 praesto
1388 1187 1464 1252 erit.

519 1298 594 1360 441.
619 1296 854 1361 Reverentiam
877 1301 956 1360 ante
979 1294 1098 1360 Altare
1121 1295 1232 1372 faciet,
1257 1300 1291 1360 et
1314 1312 1496 1360 conscenso
1526 1311 1655 1378 suppe-

431 1401 546 1478 daneo,
571 1404 605 1467 in
628 1401 734 1468 medio
759 1401 966 1468 osculabitur
990 1402 1085 1480 illud,
1110 1408 1227 1488 perget
1249 1403 1283 1466 in
1307 1421 1411 1468 cornu
1428 1400 1601 1488 Epistolae
1617 1405 1655 1466 et

431 1511 523 1596 leget
546 1511 737 1596 prophetias
760 1511 992 1596 praescriptas,
1016 1512 1250 1595 orationesque
1274 1510 1423 1587 usitatas,
1449 1509 1542 1575 utin
1572 1507 1656 1574 Sab-

432 1618 510 1683 bato
533 1624 658 1684 sancto.

519 1727 594 1792 442.
618 1726 700 1792 Post
723 1725 922 1812 prophetias,
945 1727 1037 1792 facta
1060 1726 1160 1793 Gruci
1182 1727 1382 1818 reverentia,
1406 1745 1427 1790 a
1449 1725 1557 1791 latere
1590 1723 1654 1790 de-

433 1833 567 1900 scendet
590 1833 632 1899 ad
656 1853 824 1900 scamnum
849 1834 882 1898 in
906 1853 1010 1900 cornu
1034 1833 1214 1920 Epistolae,
1239 1833 1406 1921 planetam
1431 1831 1654 1918 manipulum·

433 1963 496 2027 que
520 1942 661 2027 deponet
683 1961 722 2006 ac
746 1940 885 2026 pluviali
909 1941 1058 2007 violaceo
1083 1940 1249 2008 induetur.

520 2049 596 2114 443.
620 2049 743 2114 Veniet
766 2047 807 2131 ud
830 2047 955 2113 fontem
980 2049 1220 2134 baptismalem,
1246 2055 1284 2115 ut
1307 2051 1340 2115 in
1365 2049 1509 2116 Sabbato
1532 2037 1653 2114 sanato

432 2157 556 2222 fontem
580 2155 761 2232 benedicet,
785 2155 981 2241 baptismum
1005 2157 1113 2232 etiam,
1139 2156 1293 2222 methodo
1316 2158 1380 2222 iam
1397 2157 1457 2222 illo
1474 2155 1526 2222 die
1547 2157 1653 2222 innu-

431 2271 475 2339 ta,
494 2263 701 2329 ministrabit.
727 2262 842 2330 Oratio
867 2268 977 2328 tamen
1001 2283 1085 2347 quae
1109 2269 1186 2329 ante
1210 2264 1399 2348 ingressum
1422 2263 1462 2330 ad
1485 2261 1653 2348 baptiste-

431 2373 517 2437 rium
542 2374 705 2438 recitatur
728 2377 779 2437 est
801 2371 899 2438 huius
923 2372 987 2438 diei
1011 2374 1155 2458 propria.

520 2481 593 2544 444.
619 2480 787 2544 Reuersus
812 2478 852 2544 ad
877 2479 1005 2557 Altera,
1031 2479 1179 2567 pluviale
1195 2479 1348 2545 demittet
1363 2478 1449 2567 apud
1465 2479 1649 2556 scamnum,

430 2585 547 2652 deinde
570 2592 648 2652 ante
672 2586 790 2651 Altare
812 2606 923 2671 genua
953 2585 1125 2652 submittet
1148 2607 1209 2673 pro
1242 2586 1400 2656 canendis
1431 2586 1581 2652 Litaniis.
1615 2584 1653 2652 Si

432 2694 586 2760 Ecclesia
603 2694 694 2759 fonte
709 2693 899 2779 baptismali
915 2693 1052 2771 carebit,
1070 2700 1143 2780 post
1161 2700 1296 2760 cantum
1312 2691 1560 2780 prophetiarum
1579 2712 1656 2778 per·

431 2809 488 2885 get
511 2801 552 2866 ad
575 2821 754 2878 scamnum,
786 2800 953 2886 planetam
977 2808 1011 2867 et
1041 2802 1245 2887 manipulum
1277 2801 1438 2878 demittet,
1462 2821 1501 2867 ac
1535 2801 1654 2868 veniet

430 2914 508 2974 ante
532 2909 660 2984 Altare,
685 2908 740 2973 ubi
763 2928 798 2973 se
822 2913 1022 2993 prosternet.

519 3015 593 3080 445,
618 3015 670 3081 Ad
695 3021 725 3090 t.
750 3016 957 3082 Peccatores
981 3023 1137 3102 assurget
1160 3022 1194 3082 et.
1217 3017 1307 3083 lacta
1330 3016 1370 3082 ad
1396 3015 1657 3082 Crucem1·ere-·

430 3124 548 3199 rentia,
574 3125 711 3209 recipiet
735 3144 754 3188 a
777 3123 922 3188 Diacono
945 3124 1099 3202 biretum,
1124 3144 1188 3208 quo
1205 3131 1304 3210 caput
1320 3126 1448 3210 operiet
1463 3143 1566 3210 prope
1583 3123 1655 3190 adi-

431 3237 501 3294 tum
532 3230 740 3316 presbyterii.
773 3229 1008 3296 Proficiscetur
1038 3232 1079 3297 ad
1111 3234 1293 3297 sacrarium
1317 3253 1356 3298 ac
1390 3231 1530 3298 demissa
1562 3231 1654 3298 stola

431 3337 590 3412 violacea,
615 3339 720 3401 sacris
744 3340 945 3423 paramentis
969 3338 1062 3404 rubri
1086 3339 1208 3404 coloris
1232 3338 1400 3406 induetur.

519 3447 593 3508 446.
620 3444 751 3510 Redibit
773 3444 812 3510 ad
838 3445 968 3521 Altare,
993 3452 1025 3510 et
1050 3448 1232 3532 praemissa
1254 3446 1295 3512 ad
1320 3447 1454 3513 Clerum
1486 3449 1520 3512 in
1544 3447 1653 3514 choro

431 3553 631 3626 reverentia,
656 3552 790 3616 Missam
815 3554 882 3617 ritu
906 3559 1067 3618 consueto
1091 3553 1296 3620 exordietur.

520 3661 594 3723 447.
620 3659 792 3746 completa
815 3660 942 3726 Altaris
967 3659 1222 3738 thurificatione,
1247 3669 1419 3752 postquam
1436 3661 1653 3731 thurificatus

431 3769 499 3851 ipse
524 3767 635 3843 fuerit,
661 3789 696 3832 se
719 3775 895 3833 convertet
916 3768 958 3833 ad
976 3769 1104 3844 Altare,
1123 3770 1231 3853 ibique
1249 3771 1420 3835 introitum
1442 3789 1654 3855 nequaquam

432 3875 557 3960 legens,
583 3874 737 3940 recitabit
760 3876 869 3962 Kyrie
892 3897 967 3941 eum
991 3877 1162 3941 Ministris.
1195 3879 1317 3943 Postea
1349 3879 1413 3942 ritu
1442 3879 1653 3964 praescripto

430 3983 552 4047 Missae
576 3982 834 4048 celebrationem
858 3991 1087 4069 prosequetur,
1114 3987 1146 4049 in
1170 4005 1235 4069 qua
1258 3985 1340 4050 nihil
1369 3990 1420 4051 est
1449 3984 1653 4052 discriminis

429 4112 449 4154 a
473 4093 593 4157 ceteris
617 4092 725 4156 llissis
751 4091 963 4158 solemnibus.

665 4310 697 4390 g.
720 4306 773 4370 21.
799 4306 952 4391 infesto
976 4314 1007 4375 et
1030 4315 1152 4376 octaua
1177 4310 1405 4378 Pentecostes.

519 4521 593 4585 448.
619 4522 810 4598 celebrans,
835 4528 910 4609 post
934 4529 1101 4589 cantatam
1125 4524 1308 4610 Epistulam
1331 4531 1366 4590 et
1381 4525 1487 4591 datam
1511 4544 1653 4594 manum

432 4626 645 4692 osculandum
671 4629 878 4696 Subdiacono
903 4633 1013 4695 uerriet
1038 4633 1070 4695 in
1095 4633 1236 4697 medium
1268 4634 1396 4711 Altera,
1427 4639 1653 4702 convertetur
