4175 5717
533 757 596 823 118
986 771 1052 822 rua.
1078 771 1112 821 11.

443 879 526 949 labit
548 883 582 946 in
606 881 711 946 medio
734 879 840 966 gradu
863 879 984 954 infimo,
1008 880 1218 946 thuribulum
1242 900 1262 946 a
1285 879 1506 946 thuriferario
1535 877 1595 946 vel
1617 875 1662 945 ab

440 989 507 1054 alio
537 989 671 1065 clerico,
697 989 723 1053 si
754 987 884 1064 aderit,¹
902 989 1050 1074 accipiet,
1075 987 1283 1054 thurificatit
1306 987 1362 1054 SS.
1388 981 1662 1066 Sacramentum,

443 1101 557 1182 postea
579 1095 788 1162 thuribulum
813 1097 843 1160 ei
866 1097 1024 1160 restituet
1046 1115 1066 1159 a
1090 1115 1154 1180 quo
1177 1099 1355 1182 acceperit.

533 1205 586 1270 39.
612 1203 874 1279 Thuriferarius,
898 1209 1032 1289 recepto
1062 1202 1245 1280 thuribulo,
1276 1203 1435 1290 procedet
1457 1203 1491 1268 in
1514 1201 1665 1268 medium

440 1310 686 1397 presbyterium
719 1317 798 1375 ante
831 1309 967 1375 hltare:
1003 1317 1209 1396 consurgent
1242 1309 1308 1376 duo
1342 1310 1456 1376 clerici
1485 1309 1665 1375 intorticia

440 1421 652 1493 sustinentes,
676 1416 842 1483 addentur
865 1417 1085 1483 thuriferario
1118 1425 1346 1503 exsequentur
1377 1416 1417 1481 ad
1450 1415 1508 1482 SS.
1533 1416 1666 1482 Sacra-

440 1531 587 1591 mentum
610 1522 886 1610 genuflexionem
904 1531 938 1588 et
961 1527 994 1588 in
1018 1527 1203 1590 sacrarium
1228 1530 1454 1601 revertentur,
1474 1527 1664 1610 praeeunte

439 1633 666 1708 thuriferario,
692 1631 905 1716 sequentibus
929 1632 1062 1696 clericis
1086 1633 1255 1697 intorticia
1278 1629 1496 1717 gestantibus.

528 1743 581 1804 40.
606 1739 769 1806 Sacerdos
792 1740 847 1823 qui
869 1737 964 1803 adest
986 1737 1027 1802 ad
1043 1738 1172 1815 Altare,
1191 1737 1346 1804 recitabit
1366 1755 1483 1824 preces
1500 1741 1664 1802 statutas:

438 1848 553 1914 clerici
585 1847 745 1933 praedicti
780 1847 950 1911 intorticia
972 1851 1143 1930 gestantes
1173 1865 1213 1911 ac
1246 1847 1495 1921 thuriferarius,
1527 1843 1664 1910 relictis

439 1955 490 2020 his
514 1955 613 2020 rebus
636 1957 669 2019 in
694 1955 851 2029 sacrario,
876 1952 1032 2018 redibunt
1054 1950 1096 2017 ad
1131 1952 1262 2029 Altare,
1294 1950 1564 2040 genuflexionem
1588 1949 1664 2018 du-

439 2062 559 2148 plicem
593 2059 769 2127 conficient
802 2063 835 2126 in
866 2060 965 2146 plano
999 2066 1079 2124 ante
1114 2059 1234 2126 Altare
1265 2059 1381 2127 deinde
1420 2057 1666 2145 congenicula·

440 2169 524 2234 bunt
546 2173 579 2234 in
605 2166 715 2234 infimo
738 2169 844 2255 gradu
868 2188 888 2233 a
910 2165 1076 2232 lateribus
1101 2166 1303 2234 Sacerdotis.

528 2277 581 2341 41.
607 2277 728 2342 Preces
752 2296 791 2342 ac
813 2295 993 2362 processus
1015 2273 1198 2340 functionis
1234 2275 1397 2362 dependet
1419 2295 1439 2341 a
1463 2274 1663 2360 dispositio-

440 2384 546 2460 nibus,
572 2405 656 2468 quae
679 2383 721 2450 ad
744 2404 814 2449 rem
838 2382 1009 2450 dabuntur
1032 2385 1073 2450 ab
1098 2387 1260 2471 Episcopo
1283 2384 1462 2449 ordinario.

527 2493 580 2556 42.
616 2491 683 2560 Sub
717 2489 816 2558 finem
848 2514 985 2580 precum
1015 2503 1075 2560 aut
1106 2493 1311 2558 Litaniarum
1336 2490 1518 2558 Celebrans
1541 2490 1577 2554 in
1603 2507 1664 2556 sa-

439 2600 549 2664 crario
583 2599 741 2665 induetur
775 2600 1029 2687 superpelliceo,
1065 2609 1099 2666 et
1133 2619 1234 2686 supra
1268 2601 1374 2686 ipsum
1412 2600 1560 2684 imponet
1598 2595 1664 2662 sibi

438 2706 558 2771 stolam
581 2714 616 2771 et
637 2707 786 2793 pluviale
809 2708 877 2773 albi
900 2708 1024 2774 coloris
1048 2727 1087 2773 ac
1111 2709 1220 2772 bireto
1243 2713 1343 2793 caput
1366 2706 1503 2792 operiet.
1577 2721 1582 2734 ·
1623 2757 1625 2762 .

526 2814 578 2879 43.
610 2813 693 2878 Dum
724 2813 885 2880 Sacerdos
917 2817 1086 2881 orationes
1121 2815 1275 2881 recitabit
1308 2820 1382 2900 post
1406 2811 1557 2878 Litanias
1584 2813 1663 2879 sive

436 2920 520 2985 alias
550 2940 676 3006 preces,
707 2920 773 2986 duo
807 2922 923 2987 clerici
964 2922 1137 3009 praedicti,
1176 2922 1420 2987 thuriferarius
1460 2940 1500 2987 ae
1536 2919 1666 3005 reliqui

438 3027 608 3093 adstantes
633 3028 815 3104 Sacerdoti,
840 3029 995 3094 redibunt.
1018 3034 1052 3094 in
1077 3031 1271 3095 sacrarium:
1288 3029 1397 3113 ibique
1413 3029 1663 3094 thuriferarius

439 3138 575 3221 recipiet
598 3135 816 3212 thuribulum,
840 3135 905 3201 duo
929 3136 1111 3223 supradicti
1133 3139 1302 3202 intorticia
1324 3155 1476 3212 accensa,
1502 3143 1538 3202 et
1569 3155 1664 3202 unus

437 3249 496 3307 aut
519 3241 583 3307 duo
607 3243 665 3306 alii
689 3243 803 3307 clerici
828 3245 1027 3310 assistente
1050 3244 1213 3309 lateribus
1239 3243 1442 3309 Celebranti.

525 3351 578 3414 44.
602 3349 677 3414 Fiet
700 3350 799 3415 simul
822 3350 862 3415 ab
886 3351 1038 3415 omnihus
1063 3353 1253 3417 reverentia
1275 3350 1317 3417 ad
1352 3351 1492 3416 Crucem
1525 3349 1585 3416 vel
1618 3349 1662 3432 ad

438 3458 612 3541 imaginem
645 3457 860 3543 principalem
891 3459 1029 3523 sacrarii
1064 3465 1098 3523 et
1121 3458 1302 3544 procedent
1334 3458 1375 3522 ad
1400 3457 1531 3535 Altare,
1556 3457 1660 3526 vide-

437 3563 517 3628 licet
547 3564 786 3629 thuriferarius
816 3584 891 3629 cum
921 3565 1105 3640 thuribulo,
1130 3565 1195 3630 duo
1220 3565 1335 3630 clerici
1361 3585 1436 3634 cum
1461 3567 1657 3645 intortieiis,

438 3669 556 3735 ultimo
580 3670 655 3734 loco
678 3669 858 3740 Gelcbrans
881 3670 1007 3738 medius
1030 3673 1120 3737 inter
1143 3671 1225 3738 duos
1249 3673 1401 3751 clericos,
1426 3674 1484 3758 qui
1509 3671 1663 3742 fimbrias

436 3775 595 3864 pluvialis
630 3778 700 3871 eius
733 3778 954 3854 sustinebunt,
986 3786 1046 3844 aut
1077 3781 1105 3843 si
1137 3799 1224 3844 unus
1252 3780 1396 3845 clericus
1421 3779 1541 3859 aderit,
1567 3801 1589 3847 a
1613 3783 1664 3848 si-

438 3885 552 3949 nistris
587 3885 689 3969 ipsius
723 3885 864 3950 incedet.
900 3885 1082 3952 Celebrans
1113 3885 1173 3950 ibit
1203 3888 1325 3952 iunctis
1355 3887 1508 3954 manibus
1538 3893 1577 3954 et
1604 3889 1662 3956 bi-

437 4000 510 4058 reto
548 4001 704 4079 cooperto
741 3994 873 4080 capite,
914 3992 1001 4078 quod
1039 3992 1178 4059 nudabit
1216 3995 1328 4060 statim
1367 4013 1407 4061 ac
1448 3997 1584 4062 venerit
1623 3997 1662 4062 in

435 4106 649 4188 conspectum
673 4099 730 4165 SS.
756 4099 974 4167 Sacramenti.

521 4208 574 4273 45.
599 4206 760 4273 Sacerdos
794 4207 864 4284 ille,
900 4209 955 4291 qui
989 4208 1029 4272 ad
1066 4207 1186 4273 Altare
1219 4211 1448 4293 permanserit,
1485 4229 1661 4296 superve-
1728 4193 1731 4200 ¹

429 4318 542 4381 niente
567 4315 765 4381 Celebrante
789 4335 864 4379 cum
899 4315 1040 4390 clericis,
1077 4323 1242 4400 assurget,
1275 4313 1550 4402 genuflexionem
1588 4317 1656 4385 du-

430 4423 549 4506 plicem
580 4425 614 4488 in
644 4424 832 4510 pavimento
862 4421 993 4498 efficiet,
1024 4422 1190 4500 detrahet,
1228 4424 1287 4489 sibi
1324 4423 1364 4490 de
1402 4424 1493 4491 collo
1530 4425 1658 4492 stolam

433 4537 467 4594 et
489 4531 549 4596 ibit
570 4531 797 4615 geniculatum
820 4533 854 4596 in
877 4529 975 4596 latus·
991 4530 1162 4618 Epistolae
1179 4552 1288 4619 supra
1315 4530 1466 4599 infimum
1500 4531 1657 4620 gradum.

523 4637 576 4702 46.
601 4639 708 4714 Quum
734 4639 917 4709 celebrans
932 4647 968 4704 et
982 4640 1087 4704 ceteri
1103 4639 1219 4704 clerici
1235 4639 1497 4706 accesserintad
1518 4641 1656 4722 Altera,
1695 4651 1702 4670 ¹
