4175 5717
522 727 589 796 238
980 747 1047 794 nrn.
1072 747 1106 794 ιι.

523 858 577 924 72.
601 857 782 942 Postquam
804 857 965 923 cecinerit
987 856 1090 922 verba
1109 858 1267 943 gratiam
1288 858 1332 925 de
1356 856 1493 942 Spiritu
1517 857 1663 936 Sancto,

436 965 617 1034 Celebrans
640 984 759 1050 aquam
782 966 816 1029 in
839 965 982 1030 formam
1005 963 1122 1030 Grucis
1145 963 1272 1031 diuidet
1295 963 1444 1043 dextera.
1461 985 1561 1052 quam
1586 973 1670 1034 eta·

433 1078 492 1142 tim
515 1079 672 1159 exterget
692 1072 823 1140 mantili
846 1077 1003 1158 porrecto
1020 1091 1041 1137 a
1056 1073 1211 1150 limenun,
1235 1071 1354 1139 deinde
1378 1073 1528 1140 canendo
1552 1077 1664 1142 conti-

435 1183 551 1250 nuabit
576 1182 644 1256 Qui
664 1183 757 1248 banc
778 1199 913 1266 equom
938 1187 1002 1246 etc.
1026 1181 1109 1248 Post
1131 1181 1234 1248 verba
1263 1201 1335 1250 non
1365 1183 1551 1272 inficiando
1575 1205 1663 1254 cor·-

435 1298 590 1374 rumpat
614 1295 731 1374 tanget
749 1307 867 1372 aquam
902 1287 1054 1364 dextera,
1078 1308 1187 1372 quam,
1211 1294 1249 1354 ut
1278 1307 1389 1375 supra,
1424 1295 1586 1377 exterget
1620 1311 1663 1358 ac

433 1399 675 1487 praefationem
699 1415 821 1462 canere
850 1403 969 1482 perget
991 1394 1043 1464 Sit
1067 1397 1151 1464 baec
1174 1404 1298 1466 sancto
1328 1404 1361 1465 et
1387 1399 1558 1468 inuocem
1593 1405 1662 1468 eto.

433 1507 475 1572 ad
499 1505 602 1572 verba
620 1524 690 1588 per
711 1504 827 1570 Deum
847 1505 967 1570 vivam
996 1509 1060 1569 etc.
1084 1506 1216 1590 signum
1244 1505 1482 1572 benedictionis
1514 1504 1663 1574 dextera

433 1614 676 1680 faciet'versus
698 1629 818 1696 aquam
840 1616 876 1677 et
898 1611 1064 1677 Diaconos
1087 1613 1118 1676 ei
1142 1613 1301 1679 sustollet
1323 1612 1481 1700 pluviale.
1507 1613 1663 1680 &utatis

433 1721 546 1787 verbis
569 1720 675 1786 cuiue
697 1719 848 1801 spirituo
870 1737 982 1801 cuper
1004 1725 1037 1786 tc
1057 1719 1251 1804 serebatur,
1275 1719 1522 1806 aliquantulum
1551 1739 1664 1807 aquae

433 1828 548 1894 eadem
571 1847 671 1892 manu
687 1831 787 1892 extra
801 1825 933 1891 labrum
949 1826 1051 1892 fontis
1067 1822 1213 1893 effundet
1229 1847 1346 1894 versus
1363 1833 1510 1912 quatuor
1525 1834 1664 1908 ventos,

433 1941 599 2020 exterget,
624 1941 788 2020 utsupra
805 1952 949 2010 manum,
973 1940 1009 1999 et
1031 1941 1169 2000 cantare
1192 1943 1310 2021 perget
1336 1935 1403 2008 Qui
1425 1942 1456 2003 te
1478 1937 1523 2004 de
1541 1955 1666 2020 para-

434 2045 505 2110 diei
524 2046 622 2128 sonte
643 2049 708 2108 etc.
733 2041 861 2126 Aquam
884 2039 1003 2107 deinde
1037 2061 1104 2107 uno
1136 2041 1252 2108 Grucis
1282 2044 1376 2129 signo
1407 2043 1585 2112 benedicet
1619 2043 1664 2112 ad

435 2151 539 2218 verba
561 2151 735 2217 Benedico
759 2155 791 2216 ta
813 2155 877 2215 eto.

523 2259 575 2325 73
600 2260 781 2342 Postquam
816 2256 1000 2324 celebrans
1033 2277 1162 2342 aquam,
1187 2266 1225 2326 ut
1259 2279 1369 2346 supra,
1395 2265 1495 2326 extra
1529 2261 1667 2328 iontem

434 2363 595 2443 effuderit,
620 2365 907 2432 Gaeremoniarius
931 2366 1069 2450 spongia
1084 2365 1139 2430 vel
1163 2385 1273 2452 panno
1289 2385 1307 2432 e
1324 2367 1394 2432 tela
1410 2366 1485 2433 rudi
1501 2371 1682 2500 exterget·

435 2482 563 2564 partem
585 2481 761 2541 externam
784 2473 897 2538 fontis.
1416 2499 1418 2504 ·

522 2585 576 2649 74.
600 2582 714 2648 Verba
737 2581 835 2648 Haec
849 2580 949 2648 nobb
959 2586 1153 2664 praecepta
1168 2585 1231 2646 etc
1188 2581 1432 2648 tGelebrans
1455 2581 1545 2648 dicet
1570 2571 1673 2650 elata

434 2715 527 2772 voce,
550 2692 608 2758 sed
631 2692 703 2757 eine
727 2695 838 2756 cantu:
862 2695 917 2756 ter
939 2687 1058 2754 deinde
1081 2688 1235 2754 halitabit
1257 2709 1358 2776 super
1384 2709 1504 2775 aquam
1525 2690 1564 2756 in
1587 2709 1684 2758 mco-¹

434 2804 513 2869 dum
536 2800 664 2877 Crucis,
688 2803 724 2864 et
745 2817 828 2864 voce
843 2795 941 2864 elata
956 2803 1178 2882 prosequetur
1197 2795 1251 2862 Tu
1267 2798 1332 2864 bae
1347 2797 1522 2882 simplicat
1541 2817 1668 2885 aquae

435 2918 498 2977 etc.
524 2928 629 2994 usque
650 2907 692 2973 ad
715 2905 819 2972 verba
837 2905 1084 2992 purificandis·
1099 2904 1274 2972 mentibus
1295 2905 1460 2990 efficaces,
1481 2899 1667 2974 inclusive.¹

524 3017 577 3083 75.
602 3017 736 3081 Interea
758 3014 902 3079 clericus
926 3031 1001 3078 cum
1025 3011 1131 3078 Gereo
1155 3011 1195 3076 ad
1219 3012 1346 3078 fontem
1369 3013 1507 3079 accedet
1533 3019 1571 3080 et
1601 3033 1669 3082 ca-

434 3127 524 3193 vebit
548 3145 589 3191 nc
613 3143 692 3190 cera
713 3121 902 3205 liquescens
924 3117 1050 3186 defluat
1079 3138 1180 3206 super
1209 3138 1326 3186 manus
1358 3119 1570 3188 celebrantis
1602 3127 1670 3190 aut

433 3235 672 3300 Ministrorum.
1466 3249 1469 3256 ·

515 3342 569 3406 76.
595 3341 676 3406 Post
699 3335 871 3424 praedicta
894 3334 997 3400 verba
1020 3334 1213 3412 celebrans,
1238 3333 1472 3402 adiuvantibus
1491 3335 1673 3406 Ministrie·

430 3453 457 3516 si
481 3470 563 3535 opus
587 3447 701 3522 luerit,
726 3445 867 3531 accipiet
891 3442 1030 3509 (bereum
1056 3448 1090 3508 et
1114 3444 1147 3507 in
1171 3462 1289 3526 aquam
1305 3441 1513 3526 aliquantum
1528 3445 1683 3512 immeo·-

432 3565 498 3644 get
523 3560 666 3622 cantans
690 3553 889 3620 becconem
911 3557 974 3619 ete.
999 3550 1168 3616 llxtrabet
1191 3546 1309 3615 deinde
1333 3547 1475 3618 Gereum
1498 3557 1534 3618 et
1557 3543 1668 3622 altius

435 3669 615 3748 inaquam
650 3665 824 3749 immerget
854 3681 929 3728 eum
960 3681 1001 3726 ac
1029 3665 1161 3746 repetet
1193 3658 1343 3724 canendo
1373 3659 1574 3729 Dercendat
1597 3667 1667 3730 etc

436 3794 553 3841 vocem
576 3769 717 3838 efferens
739 3771 931 3837 hemitonio.
956 3771 1087 3836 Rursus
1112 3774 1303 3835 extractum
1327 3787 1370 3833 ex
1401 3785 1487 3852 aqua
1518 3767 1669 3836 (loreum

435 3882 632 3971 profundius
656 3882 690 3946 in
713 3881 840 3946 fontem
863 3881 1039 3964 immerget
1060 3898 1100 3945 ac
1122 3879 1226 3944 tertia
1248 3878 1324 3945 vice
1346 3875 1496 3942 cantabit
1511 3876 1669 3948 Dercen-

436 3993 498 4059 dat
521 3995 584 4056 etc.
608 4006 724 4055 vocem
751 3986 912 4054 attollens
941 3986 1053 4052 altero
1084 3985 1274 4052 hemitonio.
1298 3985 1423 4070 Perget
1454 3983 1599 4050 Oereum
1628 3987 1664 4052 in

433 4121 519 4188 aqua
541 4103 732 4166 immersum
755 4098 931 4172 sustinere,
955 4097 1066 4161 ter=in
1089 4113 1207 4179 aquam
1230 4085 1374 4183 sufflabit
1397 4093 1430 4157 in
1453 4091 1588 4158 modum
1612 4093 1659 4160 li-

435 4209 544 4276 terale
565 4225 707 4292 graecae
727 4200 746 4274 l
771 4210 807 4269 et
829 4209 944 4289 postea
959 4201 1108 4269 cantabit
1125 4209 1301 4287 totamque
1316 4201 1424 4268 buius
1440 4221 1559 4287 cquae
1576 4203 1661 4270 oub-

435 4319 602 4385 otactiam
624 4312 864 4399 regenerandi
883 4312 1070 4396 foecundet
1093 4315 1217 4397 effectu
1241 4315 1274 4374 et
1260 4308 1417 4374 teducet
1433 4329 1476 4374 ex
1493 4329 1579 4394 aqua
1596 4309 1667 4376 (le-

435 4443 539 4502 ucum,
557 4426 613 4509 qui
635 4444 656 4488 a
680 4421 811 4488 Olerico
825 4420 963 4505 recipiet
965 4439 1006 4485 ur
1023 4425 1059 4485 et
1074 4437 1183 4505 panno
1198 4417 1287 4484 telae
1304 4416 1436 4484 subtilis
1454 4424 1655 4554 extergatur

437 4551 502 4615 qua
524 4537 619 4617 parte
643 4529 773 4596 luerit
765 4545 949 4594 immerens.

530 4642 582 4706 77.
609 4638 790 4705 Celebrans
814 4640 991 4723 prosequet
992 4655 1035 4700 ur
1058 4633 1297 4720 praefationem
1321 4632 1389 4700 Hie
1411 4635 1569 4702 omnium
1580 4653 1662 4718 pec-
