4175 5717
516 721 581 786 210
978 739 1044 787 mn.
1070 741 1091 786 1.

429 847 538 913 Alteri
560 845 748 922 descendet,
772 865 809 911 se
831 847 928 911 sistet
949 845 991 911 ad
1013 845 1186 912 dexteram
1210 846 1313 922 illius,
1344 865 1421 912 eum
1450 865 1490 911 eo
1513 847 1548 912 in
1572 865 1651 932 pro·

430 955 576 1018 cessione
600 953 730 1019 incedet
752 958 787 1017 et
809 950 968 1018 fimbriam
991 951 1165 1018 dexteram
1188 953 1347 1040 pluvialis
1363 953 1434 1019 eius
1456 951 1650 1024 sustinebit

516 1061 590 1126 238.
616 1062 652 1124 ln
669 1061 879 1147 processione
891 1060 1084 1126 celebranti
1095 1060 1239 1145 psalmos
1252 1061 1406 1126 recitanti
1424 1059 1649 1148 respondebit.

517 1168 592 1234 239.
616 1167 677 1233 Ubi
700 1173 836 1233 ventum
859 1168 926 1232 erit
947 1167 988 1232 ad
1012 1166 1185 1244 sacellum,
1211 1169 1243 1232 in
1274 1187 1339 1251 quo
1362 1165 1420 1234 SS.
1445 1166 1649 1234 Sacramen-

428 1281 498 1341 tum
522 1276 586 1340 erit
617 1274 855 1360 exponendum,
880 1273 1038 1340 subsistet
1071 1280 1151 1339 ante
1178 1274 1306 1350 Altare,
1330 1273 1536 1359 geniculabit
1572 1293 1651 1340 ver·

431 1405 486 1447 sus
511 1381 741 1447 celebrantem
764 1388 949 1480 gestantem
973 1381 1233 1457 Sacramentum,
1251 1400 1368 1446 manus
1385 1383 1455 1447 eius
1479 1380 1556 1446 velo
1579 1379 1649 1446 hu·

431 1489 548 1554 merali
572 1488 798 1574 discooperiet,
823 1487 1085 1564 Sacramentum,
1110 1493 1148 1553 ut
1174 1493 1284 1565 antea,
1307 1489 1456 1575 accipiet,
1480 1493 1649 1574 assurget

433 1596 621 1682 expectabit
643 1595 747 1661 donec
771 1594 956 1661 celebrans
980 1593 1066 1660 illud
1089 1594 1290 1671 adoraverit,
1314 1594 1356 1660 ad
1386 1594 1506 1662 Altera
1535 1613 1653 1662 ascen·

432 1703 496 1779 det,
522 1709 620 1787 atque
643 1703 676 1768 iu
699 1721 795 1779 urna,
820 1721 879 1768 seu
902 1700 1054 1768 custodia
1077 1701 1120 1766 ibi
1142 1707 1302 1788 apparata
1324 1703 1430 1788 ipsum
1453 1700 1588 1769 locabit.

437 1867 443 1880 .
518 1811 593 1876 240.
618 1810 665 1875 De
689 1810 790 1876 altari
814 1814 928 1895 postea
950 1809 1139 1886 descendet,
1163 1809 1204 1875 ad
1232 1809 1441 1876 celebrantis
1471 1810 1648 1880 dexteram

430 1919 559 1995 redibit,
583 1920 754 1984 incensum
777 1919 849 1983 sine
872 1917 995 1983 osculis
1019 1918 1218 1984 ministrabit
1239 1918 1300 1994 illi,
1325 1938 1443 1983 rursus
1475 1917 1652 1984 submittet

431 2046 548 2112 genua,
573 2025 781 2090 thuribulum
806 2025 996 2090 Celebranti
1019 2025 1199 2110 praebebit,
1223 2045 1264 2091 ac
1294 2025 1509 2092 Sacramenta
1541 2025 1651 2092 thuri·

433 2133 538 2208 ficato,
562 2132 770 2197 thuribulum
794 2132 833 2196 ab
851 2151 897 2218 ,eo
921 2139 1091 2218 receptum
1115 2125 1333 2198 thuriferario
1365 2134 1531 2198 restituet.
1634 2171 1643 2186 ·

519 2240 594 2305 241.
618 2238 697 2304 lnde
718 2239 760 2305 ad
783 2237 901 2305 Altare
924 2241 1045 2304 iterum
1061 2239 1228 2316 ascendet,
1246 2260 1365 2305 urnam
1382 2260 1441 2305 seu
1464 2239 1650 2306 custodiam

434 2346 576 2424 claudet,
602 2348 635 2412 in
660 2366 725 2431 qua
747 2346 804 2413 SS.
830 2347 1080 2413 Sacramentum
1096 2349 1162 2413 erit
1177 2348 1373 2434 expositum,
1391 2367 1510 2414 rursus
1533 2346 1574 2413 de
1591 2346 1651 2414 Al-

433 2456 499 2521 tari
523 2454 700 2521 descendet
723 2459 757 2519 et
780 2455 813 2519 in
837 2453 944 2539 gradu
967 2452 1079 2520 inflmo
1101 2475 1122 2520 a
1144 2454 1292 2521 dexteris
1317 2454 1526 2522 celebrantis
1555 2453 1649 2541 geui-

433 2564 567 2631 culabit.
1642 2549 1646 2558 ¹

519 2671 595 2737 242.
619 2669 670 2737 Ad
694 2676 814 2736 nutum
839 2667 1097 2735 caeremoniarii
1120 2690 1195 2735 cum
1226 2669 1426 2736 celebrante
1454 2675 1650 2758 consurget,

434 2778 699 2865 genuflexionem
723 2777 888 2864 duplicem
911 2779 944 2843 in
968 2777 1069 2863 plano
1092 2780 1271 2866 pavimenti
1301 2777 1430 2856 efficiet,
1454 2784 1490 2844 et
1518 2777 1571 2844 da
1593 2797 1652 2846 aa·

434 2888 522 2954 cello
555 2885 724 2974 praedicto
757 2882 988 2972 proficiscetur
1025 2885 1066 2952 ad
1101 2889 1293 2952 sacrarium.
1325 2887 1434 2953 Extra
1468 2886 1651 2964 Sacellum,

434 2997 576 3062 biretum
600 3014 621 3059 a
644 2992 909 3060 caeremoniaric
933 3001 1105 3079 acceptum
1130 2994 1321 3060 celebranti
1337 3015 1411 3060 cum
1435 2995 1559 3062 osculis
1582 3000 1653 3060 tra·

436 3103 493 3168 det
508 3100 737 3167 suumdeinde
753 3100 793 3167 ab
809 3099 924 3166 eodem
937 3100 1203 3166 Gaeremoniario
1216 3104 1356 3189 accipiet
1371 3107 1406 3168 et
1419 3108 1520 3189 caput
1534 3121 1655 3188 coope-

435 3212 507 3274 riet.
533 3209 676 3285 lncedet,
701 3214 738 3273 ut
761 3214 868 3283 antea,
893 3207 1107 3274 dextrorsum
1133 3209 1341 3276 celebrantis
1371 3215 1405 3275 et
1434 3208 1596 3276 fimbriam
1619 3211 1653 3277 ei

434 3318 605 3384 dexteram
629 3316 785 3404 pluvialis
809 3317 993 3383 sustinebit.

524 3425 599 3490 243.
625 3424 676 3490 Ad
701 3425 884 3489 sacrarium
915 3444 1014 3508 quum
1044 3427 1184 3502 venerit,
1217 3425 1439 3490 reverentiam
1463 3423 1564 3490 (truci
1595 3424 1655 3491 vel

324 3529 326 3534 ’
437 3534 569 3617 imagini
594 3534 800 3618 praecipuae,
825 3538 859 3597 et
875 3532 1123 3598 inclinationem
1140 3532 1331 3599 celebranti
1347 3532 1456 3598 faciet.
1474 3532 1656 3598 Pammen-

435 3642 479 3706 tis
502 3641 585 3704 albis
616 3640 781 3726 depositis,
812 3641 932 3706 stolam
963 3641 1143 3706 violaceam
1174 3639 1380 3707 diaconalem
1410 3659 1512 3725 super
1540 3639 1655 3706 albam

438 3749 496 3813 sibi
522 3747 646 3824 induet,
671 3768 807 3814 manens
831 3748 903 3814 illic
925 3747 1030 3814 donec
1052 3749 1086 3812 in
1100 3749 1203 3814 choro
1220 3749 1390 3834 Vesperae
1406 3746 1654 3814 recitabuntur.

526 3856 601 3920 244.
627 3856 728 3941 Signo
751 3856 828 3922 dato
852 3856 995 3922 exeundi
1018 3856 1058 3922 de
1081 3858 1240 3932 sacrario,
1264 3856 1487 3922 reverentiam
1522 3861 1655 3922 suetam

438 3965 536 4032 cruci
561 3963 614 4029 vel
638 3964 771 4048 imagini
794 3962 904 4041 faciet,
929 3969 1029 4050 caput
1051 3965 1158 4030 bireto
1182 3969 1283 4051 teget,
1308 3984 1348 4029 ac
1362 3963 1483 4029 iunctis
1500 3961 1656 4030 manitus

437 4077 669 4145 Celebrantem
692 4074 878 4161 praecedet.

522 4183 598 4249 245.
623 4184 660 4248 ln
683 4182 774 4248 aditu
797 4183 891 4248 chori
914 4187 1013 4268 caput
1035 4182 1169 4268 deteget
1191 4202 1231 4247 ac
1253 4182 1396 4248 biretum
1420 4180 1532 4247 tradet
1565 4179 1672 4247 caes

438 4293 645 4366 remoniario;
671 4312 706 4357 se
729 4311 749 4355 a
772 4289 919 4356 dexteris
944 4290 1151 4356 Celebrantis
1175 4292 1280 4365 sistet,
1297 4295 1535 4375 acceptumque
1555 4287 1597 4354 ab
1614 4307 1657 4353 eo
1719 4343 1722 4348 .

439 4420 513 4465 cum
537 4400 659 4465 osculis
682 4399 824 4465 biretum
849 4397 1114 4463 Gaeremoniario
1138 4396 1242 4462 eidem
1266 4399 1481 4472 transmittet,
1498 4401 1533 4460 et
1550 4395 1657 4462 choro

441 4506 544 4572 faciet
567 4507 797 4573 reverentiam.
822 4505 910 4571 Ante
933 4504 1052 4571 Altare
1075 4509 1186 4570 autem
1208 4503 1474 4591 genuflexionem
1498 4503 1540 4569 ad
1564 4502 1659 4572 cru-

441 4634 511 4681 cem
535 4620 746 4699 exsequetur.
1423 4623 1428 4632 '
