4175 5717
523 725 586 796 154
977 743 1043 802 nis.
1069 746 1115 803 ιν.

431 863 514 936 tare;
538 859 566 925 si
590 858 694 925 fuerit
716 859 906 928 Sacerdotis
930 851 1078 948 ponetur·
1098 863 1205 948 capite
1228 861 1269 930 ad
1292 861 1424 942 Altero,
1447 861 1586 952 pedibus
1608 853 1650 932 cd

430 973 560 1054 portam
582 970 689 1033 uersis
714 967 774 1054 (a),
1085 979 1088 986 '

517 1074 572 1140 26.
597 1075 820 1162 Responsorio
842 1077 1007 1155 absoluto,
1031 1078 1275 1164 extinguentur
1297 1079 1460 1147 candelae
1484 1079 1583 1146 etde
1604 1099 1654 1146 ec·

430 1183 534 1249 clesia
555 1183 727 1250 discedent
750 1184 1063 1262 Gonlraternitates,
1083 1185 1270 1271 Regulares
1286 1193 1321 1253 et
1337 1187 1459 1255 clerus
1476 1189 1577 1255 etiarn
1598 1207 1652 1254 se-

429 1291 566 1369 cularis,
591 1293 840 1359 remanentibus
856 1293 925 1358 illis
942 1297 1082 1370 tantum,
1095 1297 1151 1379 qui
1168 1294 1208 1359 ad
1232 1294 1333 1361 funus
1357 1295 1492 1361 invitati
1516 1293 1651 1372 luerint,

431 1401 524 1464 utin
548 1401 656 1485 capite
680 1402 841 1485 sequenti.
866 1401 975 1486 Prope
998 1401 1153 1478 cadaver,
1179 1403 1205 1467 si
1229 1401 1456 1468 celebrabitur
1472 1401 1575 1468 funus
1594 1421 1651 1488 po-

430 1506 556 1584 stridis,
581 1529 684 1572 unum
708 1508 763 1574 vel
787 1507 853 1572 duo
877 1508 1006 1574 lumina
1027 1507 1205 1576 ardebunt.
1297 1579 1301 1586 ,
1656 1525 1659 1530 ·

516 1615 570 1680 27.
595 1616 632 1680 ln
655 1615 850 1700 quibusdam
872 1615 1034 1694 ecclesiis,
1060 1618 1256 1701 praesertim
1280 1615 1548 1696 cathedralibus,
1583 1635 1648 1684 mos

430 1730 483 1790 est
511 1722 698 1811 exponendi
724 1722 889 1790 cadavera
918 1725 1041 1790 nonin
1078 1724 1185 1790 media
1208 1725 1359 1802 ecclesia,
1388 1723 1446 1790 sed
1472 1725 1507 1790 in
1539 1723 1647 1810 aliquo

432 1831 566 1897 Sacello
589 1830 734 1896 laterali.
758 1829 829 1896 Hoc
851 1851 931 1897 casu
956 1831 1043 1916 quod
1067 1838 1219 1898 notatum
1243 1832 1309 1898 fuit
1331 1833 1440 1899 relate
1463 1831 1505 1898 ad
1537 1831 1650 1898 Altare

430 1945 627 2026 otpertum,
652 1937 797 2025 intelligi
820 1939 975 2006 volumus
998 1939 1040 2004 de
1071 1939 1182 2006 Alteri
1207 1939 1331 2006 Sacelli
1364 1946 1400 2006 et
1428 1937 1471 2006 de
1499 1940 1649 2026 ingrwu

430 2047 588 2115 eiusdem.

722 2387 774 2447 DE
792 2387 955 2447 FUNERE
975 2388 1106 2448 SUPER
1125 2387 1313 2448 CADAVER

929 2753 1072 2820 CAPUT
1097 2751 1156 2820 lx.

434 3029 462 3092 l.
489 2943 679 3106 Cadaver
701 3029 890 3112 exponetur
916 3025 950 3088 in
974 3024 1118 3090 ecclesia
1141 3044 1241 3110 super
1273 3024 1401 3090 feretro
1426 3043 1486 3092 seu
1523 3024 1649 3100 lectica,

432 3137 579 3221 exceptis
603 3135 783 3220 Episcopis,
809 3131 1053 3208 Gardinalibus
1082 3132 1291 3219 Principibus
1322 3131 1565 3218 imperantibus
1589 3137 1648 3198 etc

431 3245 487 3327 qui
509 3245 721 3328 exponentur
743 3260 844 3326 super
866 3240 956 3305 lecto
987 3239 1131 3306 funebri.
1161 3238 1257 3305 Circa
1292 3238 1457 3306 feretrum
1486 3239 1650 3306 ardebunt

431 3351 643 3416 convenienti
665 3368 805 3414 numero
829 3349 918 3414 cerei
949 3368 1008 3413 seu
1032 3348 1211 3424 intorticia,
1236 3353 1274 3412 ut
1307 3347 1475 3414 videbitur
1504 3345 1649 3424 haerent

432 3455 639 3522 observanda
661 3461 772 3522 tamen
795 3461 848 3520 est
873 3453 931 3520 lex
955 3474 1014 3520 seu
1046 3453 1251 3520 consuetudo
1282 3455 1544 3540 uniuscuiusque
1575 3437 1648 3528 loci,

432 3564 540 3630 relate
562 3561 603 3628 ad
627 3561 849 3629 conditionem
873 3561 1033 3638 defuncti,
1059 3567 1093 3626 et
1117 3560 1312 3638 curandum,
1338 3569 1376 3627 ut
1398 3563 1443 3628 sit
1464 3560 1578 3628 debita
1606 3559 1649 3626 di-

431 3673 566 3738 stinctio
588 3673 685 3737 iuxta
706 3689 893 3757 personam,
916 3689 1014 3755 quem
1037 3669 1108 3755 ipse
1130 3669 1270 3755 gerebat
1291 3670 1324 3734 in
1356 3670 1435 3736 vita.
1460 3667 1557 3736 Gemi
1581 3669 1648 3736 sire

503 3944 546 4016 (c)
564 3941 676 4000 Abusio
695 3949 741 4000 est
758 3941 917 4018 deportare
941 3941 1091 4000 cadavera
1109 3956 1199 3997 curru
1219 3945 1306 3996 vecta
1334 3944 1363 3996 et
1387 3935 1452 3996 sine
1476 3933 1646 3996 interventu

433 4032 511 4091 Cleri
530 4051 597 4090 curn
615 4033 807 4105 processione
825 4031 955 4093 definita.
974 4034 1006 4090 ln
1026 4033 1142 4090 Statuto
1156 4027 1235 4088 Cleri
1250 4025 1376 4086 Romani
1390 4041 1409 4084 a
1422 4027 1547 4085 Summo
1562 4027 1648 4084 Pont.

433 4125 586 4181 Clemente
605 4123 669 4179 Xll.
688 4123 851 4197 adprobati,
871 4141 948 4181 nurn.
970 4125 1009 4180 10.
1029 4119 1208 4195 Appendicis
1227 4117 1368 4174 insertum
1389 4123 1435 4174 est
1453 4115 1587 4174 edietum
1613 4113 1648 4174 de

433 4213 570 4269 mandato
590 4214 749 4271 Clementis
769 4216 819 4271 Xl.
839 4213 916 4288 quod
935 4217 1016 4268 uetat
1035 4211 1135 4268 efferri
1156 4210 1304 4266 cadauera
1323 4207 1351 4263 in
1372 4205 1524 4263 vehiculis.

504 4304 589 4368 Quod
608 4303 644 4359 ed
664 4305 781 4362 modum
801 4301 966 4377 exponendi
981 4303 1129 4358 cadauera
1144 4297 1320 4362 inecclesia,
1334 4296 1520 4370 priuilegium
1532 4303 1581 4356 est
1594 4298 1650 4356 Sn-

433 4393 585 4449 rerdotum
607 4394 815 4458 tantummodo,
836 4401 868 4450 ut
886 4391 1069 4448 collocentur
1087 4391 1182 4462 capito
1202 4389 1239 4446 ad
1259 4387 1369 4452 Altnre,
1382 4385 1512 4459 pedibus¹
1526 4385 1565 4444 ad
1580 4405 1650 4462 por-

433 4490 492 4538 tam
513 4483 616 4548 versis,
635 4483 712 4557 quod
730 4482 847 4558 quidem
868 4480 1061 4556 privilegium.
1081 4487 1112 4536 ut
1126 4477 1283 4536 inhaerens
1297 4477 1436 4552 dipnitoti
1448 4475 1651 4542 Sacerdotoli.

433 4589 491 4629 non
510 4581 555 4629 cst
574 4575 789 4632 extendendum
809 4572 846 4628 ad
866 4572 964 4630 laicos.
984 4569 1117 4644 quumvis
1132 4567 1352 4641 praeminentiis
1365 4574 1395 4625 et
1407 4567 1651 4642 honoribnsspe·

434 4662 563 4726 rtabiles
582 4682 655 4736 quos
676 4664 751 4722 inter
768 4659 1027 4733 comprehenditur
1047 4658 1135 4714 etiarn
1155 4658 1301 4717 ecclesiae
1321 4661 1477 4716 Patronus.
