<?xml version="1.0" encoding="UTF-8"?>
<!DOCTYPE html PUBLIC "-//W3C//DTD XHTML 1.0 Transitional//EN"
    "http://www.w3.org/TR/xhtml1/DTD/xhtml1-transitional.dtd">
<html xmlns="http://www.w3.org/1999/xhtml" xml:lang="en" lang="en">
 <head>
  <title>
</title>
<meta http-equiv="Content-Type" content="text/html;charset=utf-8" />
  <meta name='ocr-system' content='tesseract 3.04.00' />
  <meta name='ocr-capabilities' content='ocr_page ocr_carea ocr_par ocr_line ocrx_word'/>
</head>
<body>
  <div class='ocr_page' id='page_1' title='image "./manualesacrarum00martgoog_0056.png"; bbox 0 0 4175 5717; ppageno 0'>
   <div class='ocr_carea' id='block_1_1' title="bbox 520 671 1092 736">
    <p class='ocr_par' dir='ltr' id='par_1_1' title="bbox 520 671 1092 736">
     <span class='ocr_line' id='line_1_1' title="bbox 520 671 1092 736; baseline -0.002 -2"><span class='ocrx_word' id='word_1_1' title='bbox 520 671 562 734; x_wconf 83' lang='lat'>34</span> <span class='ocrx_word' id='word_1_2' title='bbox 983 691 1048 736; x_wconf 83' lang='lat' dir='ltr'>ura.</span> <span class='ocrx_word' id='word_1_3' title='bbox 1072 691 1092 735; x_wconf 86' lang='lat'>1.</span> 
     </span>
    </p>
   </div>
   <div class='ocr_carea' id='block_1_2' title="bbox 415 794 1711 2576">
    <p class='ocr_par' dir='ltr' id='par_1_2' title="bbox 433 794 1653 971">
     <span class='ocr_line' id='line_1_2' title="bbox 437 794 1653 883; baseline -0.001 -20"><span class='ocrx_word' id='word_1_4' title='bbox 437 799 496 883; x_wconf 89' lang='lat' dir='ltr'>ipsi</span> <span class='ocrx_word' id='word_1_5' title='bbox 519 796 762 868; x_wconf 72' lang='lat' dir='ltr'>ministrabitur</span> <span class='ocrx_word' id='word_1_6' title='bbox 786 798 820 866; x_wconf 85' lang='lat' dir='ltr'>in</span> <span class='ocrx_word' id='word_1_7' title='bbox 843 795 995 862; x_wconf 82' lang='lat' dir='ltr'>Ecclesia</span> <span class='ocrx_word' id='word_1_8' title='bbox 1019 798 1182 880; x_wconf 82' lang='lat' dir='ltr'>ingressu,</span> <span class='ocrx_word' id='word_1_9' title='bbox 1199 804 1233 861; x_wconf 87' lang='lat' dir='ltr'>et</span> <span class='ocrx_word' id='word_1_10' title='bbox 1255 796 1446 862; x_wconf 89' lang='lat' dir='ltr'>cantabitur</span> <span class='ocrx_word' id='word_1_11' title='bbox 1469 805 1505 876; x_wconf 73' lang='lat' dir='ltr'>rt.</span> <span class='ocrx_word' id='word_1_12' title='bbox 1524 794 1653 862; x_wconf 74' lang='lat' dir='ltr'>Subve-</span> 
     </span>
     <span class='ocr_line' id='line_1_3' title="bbox 433 905 589 971; baseline -0.013 -1"><span class='ocrx_word' id='word_1_13' title='bbox 433 905 503 971; x_wconf 76' lang='lat' dir='ltr'>nite</span> <span class='ocrx_word' id='word_1_14' title='bbox 526 910 589 970; x_wconf 87' lang='lat' dir='ltr'>etc.</span> 
     </span>
    </p>

    <p class='ocr_par' dir='ltr' id='par_1_3' title="bbox 436 1009 1711 1211">
     <span class='ocr_line' id='line_1_4' title="bbox 521 1009 1653 1078; baseline -0.002 -2"><span class='ocrx_word' id='word_1_15' title='bbox 521 1012 596 1076; x_wconf 86' lang='grc'><strong>218.</strong></span> <span class='ocrx_word' id='word_1_16' title='bbox 622 1013 658 1076; x_wconf 95' lang='lat' dir='ltr'>ln</span> <span class='ocrx_word' id='word_1_17' title='bbox 684 1010 790 1078; x_wconf 89' lang='lat' dir='ltr'>Officii</span> <span class='ocrx_word' id='word_1_18' title='bbox 814 1012 1010 1076; x_wconf 77' lang='lat' dir='ltr'>recitatione</span> <span class='ocrx_word' id='word_1_19' title='bbox 1034 1017 1068 1076; x_wconf 91' lang='lat' dir='ltr'>et</span> <span class='ocrx_word' id='word_1_20' title='bbox 1091 1009 1132 1075; x_wconf 90' lang='lat' dir='ltr'>ad</span> <span class='ocrx_word' id='word_1_21' title='bbox 1156 1011 1288 1077; x_wconf 78' lang='lat' dir='ltr'>Missam</span> <span class='ocrx_word' id='word_1_22' title='bbox 1312 1016 1478 1075; x_wconf 86' lang='lat' dir='ltr'>cantatam</span> <span class='ocrx_word' id='word_1_23' title='bbox 1496 1009 1653 1076; x_wconf 89' lang='lat' dir='ltr'>observa·</span> 
     </span>
     <span class='ocr_line' id='line_1_5' title="bbox 436 1103 1711 1211; baseline 0 -29"><span class='ocrx_word' id='word_1_24' title='bbox 436 1119 524 1184; x_wconf 88' lang='lat' dir='ltr'>bitur</span> <span class='ocrx_word' id='word_1_25' title='bbox 546 1119 632 1202; x_wconf 92' lang='lat' dir='ltr'>quod</span> <span class='ocrx_word' id='word_1_26' title='bbox 656 1119 808 1204; x_wconf 88' lang='lat' dir='ltr'>superius</span> <span class='ocrx_word' id='word_1_27' title='bbox 832 1118 998 1182; x_wconf 87' lang='lat' dir='ltr'>innuimus</span> <span class='ocrx_word' id='word_1_28' title='bbox 1022 1119 1056 1182; x_wconf 93' lang='lat' dir='ltr'>in</span> <span class='ocrx_word' id='word_1_29' title='bbox 1080 1103 1272 1203; x_wconf 67' lang='lat' dir='ltr'>despectivis</span> <span class='ocrx_word' id='word_1_30' title='bbox 1295 1116 1520 1211; x_wconf 80' lang='lat' dir='ltr'>paragraphis.</span> <span class='ocrx_word' id='word_1_31' title='bbox 1709 1111 1711 1116; x_wconf 74' lang='grc'><strong>’</strong></span> 
     </span>
    </p>

    <p class='ocr_par' dir='ltr' id='par_1_4' title="bbox 432 1222 1653 1844">
     <span class='ocr_line' id='line_1_6' title="bbox 519 1222 1649 1308; baseline -0.002 -18"><span class='ocrx_word' id='word_1_32' title='bbox 519 1225 594 1290; x_wconf 90' lang='grc'><strong>219.</strong></span> <span class='ocrx_word' id='word_1_33' title='bbox 621 1226 656 1290; x_wconf 93' lang='lat' dir='ltr'>ln</span> <span class='ocrx_word' id='word_1_34' title='bbox 673 1223 882 1289; x_wconf 90' lang='lat' dir='ltr'>absolutione</span> <span class='ocrx_word' id='word_1_35' title='bbox 897 1223 1077 1295; x_wconf 83' lang='lat' dir='ltr'>cadaveris.</span> <span class='ocrx_word' id='word_1_36' title='bbox 1095 1223 1213 1291; x_wconf 85' lang='lat' dir='ltr'>Clerus</span> <span class='ocrx_word' id='word_1_37' title='bbox 1229 1229 1388 1308; x_wconf 87' lang='lat' dir='ltr'>sequetur</span> <span class='ocrx_word' id='word_1_38' title='bbox 1403 1222 1649 1289; x_wconf 77' lang='lat' dir='ltr'>subdiaconum</span> 
     </span>
     <span class='ocr_line' id='line_1_7' title="bbox 432 1329 1649 1417; baseline -0.001 -20"><span class='ocrx_word' id='word_1_39' title='bbox 432 1339 617 1417; x_wconf 81' lang='lat' dir='ltr'>gestantem</span> <span class='ocrx_word' id='word_1_40' title='bbox 641 1331 779 1398; x_wconf 83' lang='lat' dir='ltr'>Crucem&#39;</span> <span class='ocrx_word' id='word_1_41' title='bbox 810 1337 844 1395; x_wconf 85' lang='lat' dir='ltr'>et</span> <span class='ocrx_word' id='word_1_42' title='bbox 878 1330 1084 1396; x_wconf 89' lang='lat' dir='ltr'>ordinabitur</span> <span class='ocrx_word' id='word_1_43' title='bbox 1118 1332 1207 1397; x_wconf 87' lang='lat' dir='ltr'>circa</span> <span class='ocrx_word' id='word_1_44' title='bbox 1241 1332 1403 1395; x_wconf 78' lang='lat' dir='ltr'>feretrum</span> <span class='ocrx_word' id='word_1_45' title='bbox 1434 1350 1499 1414; x_wconf 90' lang='lat' dir='ltr'>quo</span> <span class='ocrx_word' id='word_1_46' title='bbox 1529 1329 1649 1396; x_wconf 77' lang='lat' dir='ltr'>ordine</span> 
     </span>
     <span class='ocr_line' id='line_1_8' title="bbox 434 1436 1651 1524; baseline 0 -22"><span class='ocrx_word' id='word_1_47' title='bbox 434 1439 676 1524; x_wconf 86' lang='lat' dir='ltr'>praescriptum</span> <span class='ocrx_word' id='word_1_48' title='bbox 699 1444 750 1503; x_wconf 89' lang='lat' dir='ltr'>est</span> <span class='ocrx_word' id='word_1_49' title='bbox 780 1439 942 1523; x_wconf 89' lang='lat' dir='ltr'>superius.</span> <span class='ocrx_word' id='word_1_50' title='bbox 974 1437 1009 1503; x_wconf 91' lang='lat' dir='ltr'>Si</span> <span class='ocrx_word' id='word_1_51' title='bbox 1039 1437 1183 1502; x_wconf 89' lang='lat' dir='ltr'>cadaver</span> <span class='ocrx_word' id='word_1_52' title='bbox 1213 1436 1254 1502; x_wconf 89' lang='lat' dir='ltr'>ad</span> <span class='ocrx_word' id='word_1_53' title='bbox 1284 1438 1519 1502; x_wconf 87' lang='lat' dir='ltr'>coemeterium</span> <span class='ocrx_word' id='word_1_54' title='bbox 1543 1441 1651 1502; x_wconf 83' lang='lat' dir='ltr'>extra</span> 
     </span>
     <span class='ocr_line' id='line_1_9' title="bbox 435 1542 1653 1619; baseline 0 -10"><span class='ocrx_word' id='word_1_55' title='bbox 435 1545 619 1610; x_wconf 82' lang='lat' dir='ltr'>Ecclesiam</span> <span class='ocrx_word' id='word_1_56' title='bbox 642 1547 686 1609; x_wconf 89' lang='lat' dir='ltr'>sit</span> <span class='ocrx_word' id='word_1_57' title='bbox 708 1544 891 1619; x_wconf 80' lang='lat' dir='ltr'>ferendum,</span> <span class='ocrx_word' id='word_1_58' title='bbox 915 1551 986 1610; x_wconf 91' lang='lat' dir='ltr'>toto</span> <span class='ocrx_word' id='word_1_59' title='bbox 1010 1547 1084 1611; x_wconf 87' lang='lat' dir='ltr'>viae</span> <span class='ocrx_word' id='word_1_60' title='bbox 1107 1544 1288 1610; x_wconf 87' lang='lat' dir='ltr'>intervallo</span> <span class='ocrx_word' id='word_1_61' title='bbox 1311 1544 1351 1609; x_wconf 88' lang='lat' dir='ltr'>ab</span> <span class='ocrx_word' id='word_1_62' title='bbox 1375 1543 1527 1609; x_wconf 82' lang='lat' dir='ltr'>Ecclesia</span> <span class='ocrx_word' id='word_1_63' title='bbox 1542 1542 1584 1608; x_wconf 93' lang='lat' dir='ltr'>ad</span> <span class='ocrx_word' id='word_1_64' title='bbox 1599 1563 1653 1610; x_wconf 88' lang='lat' dir='ltr'>se-</span> 
     </span>
     <span class='ocr_line' id='line_1_10' title="bbox 437 1651 1651 1738; baseline 0.002 -26"><span class='ocrx_word' id='word_1_65' title='bbox 437 1652 607 1736; x_wconf 82' lang='lat' dir='ltr'>pulturam</span> <span class='ocrx_word' id='word_1_66' title='bbox 631 1657 730 1738; x_wconf 91' lang='lat' dir='ltr'>caput</span> <span class='ocrx_word' id='word_1_67' title='bbox 753 1651 859 1716; x_wconf 85' lang='lat' dir='ltr'>bireto</span> <span class='ocrx_word' id='word_1_68' title='bbox 883 1654 1060 1738; x_wconf 85' lang='lat' dir='ltr'>cooperiet,</span> <span class='ocrx_word' id='word_1_69' title='bbox 1085 1652 1170 1735; x_wconf 92' lang='lat' dir='ltr'>quod</span> <span class='ocrx_word' id='word_1_70' title='bbox 1193 1656 1308 1737; x_wconf 85' lang='lat' dir='ltr'>postea</span> <span class='ocrx_word' id='word_1_71' title='bbox 1330 1651 1471 1737; x_wconf 87' lang='lat' dir='ltr'>deponet</span> <span class='ocrx_word' id='word_1_72' title='bbox 1494 1651 1534 1717; x_wconf 89' lang='lat' dir='ltr'>ad</span> <span class='ocrx_word' id='word_1_73' title='bbox 1557 1652 1651 1717; x_wconf 83' lang='lat' dir='ltr'>anti·</span> 
     </span>
     <span class='ocr_line' id='line_1_11' title="bbox 434 1741 1652 1844; baseline 0.003 -22"><span class='ocrx_word' id='word_1_74' title='bbox 434 1759 574 1844; x_wconf 89' lang='lat' dir='ltr'>pbonam</span> <span class='ocrx_word' id='word_1_75' title='bbox 598 1759 673 1844; x_wconf 78' lang='lat' dir='ltr'>Epo</span> <span class='ocrx_word' id='word_1_76' title='bbox 696 1779 775 1825; x_wconf 80' lang='lat' dir='ltr'>sum</span> <span class='ocrx_word' id='word_1_77' title='bbox 797 1764 876 1823; x_wconf 91' lang='lat' dir='ltr'>ante</span> <span class='ocrx_word' id='word_1_78' title='bbox 900 1761 1065 1825; x_wconf 89' lang='lat' dir='ltr'>canticum</span> <span class='ocrx_word' id='word_1_79' title='bbox 1089 1760 1308 1827; x_wconf 77' lang='lat' dir='ltr'>Benedictus.</span> <span class='ocrx_word' id='word_1_80' title='bbox 1648 1741 1652 1748; x_wconf 55' lang='grc'>’</span> 
     </span>
    </p>

    <p class='ocr_par' dir='ltr' id='par_1_5' title="bbox 432 1863 1652 2380">
     <span class='ocr_line' id='line_1_12' title="bbox 521 1863 1652 1943; baseline 0.001 -12"><span class='ocrx_word' id='word_1_81' title='bbox 521 1865 596 1931; x_wconf 86' lang='grc'><strong>220.</strong></span> <span class='ocrx_word' id='word_1_82' title='bbox 621 1863 658 1930; x_wconf 93' lang='lat' dir='ltr'>ln</span> <span class='ocrx_word' id='word_1_83' title='bbox 674 1866 749 1932; x_wconf 87' lang='lat' dir='ltr'>aliis</span> <span class='ocrx_word' id='word_1_84' title='bbox 765 1865 1038 1943; x_wconf 85' lang='lat' dir='ltr'>absolutionibus,</span> <span class='ocrx_word' id='word_1_85' title='bbox 1055 1867 1192 1932; x_wconf 83' lang='lat' dir='ltr'>absente</span> <span class='ocrx_word' id='word_1_86' title='bbox 1209 1866 1380 1943; x_wconf 82' lang='lat' dir='ltr'>cadavere,</span> <span class='ocrx_word' id='word_1_87' title='bbox 1398 1868 1424 1931; x_wconf 89' lang='lat' dir='ltr'>si</span> <span class='ocrx_word' id='word_1_88' title='bbox 1441 1865 1561 1932; x_wconf 88' lang='lat' dir='ltr'>lectica</span> <span class='ocrx_word' id='word_1_89' title='bbox 1577 1867 1652 1932; x_wconf 86' lang='lat' dir='ltr'>sive</span> 
     </span>
     <span class='ocr_line' id='line_1_13' title="bbox 432 1971 1649 2059; baseline 0.001 -21"><span class='ocrx_word' id='word_1_90' title='bbox 432 1972 582 2038; x_wconf 88' lang='lat' dir='ltr'>tumulus</span> <span class='ocrx_word' id='word_1_91' title='bbox 606 1974 689 2038; x_wconf 88' lang='lat' dir='ltr'>situs</span> <span class='ocrx_word' id='word_1_92' title='bbox 712 1974 756 2037; x_wconf 89' lang='lat' dir='ltr'>sit</span> <span class='ocrx_word' id='word_1_93' title='bbox 778 1974 811 2038; x_wconf 91' lang='lat' dir='ltr'>in</span> <span class='ocrx_word' id='word_1_94' title='bbox 836 1973 1043 2059; x_wconf 86' lang='lat' dir='ltr'>presbyterio</span> <span class='ocrx_word' id='word_1_95' title='bbox 1066 1980 1125 2039; x_wconf 89' lang='lat' dir='ltr'>aut</span> <span class='ocrx_word' id='word_1_96' title='bbox 1148 1976 1182 2037; x_wconf 92' lang='lat' dir='ltr'>in</span> <span class='ocrx_word' id='word_1_97' title='bbox 1207 1974 1318 2048; x_wconf 88' lang='lat' dir='ltr'>choro,</span> <span class='ocrx_word' id='word_1_98' title='bbox 1354 1972 1537 2038; x_wconf 87' lang='lat' dir='ltr'>remanebit</span> <span class='ocrx_word' id='word_1_99' title='bbox 1570 1971 1649 2039; x_wconf 88' lang='lat' dir='ltr'>loco</span> 
     </span>
     <span class='ocr_line' id='line_1_14' title="bbox 436 2076 1651 2164; baseline 0 -20"><span class='ocrx_word' id='word_1_100' title='bbox 436 2080 658 2164; x_wconf 87' lang='lat' dir='ltr'>unusquisque</span> <span class='ocrx_word' id='word_1_101' title='bbox 682 2099 741 2144; x_wconf 93' lang='lat' dir='ltr'>suo</span> <span class='ocrx_word' id='word_1_102' title='bbox 766 2086 799 2144; x_wconf 90' lang='lat' dir='ltr'>et</span> <span class='ocrx_word' id='word_1_103' title='bbox 822 2080 947 2145; x_wconf 85' lang='lat' dir='ltr'>sedebit</span> <span class='ocrx_word' id='word_1_104' title='bbox 970 2080 1011 2144; x_wconf 88' lang='lat' dir='ltr'>ad</span> <span class='ocrx_word' id='word_1_105' title='bbox 1035 2090 1071 2161; x_wconf 70' lang='lat' dir='ltr'>rt.</span> <span class='ocrx_word' id='word_1_106' title='bbox 1096 2076 1300 2148; x_wconf 77' lang='lat' dir='ltr'>Libera&#39;me</span> <span class='ocrx_word' id='word_1_107' title='bbox 1323 2080 1476 2147; x_wconf 78' lang='lat' dir='ltr'>Domine.</span> <span class='ocrx_word' id='word_1_108' title='bbox 1502 2079 1596 2154; x_wconf 89' lang='lat' dir='ltr'>Quod</span> <span class='ocrx_word' id='word_1_109' title='bbox 1621 2081 1651 2145; x_wconf 86' lang='lat' dir='ltr'>si</span> 
     </span>
     <span class='ocr_line' id='line_1_15' title="bbox 433 2185 1651 2264; baseline 0.001 -13"><span class='ocrx_word' id='word_1_110' title='bbox 433 2186 582 2251; x_wconf 88' lang='lat' dir='ltr'>tumulus</span> <span class='ocrx_word' id='word_1_111' title='bbox 605 2188 650 2252; x_wconf 92' lang='lat' dir='ltr'>sit</span> <span class='ocrx_word' id='word_1_112' title='bbox 672 2195 771 2251; x_wconf 81' lang='lat' dir='ltr'>extra</span> <span class='ocrx_word' id='word_1_113' title='bbox 794 2186 922 2264; x_wconf 75' lang='lat' dir='ltr'>Altam,</span> <span class='ocrx_word' id='word_1_114' title='bbox 947 2188 1082 2253; x_wconf 89' lang='lat' dir='ltr'>accedet</span> <span class='ocrx_word' id='word_1_115' title='bbox 1105 2188 1146 2253; x_wconf 89' lang='lat' dir='ltr'>ad</span> <span class='ocrx_word' id='word_1_116' title='bbox 1169 2188 1265 2253; x_wconf 91' lang='lat' dir='ltr'>illum</span> <span class='ocrx_word' id='word_1_117' title='bbox 1290 2187 1411 2254; x_wconf 86' lang='lat' dir='ltr'>Clerus</span> <span class='ocrx_word' id='word_1_118' title='bbox 1437 2185 1553 2254; x_wconf 89' lang='lat' dir='ltr'>ordine</span> <span class='ocrx_word' id='word_1_119' title='bbox 1587 2207 1651 2252; x_wconf 90' lang='lat' dir='ltr'>su-</span> 
     </span>
     <span class='ocr_line' id='line_1_16' title="bbox 433 2293 721 2380; baseline 0.003 -23"><span class='ocrx_word' id='word_1_120' title='bbox 433 2295 544 2380; x_wconf 90' lang='lat' dir='ltr'>perius</span> <span class='ocrx_word' id='word_1_121' title='bbox 568 2293 721 2358; x_wconf 88' lang='lat' dir='ltr'>indicato.</span> 
     </span>
    </p>

    <p class='ocr_par' dir='ltr' id='par_1_6' title="bbox 415 2402 1650 2576">
     <span class='ocr_line' id='line_1_17' title="bbox 520 2402 1650 2489; baseline 0.004 -24"><span class='ocrx_word' id='word_1_122' title='bbox 520 2402 594 2466; x_wconf 81' lang='grc'><strong>221.</strong></span> <span class='ocrx_word' id='word_1_123' title='bbox 620 2403 657 2466; x_wconf 95' lang='lat' dir='ltr'>ln</span> <span class='ocrx_word' id='word_1_124' title='bbox 681 2402 790 2468; x_wconf 88' lang='lat' dir='ltr'>reditu</span> <span class='ocrx_word' id='word_1_125' title='bbox 819 2402 860 2467; x_wconf 89' lang='lat' dir='ltr'>ad</span> <span class='ocrx_word' id='word_1_126' title='bbox 890 2402 1081 2469; x_wconf 85' lang='lat' dir='ltr'>Sacristiam</span> <span class='ocrx_word' id='word_1_127' title='bbox 1112 2404 1343 2470; x_wconf 81' lang='lat' dir='ltr'>observabitur</span> <span class='ocrx_word' id='word_1_128' title='bbox 1376 2403 1550 2470; x_wconf 88' lang='lat' dir='ltr'>methodus</span> <span class='ocrx_word' id='word_1_129' title='bbox 1585 2423 1650 2489; x_wconf 88' lang='lat' dir='ltr'>pro</span> 
     </span>
     <span class='ocr_line' id='line_1_18' title="bbox 415 2509 911 2576; baseline -0.002 -2"><span class='ocrx_word' id='word_1_130' title='bbox 415 2511 505 2575; x_wconf 87' lang='lat' dir='ltr'>-aliis</span> <span class='ocrx_word' id='word_1_131' title='bbox 528 2510 755 2576; x_wconf 87' lang='lat' dir='ltr'>functionibus</span> <span class='ocrx_word' id='word_1_132' title='bbox 777 2509 911 2574; x_wconf 84' lang='lat' dir='ltr'>tradita.</span> 
     </span>
    </p>
   </div>
   <div class='ocr_carea' id='block_1_3' title="bbox 626 2744 1504 3048">
    <p class='ocr_par' dir='ltr' id='par_1_7' title="bbox 626 2744 1504 3048">
     <span class='ocr_line' id='line_1_19' title="bbox 668 2744 1408 2802; baseline -0.001 -1"><span class='ocrx_word' id='word_1_133' title='bbox 668 2746 745 2801; x_wconf 84' lang='lat' dir='ltr'>PRO</span> <span class='ocrx_word' id='word_1_134' title='bbox 766 2744 1060 2801; x_wconf 85' lang='lat' dir='ltr'>FUNCTlONlBUS</span> <span class='ocrx_word' id='word_1_135' title='bbox 1081 2744 1408 2802; x_wconf 78' lang='lat' dir='ltr'>PONTIFICALIBUS</span> 
     </span>
     <span class='ocr_line' id='line_1_20' title="bbox 626 2921 1504 3048; baseline -0.003 -37"><span class='ocrx_word' id='word_1_136' title='bbox 626 2954 657 3028; x_wconf 54' lang='lat'>5¹.</span> <span class='ocrx_word' id='word_1_137' title='bbox 681 2943 734 3009; x_wconf 83' lang='grc'><strong>23.</strong></span> <span class='ocrx_word' id='word_1_138' title='bbox 760 2945 804 3009; x_wconf 79' lang='lat' dir='ltr'>In</span> <span class='ocrx_word' id='word_1_139' title='bbox 827 2964 971 3011; x_wconf 76' lang='lat' dir='ltr'>accesso</span> <span class='ocrx_word' id='word_1_140' title='bbox 993 2943 1162 3048; x_wconf 77' lang='lat' dir='ltr'>Episcopi</span> <span class='ocrx_word' id='word_1_141' title='bbox 1183 2944 1230 3009; x_wconf 87' lang='lat' dir='ltr'>ad</span> <span class='ocrx_word' id='word_1_142' title='bbox 1252 2943 1453 3010; x_wconf 83' lang='lat' dir='ltr'>Ecclesiam.</span> <span class='ocrx_word' id='word_1_143' title='bbox 1494 2921 1504 2940; x_wconf 64' lang='lat'>⁸</span> 
     </span>
    </p>
   </div>
   <div class='ocr_carea' id='block_1_4' title="bbox 393 3157 1720 4191">
    <p class='ocr_par' dir='ltr' id='par_1_8' title="bbox 432 3157 1652 3460">
     <span class='ocr_line' id='line_1_21' title="bbox 520 3157 1652 3247; baseline 0.001 -23"><span class='ocrx_word' id='word_1_144' title='bbox 520 3161 594 3225; x_wconf 90' lang='grc'><strong>222.</strong></span> <span class='ocrx_word' id='word_1_145' title='bbox 620 3161 726 3236; x_wconf 87' lang='lat' dir='ltr'>Quum</span> <span class='ocrx_word' id='word_1_146' title='bbox 751 3157 934 3247; x_wconf 85' lang='lat' dir='ltr'>Episcopus</span> <span class='ocrx_word' id='word_1_147' title='bbox 957 3160 997 3225; x_wconf 92' lang='lat' dir='ltr'>ad</span> <span class='ocrx_word' id='word_1_148' title='bbox 1026 3167 1155 3247; x_wconf 88' lang='lat' dir='ltr'>portam</span> <span class='ocrx_word' id='word_1_149' title='bbox 1187 3160 1358 3225; x_wconf 83' lang='lat' dir='ltr'>Ecclesiae</span> <span class='ocrx_word' id='word_1_150' title='bbox 1391 3169 1545 3246; x_wconf 85' lang='lat' dir='ltr'>asperget</span> <span class='ocrx_word' id='word_1_151' title='bbox 1577 3161 1652 3225; x_wconf 83' lang='lat' dir='ltr'>cir·</span> 
     </span>
     <span class='ocr_line' id='line_1_22' title="bbox 432 3265 1649 3344; baseline 0 -12"><span class='ocrx_word' id='word_1_152' title='bbox 432 3273 645 3344; x_wconf 87' lang='lat' dir='ltr'>cumstantes,</span> <span class='ocrx_word' id='word_1_153' title='bbox 669 3266 875 3333; x_wconf 86' lang='lat' dir='ltr'>Beneficiarii</span> <span class='ocrx_word' id='word_1_154' title='bbox 898 3275 957 3334; x_wconf 90' lang='lat' dir='ltr'>aut</span> <span class='ocrx_word' id='word_1_155' title='bbox 979 3268 1194 3334; x_wconf 82' lang='lat' dir='ltr'>Mansionarii</span> <span class='ocrx_word' id='word_1_156' title='bbox 1219 3274 1253 3332; x_wconf 88' lang='lat' dir='ltr'>et</span> <span class='ocrx_word' id='word_1_157' title='bbox 1282 3267 1396 3333; x_wconf 86' lang='lat' dir='ltr'>clerici</span> <span class='ocrx_word' id='word_1_158' title='bbox 1426 3266 1466 3331; x_wconf 89' lang='lat' dir='ltr'>ad</span> <span class='ocrx_word' id='word_1_159' title='bbox 1497 3265 1649 3332; x_wconf 85' lang='lat' dir='ltr'>eamdem</span> 
     </span>
     <span class='ocr_line' id='line_1_23' title="bbox 432 3372 914 3460; baseline -0.002 -21"><span class='ocrx_word' id='word_1_160' title='bbox 432 3377 656 3460; x_wconf 88' lang='lat' dir='ltr'>aspersionem</span> <span class='ocrx_word' id='word_1_161' title='bbox 679 3372 914 3460; x_wconf 79' lang='lat' dir='ltr'>genuflectent.</span> 
     </span>
    </p>

    <p class='ocr_par' dir='ltr' id='par_1_9' title="bbox 393 3479 1720 3781">
     <span class='ocr_line' id='line_1_24' title="bbox 393 3479 1720 3572; baseline -0.001 -24"><span class='ocrx_word' id='word_1_162' title='bbox 393 3479 396 3489; x_wconf 86' lang='lat'>&#39;</span> <span class='ocrx_word' id='word_1_163' title='bbox 519 3482 594 3548; x_wconf 88' lang='grc'><strong>223.</strong></span> <span class='ocrx_word' id='word_1_164' title='bbox 618 3482 734 3547; x_wconf 90' lang='lat' dir='ltr'>Itidem</span> <span class='ocrx_word' id='word_1_165' title='bbox 757 3482 834 3547; x_wconf 91' lang='lat' dir='ltr'>dum</span> <span class='ocrx_word' id='word_1_166' title='bbox 850 3481 1214 3571; x_wconf 81' lang='lat' dir='ltr'>Episcopustransiens</span> <span class='ocrx_word' id='word_1_167' title='bbox 1233 3485 1320 3547; x_wconf 86' lang='lat' dir='ltr'>inter</span> <span class='ocrx_word' id='word_1_168' title='bbox 1337 3484 1423 3568; x_wconf 88' lang='lat' dir='ltr'>ipsos</span> <span class='ocrx_word' id='word_1_169' title='bbox 1439 3482 1650 3566; x_wconf 83' lang='lat' dir='ltr'>ingredietur</span> <span class='ocrx_word' id='word_1_170' title='bbox 1715 3563 1720 3572; x_wconf 22' lang='grc' dir='ltr'>ι</span> 
     </span>
     <span class='ocr_line' id='line_1_25' title="bbox 433 3586 1666 3675; baseline 0.002 -22"><span class='ocrx_word' id='word_1_171' title='bbox 433 3589 617 3654; x_wconf 89' lang='lat' dir='ltr'>Ecclesiam</span> <span class='ocrx_word' id='word_1_172' title='bbox 642 3595 676 3654; x_wconf 90' lang='lat' dir='ltr'>et</span> <span class='ocrx_word' id='word_1_173' title='bbox 699 3590 782 3654; x_wconf 91' lang='lat' dir='ltr'>bene</span> <span class='ocrx_word' id='word_1_174' title='bbox 805 3592 971 3675; x_wconf 89' lang='lat' dir='ltr'>precantis</span> <span class='ocrx_word' id='word_1_175' title='bbox 995 3592 1125 3674; x_wconf 84' lang='lat' dir='ltr'>signum</span> <span class='ocrx_word' id='word_1_176' title='bbox 1149 3610 1249 3675; x_wconf 88' lang='lat' dir='ltr'>super</span> <span class='ocrx_word' id='word_1_177' title='bbox 1272 3609 1328 3653; x_wconf 86' lang='lat' dir='ltr'>eos</span> <span class='ocrx_word' id='word_1_178' title='bbox 1351 3590 1461 3660; x_wconf 79' lang='lat' dir='ltr'>faciet..</span> <span class='ocrx_word' id='word_1_179' title='bbox 1492 3586 1666 3675; x_wconf 58' lang='lat' dir='ltr'>genufle&#39;</span> 
     </span>
     <span class='ocr_line' id='line_1_26' title="bbox 431 3694 873 3781; baseline -0.002 -21"><span class='ocrx_word' id='word_1_180' title='bbox 431 3701 523 3760; x_wconf 90' lang='lat' dir='ltr'>ctent</span> <span class='ocrx_word' id='word_1_181' title='bbox 545 3715 662 3760; x_wconf 89' lang='lat' dir='ltr'>versus</span> <span class='ocrx_word' id='word_1_182' title='bbox 685 3697 792 3780; x_wconf 92' lang='lat' dir='ltr'>ipsum</span> <span class='ocrx_word' id='word_1_183' title='bbox 815 3694 873 3781; x_wconf 84' lang='lat' dir='ltr'>(a).</span> 
     </span>
    </p>

    <p class='ocr_par' dir='ltr' id='par_1_10' title="bbox 431 3801 1649 4191">
     <span class='ocr_line' id='line_1_27' title="bbox 519 3801 1649 3898; baseline 0.004 -32"><span class='ocrx_word' id='word_1_184' title='bbox 519 3801 594 3866; x_wconf 87' lang='grc'><strong>224.</strong></span> <span class='ocrx_word' id='word_1_185' title='bbox 618 3801 669 3898; x_wconf 81' lang='lat' dir='ltr'>Ad</span> <span class='ocrx_word' id='word_1_186' title='bbox 693 3802 802 3867; x_wconf 87' lang='lat' dir='ltr'>altare</span> <span class='ocrx_word' id='word_1_187' title='bbox 826 3802 882 3868; x_wconf 89' lang='lat' dir='ltr'>SS.</span> <span class='ocrx_word' id='word_1_188' title='bbox 908 3804 1113 3870; x_wconf 88' lang='lat' dir='ltr'>Sacramenti</span> <span class='ocrx_word' id='word_1_189' title='bbox 1137 3805 1332 3870; x_wconf 88' lang='lat' dir='ltr'>submittent</span> <span class='ocrx_word' id='word_1_190' title='bbox 1355 3824 1464 3890; x_wconf 81' lang='lat' dir='ltr'>genua</span> <span class='ocrx_word' id='word_1_191' title='bbox 1480 3811 1554 3890; x_wconf 89' lang='lat' dir='ltr'>post</span> <span class='ocrx_word' id='word_1_192' title='bbox 1570 3805 1649 3891; x_wconf 91' lang='lat' dir='ltr'>Epi-</span> 
     </span>
     <span class='ocr_line' id='line_1_28' title="bbox 431 3908 1648 3996; baseline 0.003 -23"><span class='ocrx_word' id='word_1_193' title='bbox 431 3928 574 3995; x_wconf 86' lang='lat' dir='ltr'>scopum,</span> <span class='ocrx_word' id='word_1_194' title='bbox 599 3911 784 3993; x_wconf 89' lang='lat' dir='ltr'>iterumque</span> <span class='ocrx_word' id='word_1_195' title='bbox 806 3908 1073 3994; x_wconf 82' lang='lat' dir='ltr'>genuflexionem</span> <span class='ocrx_word' id='word_1_196' title='bbox 1098 3912 1148 3976; x_wconf 92' lang='lat' dir='ltr'>illi</span> <span class='ocrx_word' id='word_1_197' title='bbox 1172 3911 1306 3989; x_wconf 85' lang='lat' dir='ltr'>facient,</span> <span class='ocrx_word' id='word_1_198' title='bbox 1324 3932 1423 3996; x_wconf 91' lang='lat' dir='ltr'>quum</span> <span class='ocrx_word' id='word_1_199' title='bbox 1447 3911 1648 3977; x_wconf 87' lang='lat' dir='ltr'>benedictio-</span> 
     </span>
     <span class='ocr_line' id='line_1_29' title="bbox 433 4017 1645 4108; baseline 0.003 -28"><span class='ocrx_word' id='word_1_200' title='bbox 433 4036 507 4081; x_wconf 84' lang='lat' dir='ltr'>nem</span> <span class='ocrx_word' id='word_1_201' title='bbox 530 4017 607 4102; x_wconf 89' lang='lat' dir='ltr'>ipsis</span> <span class='ocrx_word' id='word_1_202' title='bbox 632 4018 841 4102; x_wconf 87' lang='lat' dir='ltr'>impertietur</span> <span class='ocrx_word' id='word_1_203' title='bbox 864 4020 1030 4083; x_wconf 86' lang='lat' dir='ltr'>transiens</span> <span class='ocrx_word' id='word_1_204' title='bbox 1055 4039 1114 4106; x_wconf 88' lang='lat' dir='ltr'>per</span> <span class='ocrx_word' id='word_1_205' title='bbox 1138 4019 1277 4084; x_wconf 89' lang='lat' dir='ltr'>medium</span> <span class='ocrx_word' id='word_1_206' title='bbox 1312 4038 1427 4083; x_wconf 88' lang='lat' dir='ltr'>eorum</span> <span class='ocrx_word' id='word_1_207' title='bbox 1462 4020 1571 4108; x_wconf 71' lang='lat' dir='ltr'>iturus</span> <span class='ocrx_word' id='word_1_208' title='bbox 1603 4018 1645 4084; x_wconf 88' lang='lat' dir='ltr'>ad</span> 
     </span>
     <span class='ocr_line' id='line_1_30' title="bbox 433 4122 1154 4191; baseline 0.008 -6"><span class='ocrx_word' id='word_1_209' title='bbox 433 4122 549 4187; x_wconf 86' lang='lat' dir='ltr'>Altare</span> <span class='ocrx_word' id='word_1_210' title='bbox 573 4123 749 4186; x_wconf 82' lang='lat' dir='ltr'>maximum</span> <span class='ocrx_word' id='word_1_211' title='bbox 773 4123 895 4187; x_wconf 83' lang='lat' dir='ltr'>autad</span> <span class='ocrx_word' id='word_1_212' title='bbox 920 4123 1154 4191; x_wconf 88' lang='lat' dir='ltr'>Secretarium.</span> 
     </span>
    </p>
   </div>
   <div class='ocr_carea' id='block_1_5' title="bbox 432 4373 1645 4616">
    <p class='ocr_par' dir='ltr' id='par_1_11' title="bbox 432 4373 1645 4616">
     <span class='ocr_line' id='line_1_31' title="bbox 501 4373 1645 4454; baseline 0.009 -23"><span class='ocrx_word' id='word_1_213' title='bbox 501 4374 543 4442; x_wconf 84' lang='lat' dir='ltr'>(a)</span> <span class='ocrx_word' id='word_1_214' title='bbox 562 4373 594 4430; x_wconf 92' lang='lat' dir='ltr'>In</span> <span class='ocrx_word' id='word_1_215' title='bbox 613 4373 818 4446; x_wconf 88' lang='lat' dir='ltr'>praesentibus</span> <span class='ocrx_word' id='word_1_216' title='bbox 837 4375 1083 4436; x_wconf 81' lang='lat' dir='ltr'>instructionibus.</span> <span class='ocrx_word' id='word_1_217' title='bbox 1102 4395 1189 4452; x_wconf 88' lang='lat' dir='ltr'>quum</span> <span class='ocrx_word' id='word_1_218' title='bbox 1210 4379 1397 4437; x_wconf 83' lang='lat' dir='ltr'>docuerimus</span> <span class='ocrx_word' id='word_1_219' title='bbox 1410 4381 1498 4439; x_wconf 86' lang='lat' dir='ltr'>Clero</span> <span class='ocrx_word' id='word_1_220' title='bbox 1512 4399 1578 4438; x_wconf 77' lang='lat' dir='ltr'>esse</span> <span class='ocrx_word' id='word_1_221' title='bbox 1592 4400 1645 4454; x_wconf 83' lang='lat' dir='ltr'>ge-</span> 
     </span>
     <span class='ocr_line' id='line_1_32' title="bbox 432 4461 1644 4540; baseline 0.012 -25"><span class='ocrx_word' id='word_1_222' title='bbox 432 4461 648 4519; x_wconf 84' lang='lat' dir='ltr'>nuflectendum</span> <span class='ocrx_word' id='word_1_223' title='bbox 668 4471 736 4519; x_wconf 88' lang='lat' dir='ltr'>anto</span> <span class='ocrx_word' id='word_1_224' title='bbox 755 4463 858 4520; x_wconf 80' lang='lat' dir='ltr'>Altare</span> <span class='ocrx_word' id='word_1_225' title='bbox 878 4471 907 4520; x_wconf 89' lang='lat' dir='ltr'>ot</span> <span class='ocrx_word' id='word_1_226' title='bbox 926 4465 1111 4539; x_wconf 88' lang='lat' dir='ltr'>Episcopum,</span> <span class='ocrx_word' id='word_1_227' title='bbox 1132 4468 1350 4540; x_wconf 81' lang='lat' dir='ltr'>intelligendum</span> <span class='ocrx_word' id='word_1_228' title='bbox 1371 4481 1413 4527; x_wconf 79' lang='lat' dir='ltr'>ost</span> <span class='ocrx_word' id='word_1_229' title='bbox 1429 4472 1465 4528; x_wconf 85' lang='lat' dir='ltr'>de</span> <span class='ocrx_word' id='word_1_230' title='bbox 1480 4472 1644 4530; x_wconf 81' lang='lat' dir='ltr'>Beneficia·</span> 
     </span>
     <span class='ocr_line' id='line_1_33' title="bbox 432 4549 1322 4616; baseline 0.011 -12"><span class='ocrx_word' id='word_1_231' title='bbox 432 4549 489 4613; x_wconf 85' lang='lat' dir='ltr'>riis,</span> <span class='ocrx_word' id='word_1_232' title='bbox 509 4552 724 4613; x_wconf 76' lang='lat' dir='ltr'>Mansionariis,</span> <span class='ocrx_word' id='word_1_233' title='bbox 744 4565 771 4610; x_wconf 86' lang='lat' dir='ltr'>et</span> <span class='ocrx_word' id='word_1_234' title='bbox 791 4553 915 4611; x_wconf 80' lang='lat' dir='ltr'>clericis.</span> <span class='ocrx_word' id='word_1_235' title='bbox 935 4573 991 4610; x_wconf 91' lang='lat' dir='ltr'>non</span> <span class='ocrx_word' id='word_1_236' title='bbox 1012 4557 1138 4612; x_wconf 82' lang='lat' dir='ltr'>veredo</span> <span class='ocrx_word' id='word_1_237' title='bbox 1158 4558 1322 4616; x_wconf 79' lang='lat' dir='ltr'>canonicis.</span> 
     </span>
    </p>
   </div>
   <div class='ocr_carea' id='block_1_6' title="bbox 0 0 2092 5717">
    <p class='ocr_par' dir='ltr' id='par_1_12' title="bbox 0 0 2092 5717">
     <span class='ocr_line' id='line_1_34' title="bbox 0 0 2092 5717; baseline 0 0"><span class='ocrx_word' id='word_1_238' title='bbox 0 0 2092 5717; x_wconf 95' lang='lat' dir='ltr'> </span> 
     </span>
    </p>
   </div>
  </div>
 </body>
</html>
