4175 5717
521 713 587 780 222
984 736 1051 788 uls.
1076 737 1098 782 1.

430 846 586 926 assurget
607 845 644 907 et
666 841 768 908 stabit
789 841 897 908 donec
919 843 1051 929 signum
1074 845 1106 910 ei
1128 841 1187 910 flet
1209 845 1244 910 in
1260 845 1484 933 processionis
1501 845 1657 912 ordinem

433 935 672 1036 proficiscendi.
1404 977 1408 988 ·

518 1057 594 1122 344.
619 1054 670 1121 Ad
695 1053 954 1122 caeremoniarii
977 1062 1096 1124 nutum
1118 1056 1390 1145 genuflexionem
1416 1060 1518 1128 cruci
1541 1061 1657 1141 199191,

429 1171 539 1232 sumet
561 1165 705 1231 biretum
730 1165 939 1234 Celebrantis
962 1165 1059 1252 eique
1083 1166 1204 1246 tradet,
1227 1169 1369 1253 accipiet
1398 1188 1496 1235 sunm
1528 1173 1566 1236 et
1595 1187 1658 1238 ca-

431 1279 491 1361 put
513 1275 692 1359 cooperiet.
717 1273 754 1338 ln
779 1275 991 1360 processione
1025 1273 1171 1342 adstabit
1201 1274 1393 1342 celebranti
1427 1275 1656 1356 dextrorsum,

430 1384 525 1469 eique
549 1379 709 1449 fimbriam
732 1380 893 1466 pluvialis
915 1381 1103 1447 sustinebit.

520 1490 595 1556 345.
621 1489 655 1554 Si
679 1510 744 1575 qua
766 1491 801 1554 in
825 1489 977 1556 Ecclesia
993 1491 1095 1555 statio
1111 1487 1168 1556 flet
1183 1493 1217 1556 in
1234 1492 1364 1568 itinere,
1382 1491 1469 1578 quod
1485 1493 1658 1580 processio

434 1602 622 1683 percurret,
645 1616 747 1681 quum
769 1594 810 1662 ad
834 1597 955 1663 Altera
978 1596 1161 1674 devenerit
1186 1597 1324 1664 nudabit
1345 1605 1455 1686 caput
1481 1599 1658 1666 caeremo-

433 1707 541 1771 niario
563 1705 708 1772 biretum
732 1723 829 1769 suum
852 1707 968 1792 primo,
992 1705 1111 1772 deinde
1145 1707 1290 1773 alterum
1324 1728 1344 1772 a
1372 1706 1574 1774 celebrante
1603 1725 1660 1774 ac·

434 1819 566 1900 ceptum
588 1811 710 1890 tradet,
734 1818 768 1878 et
791 1817 867 1896 post
890 1812 974 1878 haec
996 1810 1265 1902 genuflexionem
1289 1814 1331 1881 ad
1353 1815 1473 1882 Altnre
1496 1811 1628 1882 efficiet.

522 1921 597 1988 346.
622 1922 706 1987 Dum
730 1920 915 2007 antiphona
937 1921 979 1986 dc
1003 1921 1126 1988 Sancto
1150 1922 1299 1989 Patrono
1323 1942 1382 1989 seu
1399 1921 1661 2006 ’111419τὶ9949-

434 2036 502 2107 tur,
527 2036 617 2095 stare
640 2035 768 2116 perget,
793 2036 909 2116 postea
932 2029 1123 2095 Celebranti
1146 2032 1330 2097 orationem
1354 2031 1574 2118 respectivam
1596 2047 1660 2096 ca-

355 2133 359 2140 ’
436 2138 528 2203 nenti
552 2137 676 2202 librum
699 2137 797 2202 laeva
821 2134 1009 2202 sustinebit.
1035 2136 1119 2203 'l'um
1142 2134 1410 2223 genuflexionem
1434 2133 1660 2214 iterabit-bi·

437 2251 545 2310 retum
570 2243 759 2309 Celebranti
783 2242 909 2320 reddet,
933 2263 1059 2328 suoque
1083 2250 1218 2331 recepto
1234 2251 1334 2332 caput
1349 2249 1451 2330 teget,
1468 2244 1661 2330 iterumque

436 2354 469 2418 in
493 2351 713 2438 processionis
737 2350 887 2417 ordinem
911 2371 946 2418 se
969 2351 1103 2417 locabit.

524 2462 600 2528 347.
626 2460 737 2536 Quum
761 2460 803 2527 ad
826 2457 1021 2537 Ecclesiam,
1046 2461 1080 2524 in
1104 2478 1169 2544 qua
1192 2457 1266 2525 finis
1289 2457 1356 2538 flet,
1380 2461 1549 2548 processio
1579 2479 1662 2548 per-
1691 2455 1695 2464 ’

435 2571 575 2646 venerit,
600 2574 700 2657 caput
724 2568 864 2635 nudabit
885 2573 965 2634 ante
988 2566 1119 2646 Altera,
1143 2569 1294 2660 biretum
1327 2568 1537 2636 celebrantis
1568 2570 1663 2636 acci·

436 2679 504 2764 piet
527 2683 562 2742 et
585 2676 854 2744 caeremoniario
875 2675 998 2752 tradet,
1022 2672 1288 2761 genuflexionem
1311 2676 1423 2753 faciet,
1447 2695 1490 2743 99
1518 2675 1662 2764 genibus

436 2783 532 2850 flexis
556 2792 670 2872 postea
693 2783 838 2851 manebit
871 2787 907 2852 in
937 2782 1044 2869 gradu
1079 2781 1192 2849 intimo
1227 2783 1306 2850 dum
1337 2803 1453 2872 preces
1483 2789 1661 2852 canentur.

437 2893 573 2958 Librum
597 2891 789 2961 celebranti
813 2891 911 2957 laeva
933 2890 1123 2957 sustinebit.

525 3001 600 3066 348.
627 3000 734 3066 Gantu
757 3000 905 3064 omniurn
938 3018 1075 3086 precum
1107 2999 1274 3077 absoluto,
1305 3007 1471 3088 assurget,
1505 2997 1663 3087 genufle-

438 3111 571 3175 xionem
594 3106 635 3174 ad
657 3109 777 3177 Α11949
801 3110 945 3186 iterabit,
970 3109 1162 3176 celebranti
1186 3108 1304 3176 reddet
1320 3109 1475 3189 biretum,
1495 3129 1593 3177 suum
1609 3127 1663 3176 re-

439 3220 547 3306 cipiet,
571 3225 672 3304 atque
695 3217 809 3284 eodem
833 3215 959 3297 ordine,
983 3237 1081 3304 quem
1105 3219 1139 3283 in
1162 3238 1310 3286 accessu·
1324 3219 1570 3305 descripsimus,
1586 3235 1664 3304 qra-

438 3327 516 3392 dum
540 3326 667 3392 4919491
690 3325 731 3390 ad
755 3327 949 3404 sacrarium,
975 3328 1032 3393 uhi
1054 3346 1151 3392 sacra
1175 3329 1375 3393 vestimenta
1397 3325 1559 3392 demittet.

535 3434 610 3499 349.
636 3434 670 3500 Si
694 3434 727 3498 in
752 3434 854 3502 Missa
877 3434 1017 3502 solemni
1041 3438 1106 3503 erit
1136 3436 1398 3513 ministraturus,
1432 3439 1593 3517 sequetur
1624 3451 1665 3499 ea

338 3571 342 3576 ·
442 3562 527 3627 qnae
550 3563 610 3630 pro
635 3544 698 3609 hac
721 3544 893 3611 functione
917 3546 981 3610 iam
1003 3544 1129 3610 tradita
1151 3552 1239 3611 sunt.

529 3652 604 3718 350.
629 3652 751 3718 Eadem
775 3652 929 3719 methodo
952 3660 1067 3720 utetur
1090 3654 1124 3718 in
1148 3654 1187 3719 iis
1211 3651 1476 3739 processionibus
1500 3656 1660 3717 extraor-

439 3759 586 3837 dinariis,
611 3780 694 3845 quae
718 3782 778 3847 pro
800 3761 912 3847 aliqua
935 3762 1069 3849 publica
1091 3764 1291 3829 necessitate
1320 3761 1361 3828 ab
1385 3761 1548 3847 Episcopo
1571 3757 1660 3826 indi·

442 3872 571 3934 centur.

530 3975 606 4041 351.
630 3975 664 4042 si
688 3994 772 4062 quae
794 3995 910 4042 sacrae
930 3977 1104 4062 Reliquiae
1126 3997 1147 4044 a
1170 3977 1370 4044 Celebrante
1393 3977 1426 4043 in
1448 3973 1661 4063 processione

442 4085 604 4161 ferentur,
629 4083 792 4149 Diaconos
816 4103 916 4169 quum
941 4088 1073 4152 venerit
1094 4085 1137 4152 ad
1160 4085 1289 4163 Altare,
1313 4085 1404 4150 19919
1435 4083 1577 4171 primum
1600 4101 1662 4169 qe-

443 4190 642 4269 44194949,
666 4193 844 4285 incensum·
861 4190 1051 4260 celebranti
1075 4212 1150 4260 curn
1174 4194 1304 4258 usitatis
1320 4191 1444 4259 osculis
1460 4189 1663 4256 ministrabit
1703 4267 1705 4272 ¹

444 4307 478 4366 91
509 4307 600 4386 petet
625 4300 665 4365 ab
696 4321 736 4367 eo
765 4298 1036 4367 benedictionem.
1062 4302 1175 4367 Thura
1202 4322 1222 4366 a
1253 4299 1452 4367 Celebrante
1482 4298 1588 4385 posito
1621 4315 1662 4363 99

444 4408 617 4476 benedicto
633 4391 667 4477 in
683 4409 865 4486 thuribulo,
882 4410 1021 4495 accipiet
1035 4430 1056 4475 a
1071 4410 1289 4476 thuriferario
1311 4405 1521 4474 tb'uribulum
1545 4407 1661 4492 ipsum,

444 4515 530 4601 quod
559 4517 750 4584 Celebranti
780 4515 906 4593 ualet,
938 4523 972 4583 91
1001 4515 1162 4583 fimbriam
1191 4515 1365 4584 dexteram
1398 4513 1556 4601 pluvialis
1589 4513 1663 4580 eius

445 4624 632 4708 sustinebit,
654 4627 732 4693 dnm
755 4645 869 4692 sacras
892 4625 1063 4710 Reliquias
1086 4625 1241 4692 adolebit.
1259 4627 1441 4711 Receptum
1464 4624 1504 4691 ab
1528 4643 1568 4691 eo
1587 4623 1664 4690 thu·

448 4730 593 4796 ribulum
617 4733 835 4801 thuriferario
858 4734 1022 4800 restituet.
