4175 5717
523 755 585 820 160
970 771 1037 819 nra.
1063 771 1109 820 rr.

517 880 572 946 23.
596 879 630 946 Si
664 879 808 946 cadaver
841 875 1044 944 efferendum
1075 879 1142 944 erit
1169 878 1211 944 ad
1239 881 1488 956 coemeterium.
1520 889 1648 968 praesto

429 987 574 1052 aderunt
595 987 768 1062 lecticarii,
793 987 848 1070 qui
872 986 1095 1072 deportabunt
1118 987 1282 1052 feretrum
1304 1007 1380 1052 cum
1407 987 1580 1062 cadavere,
1612 994 1650 1055 ut

433 1095 584 1161 inferius.

517 1202 571 1268 24.
596 1201 768 1287 Gompleta
791 1201 961 1286 praedicta
983 1203 1145 1275 oratione,
1170 1203 1197 1265 si
1220 1201 1462 1288 deportandum
1480 1205 1547 1270 erit
1561 1203 1652 1270 cada·

433 1331 493 1375 ror
514 1309 556 1374 ed
580 1310 814 1373 coemeterium
838 1309 1025 1394 proximum
1050 1308 1221 1384 ecclesiae,
1246 1309 1311 1374 duo
1334 1309 1452 1375 clerici
1477 1329 1553 1378 cum
1576 1311 1652 1378 tbu·

432 1417 542 1482 ribulo
565 1423 600 1481 et
623 1436 698 1481 cum
722 1415 861 1480 vasculo
883 1435 989 1500 aquae
1012 1423 1148 1482 sanctae
1172 1415 1341 1482 discedent
1364 1417 1405 1482 de
1429 1417 1506 1484 loco
1529 1437 1591 1484 suo
1622 1425 1653 1484 et

432 1524 615 1611 procedent
636 1531 715 1588 ante
739 1521 891 1588 Crucem.

520 1631 573 1696 25.
600 1629 806 1696 Procedetur
828 1629 870 1694 ad
894 1633 1130 1696 coemeterium
1155 1631 1268 1698 eodem
1293 1631 1410 1697 ordine
1432 1653 1475 1698 ac
1498 1651 1599 1720 supra
1616 1631 1653 1698 de

432 1759 568 1805 accessu
592 1738 633 1803 ab
656 1738 768 1802 Alteri
791 1737 833 1802 ad
856 1737 1030 1814 feretrum,
1055 1745 1089 1804 et
1112 1739 1256 1805 cadauer
1279 1740 1312 1803 in
1336 1739 1466 1806 feretro
1499 1737 1654 1806 efferetur

434 1853 508 1932 post
531 1847 773 1912 Celebrantem.
798 1847 835 1910 ln
859 1847 1004 1911 transitu
1028 1847 1069 1911 ab
1093 1847 1236 1912 eeclesia
1257 1847 1299 1912 ad
1323 1849 1563 1914 coemeterium
1585 1867 1655 1914 can·

435 1955 560 2020 tabitur
582 1974 603 2018 a
626 1953 725 2019 Glero
748 1953 997 2039 antiphonale
1018 1955 1231 2037 paradeum
1254 1963 1319 2020 ate.

522 2061 576 2126 26.
602 2061 710 2136 Quum
733 2061 900 2147 processio
922 2059 964 2126 ad
987 2063 1223 2127 coemeterium
1249 2065 1389 2138 venerit,
1407 2061 1531 2130 clerus
1552 2061 1656 2150 dispo-

435 2175 536 2234 net-ur
559 2167 673 2233 eodem
698 2167 815 2234 ordine
838 2187 903 2252 quo
927 2167 1028 2234 stabit
1051 2169 1084 2232 in
1108 2169 1259 2234 ecclesia.
1284 2170 1462 2235 Feretrum
1497 2189 1573 2237 cum
1601 2189 1656 2236 ca-

436 2278 558 2342 davere
582 2276 768 2362 deponetur
801 2281 861 2340 aut
894 2277 927 2339 in
962 2275 1069 2340 medio
1097 2278 1295 2342 coemeterio
1326 2283 1386 2342 aut
1412 2297 1516 2364 prope
1547 2277 1656 2366 repul-

436 2405 541 2460 crum,
566 2389 600 2449 et
622 2383 686 2448 hoc
709 2402 789 2447 casu
812 2382 933 2447 Glerus
956 2383 1048 2448 circa
1071 2383 1262 2468 sepulcrum
1286 2385 1447 2450 consistat
1464 2383 1655 2452 ordinatam

434 2494 610 2580 descripto.

524 2602 578 2667 27.
604 2600 639 2666 Si
668 2600 861 2687 sepulcrum
895 2617 961 2664 non
990 2601 1057 2664 erit
1086 2598 1305 2678 benedictum,
1342 2599 1541 2674 Celebrana
1567 2607 1604 2666 ut
1625 2621 1659 2666 eo

439 2711 580 2784 venerit,
605 2729 647 2774 err
671 2708 759 2774 libro
782 2727 879 2790 quem
910 2706 1088 2772 sustinebit
1122 2708 1296 2778 Diaconus.
1321 2707 1478 2773 recitabit
1503 2713 1585 2774 tono
1611 2705 1658 2774 te-

439 2821 515 2885 riali
532 2821 716 2885 orationem
732 2837 833 2902 super
848 2813 1040 2903 sepulcium
1058 2817 1105 2902 (a)
1122 2823 1196 2902 post
1219 2836 1327 2900 quarn,
1352 2818 1566 2883 ministrante
1592 2817 1660 2882 Dirr

439 2948 533 3002 cono,
558 2927 709 2992 demittet
733 2926 905 2991 incensum
928 2927 961 2988 in
984 2924 1196 2989 thuribulum
1219 2943 1292 2990 cum
1317 2923 1417 2988 solita
1440 2923 1591 2990 formula
1611 2923 1658 2992 At

440 3035 499 3101 illo
521 3033 741 3100 benedicam
764 3041 826 3097 etc.
851 3036 983 3097 etcum
1007 3031 1246 3098 benedictione.
1272 3033 1393 3098 Postea
1416 3031 1585 3098 Diaconos
1612 3051 1661 3098 ac

442 3148 574 3229 ceptum
597 3141 819 3227 aspersorium
843 3141 992 3224 porriget
1016 3137 1219 3216 celebranti,
1244 3141 1299 3223 qui
1322 3145 1479 3226 asperget
1493 3141 1530 3206 in
1550 3139 1660 3208 medio,

440 3270 460 3315 a
483 3250 635 3324 sinistris,
661 3253 695 3312 et
716 3267 737 3311 a
759 3247 888 3311 dextris
912 3249 980 3312 suis
1003 3248 1108 3333 primo
1135 3246 1288 3321 cadaver,
1313 3246 1431 3313 deinde
1462 3249 1660 3334 sepulerum

441 3365 511 3421 tum
538 3355 654 3421 reddet
676 3355 899 3440 aspersorium
930 3353 1086 3426 Diacono.
1111 3360 1143 3419 et
1168 3360 1305 3440 accepto
1336 3355 1376 3420 ab
1411 3373 1451 3420 eo
1482 3353 1661 3422 thuribulo

443 3463 589 3528 adolebit
612 3462 756 3527 cadaver
779 3467 814 3527 et
836 3461 1028 3546 sepulcrum
1053 3460 1166 3527 eodem
1190 3461 1298 3538 modo,
1321 3481 1386 3546 quo
1408 3445 1601 3548 asperserit.

531 3571 584 3636 28.
610 3569 751 3636 Reddite
786 3569 960 3634 thuribulo
991 3569 1146 3645 Diacono‚
1172 3569 1353 3635 Celebrans
1385 3569 1551 3636 intonabit
1579 3571 1665 3636 anti·

445 3680 588 3767 phonam
611 3678 687 3762 Epo
710 3696 791 3742 sum
813 3683 848 3742 et
870 3675 1057 3742 immediate
1080 3697 1100 3741 a
1123 3677 1315 3743 cantoribus
1338 3677 1531 3744 cantabitur
1557 3679 1666 3746 Bene·

444 3789 571 3858 dictata
596 3786 684 3870 quod
708 3785 907 3850 alternatim
931 3805 952 3850 a
975 3784 1075 3850 Glero
1099 3793 1248 3864 canetur,
1267 3807 1341 3852 cum
1368 3785 1543 3873 Requt'em
1564 3793 1668 3856 aaut*

445 3915 530 3963 cam
554 3896 587 3958 in
610 3891 686 3958 fine.
710 3894 792 3958 Post
814 3894 983 3958 canticum
1005 3893 1211 3978 praedictum
1226 3912 1247 3957 a
1262 3895 1455 3960 cantoribus
1479 3895 1668 3964 cantabitur

445 4004 579 4088 integra
601 4001 783 4087 antiphona
805 4000 880 4085 Epo
903 4020 984 4066 sum
1006 4001 1221 4068 resurrectio
1244 4010 1308 4066 etc.

533 4109 587 4176 29.
614 4109 756 4173 (lentata
779 4107 949 4193 praedicta
972 4110 1162 4196 antiphona,
1187 4109 1369 4174 Gelebrans
1392 4110 1464 4174 alta
1488 4127 1572 4178 voce
1598 4131 1671 4178 cen·

450 4219 532 4283 tabit
555 4218 666 4304 Kyrie
689 4217 971 4300 alaisae-Olenus
1006 4219 1143 4286 Christo
1174 4220 1311 4290 eleison,
1343 4219 1537 4296 celebrans,
1563 4221 1671 4308 Kyroe

448 4328 578 4393 eleison
602 4333 636 4390 et
660 4325 846 4391 immediate
870 4326 978 4392 Pater
1001 4336 1131 4405 noster,
1148 4329 1278 4411 reliqua
1293 4327 1333 4392 ab
1351 4327 1503 4393 omnibus
1519 4327 1672 4396 dicentur

519 4561 561 4629 (a)
581 4559 612 4616 Si
632 4559 847 4617 coemeterium
865 4559 903 4616 sit
923 4560 1119 4622 benedictum,
1139 4577 1196 4616 non
1219 4571 1335 4635 oportet
1361 4563 1462 4620 tacere
1490 4563 1672 4623 benedictio·

452 4667 520 4706 nem
541 4651 679 4723 sepulcri,
699 4666 874 4724 quamquam
894 4659 973 4706 esset
992 4665 1099 4704 recens
1118 4649 1266 4710 ollossum.
