4175 5717
518 717 561 784 96
975 736 1043 784 ιιι.
1068 736 1114 784 ιι.Ι

437 845 599 912 nedictus
621 843 720 910 etad
743 845 983 910 intonationem
1017 842 1218 930 antiphonae
1249 842 1397 909 eiusdem
1433 841 1567 919 cantici,
1604 857 1669 906 nac

446 951 626 1017 Celebrans
649 959 805 1038 assurget
827 970 934 1035 neque
957 950 1040 1016 cho1
1042 971 1091 1027 us
1115 949 1241 1016 sedt
1204 951 1319 1034 utique
1350 969 1451 1034 quum
1484 947 1668 1088 incipietur

435 1060 601 1125 canticum
625 1059 720 1126 illud.
1274 1103 1276 1108 -

521 1167 574 1233 42.
600 1170 683 1234 Post
704 1172 876 1234 cantatum
893 1167 1107 1233 Benedictus
1124 1185 1199 1232 cum
1216 1173 1289 1232 toto
1305 1163 1474 1232 uersiculo
1488 1161 1666 1248 chaiem

435 1284 616 1347 autemeam
639 1281 701 1341 etc.
727 1275 967 1341 celebrans-et
990 1275 1115 1340 chorus
1137 1273 1358 1340 considebunt
1382 1270 1567 1356 usquedum
1584 1287 1666 1336 can-

435 1387 546 1450 torum
570 1384 694 1448 chorus
718 1384 918 1469 repetiverit
940 1382 1090 1448 canendo
1113 1381 1327 1466 antiphonam
1351 1381 1475 1446 cantici
1501 1376 1664 1444 eiusdem.

517 1492 570 1556 43.
596 1489 740 1557 cancta
765 1490 958 1576 antiphona,
983 1495 1156 1577 utsupra,
1180 1488 1363 1555 Celebrans
1386 1492 1423 1554 et
1445 1487 1568 1556 chorus
1586 1505 1666 1571 pro.-

429 1597 588 1664 cumbant
612 1599 645 1664 iu
672 1617 791 1682 genua.
817 1596 999 1663 (belebrone
1023 1597 1173 1663 cantabit
1195 1597 1304 1664 Pater
1326 1601 1516 1662 uerteret
1549 1593 1665 1658 versi-

429 1705 525 1771 culos
554 1706 611 1789 qui
644 1711 842 1790 sequuntur,
871 1709 1030 1789 assurget
1065 1704 1177 1770 dicens
1207 1701 1380 1772 hommes
1409 1701 1590 1770 uobiscum
1624 1704 1665 1766 et

432 1819 523 1878 stans
549 1812 699 1878 cantabit
722 1813 908 1878 orationem
931 1811 1110 1878 Fideliam
1133 1832 1207 1878 cum
1232 1809 1457 1887 conclusione,
1481 1809 1578 1878 utin
1595 1805 1666 1886 Ve-

432 1922 547 2005 specis.
573 1920 703 1987 Chorus
726 1925 851 1996 tamem
872 1918 952 1985 dum
974 1920 1166 1986 cantabitur
1190 1920 1307 1995 oratio,
1323 1918 1462 2004 genibus
1478 1913 1576 1982 flexis
1592 1933 1666 1980 ma·

434 2027 536 2093 nebit.

521 2138 574 2202 44.
600 2136 709 2212 Quum
733 2140 888 2201 cantatus
911 2135 1017 2202 fuerit
1039 2154 1059 2199 a
1084 2133 1283 2200 Celebrante
1307 2139 1339 2207 t.
1356 2131 1527 2218 Requiem
1549 2137 1667 2226 actea*

434 2265 519 2313 uam
541 2249 605 2310 etc.
629 2249 664 2310 et
685 2263 706 2309 a
732 2241 925 2308 cantoribus
947 2243 1038 2308 alter
1061 2242 1298 2328 Requieecaat
1312 2242 1352 2308 ia
1363 2259 1462 2324 pace·
1481 2248 1519 2319 it·
1535 2235 1665 2314 Arnen.

436 2352 560 2418 chorus
583 2355 774 2435 consurget,
797 2357 898 2435 atque
928 2349 1044 2415 ordine
1079 2351 1203 2416 usitato
1238 2347 1361 2415 redibit
1392 2349 1427 2414 in
1461 2346 1663 2416 sacrarium.

438 2459 621 2526 Celebrans
643 2461 821 2525 comitatus
844 2479 865 2524 a
891 2459 1169 2533 Gaeremoniario,
1195 2455 1313 2522 ultimo
1337 2456 1413 2522 locu
1434 2453 1577 2520 incedet.

526 2567 579 2632 45.
605 2567 675 2632 Nisi
699 2566 895 2633 recitabitur
919 2566 1188 2652 completorium,
1213 2571 1288 2651 post
1311 2563 1479 2650 Vesperas
1503 2581 1566 2650 pro
1602 2559 1680 2628 de·-

436 2675 571 2752 functis‚
596 2674 690 2740 brevi
714 2674 913 2760 interposita
935 2692 1073 2738 moraa
1108 2671 1308 2739 Celebrante
1339 2676 1374 2736 et
1408 2670 1517 2748 Olore,
1526 2671 1668 2744 cond·

436 2783 543 2849 dendo
568 2783 737 2869 paulisper
759 2781 865 2848 donec
888 2783 1032 2868 positum
1054 2782 1151 2847 erit
1144 2800 1177 2846 in
1201 2779 1306 2846 medio
1330 2779 1434 2845 choro
1464 2778 1577 2910 legile,
1612 2779 1667 2844 in-

436 2893 580 2977 cipietur
603 2889 792 2955 immediate
816 2890 1027 2966 Matutinum,
1052 2897 1224 2977 utsupra.

525 2999 578 3063 46.
604 2997 663 3062 Sin
686 3003 798 3062 autem
821 2997 1022 3062 Matutinum
1046 3016 1121 3063 cum
1145 2998 1312 3064 Laudibus
1336 2996 1526 3064 cantabitur
1538 2995 1668 3082 postri-

437 3106 490 3172 die
514 3125 620 3181 mane,
645 3104 836 3169 servabitur
858 3104 973 3171 eadem
996 3105 1187 3192 supradicta
1220 3105 1395 3172 methodus
1426 3109 1501 3191 post
1527 3101 1667 3170 Laudes

441 3214 538 3279 officii
562 3212 649 3298 quod
672 3212 710 3278 fit
733 3214 765 3278 in
790 3213 851 3289 die,
877 3223 911 3278 et
934 3214 1107 3300 completis
1131 3214 1298 3280 Laudibus
1322 3213 1420 3280 officii
1453 3231 1512 3300 pro
1543 3213 1668 3280 defun·

437 3325 510 3398 ctis,
537 3321 719 3387 Celebrans
742 3321 865 3386 redibit
887 3324 922 3386 in
956 3324 1141 3387 sacrarium
1170 3331 1205 3388 et
1234 3321 1485 3390 continuabitur
1515 3320 1665 3388 officium

438 3429 478 3494 ad
504 3429 628 3493 Horam
653 3429 803 3514 primam,
828 3431 973 3516 reposito
997 3429 1100 3515 pallio
1124 3431 1303 3497 concolore
1327 3429 1433 3496 officii.
1554 3459 1556 3464 ·

531 3539 583 3601 47.
612 3536 646 3601 Si
670 3536 823 3602 Ecclesia
844 3555 912 3602 non
934 3536 1104 3602 tenebitur
1126 3536 1269 3603 officium
1293 3557 1463 3625 peragere,
1488 3543 1523 3603 et
1537 3537 1667 3606 Matu-

438 3645 547 3709 tinum
571 3664 647 3709 cum
670 3643 837 3709 Laudibus
860 3663 920 3728 pro
943 3643 1110 3710 defunctis
1134 3646 1323 3712 cantabitur
1346 3665 1452 3722 mane,
1476 3651 1560 3712 tuuc
1589 3645 1669 3713 Gle-

438 3771 497 3817 rus
521 3751 780 3836 congregabitur
802 3753 836 3816 in
859 3754 1052 3829 sacrarium,
1071 3773 1184 3819 omnes
1201 3753 1382 3822 induentur
1403 3754 1665 3840 superpelliceo,

440 3859 621 3926 Celebrans
644 3865 757 3924 autem
779 3879 881 3945 supra
902 3861 1146 3946 superpelliceo
1180 3862 1345 3929 vestiatur
1377 3861 1517 3948 pluviali
1551 3863 1665 3949 nigro,

440 3968 496 4033 vel
519 3967 608 4032 stola
631 3968 738 4051 nigra,
761 3972 797 4031 et
818 3968 1093 4053 praecedentibus
1124 3969 1275 4036 omnibus
1304 3968 1345 4036 de
1373 3968 1480 4036 Olero-
1500 3969 1589 4036 binis
1623 3991 1667 4038 ac

439 4082 605 4162 postremo
630 4074 704 4139 loco
729 4072 937 4150 Celebrante,
961 4076 1161 4160 procedatur
1182 4076 1224 4141 ad
1248 4077 1377 4143 Altare.
1403 4076 1522 4144 Clarus
1546 4077 1592 4144 ibi
1608 4095 1668 4166 ge-

439 4182 601 4248 niculabit
624 4183 657 4245 in
681 4183 876 4267 respectivis
899 4183 1078 4260 subselliis,
1103 4183 1286 4251 celebrans
1310 4192 1421 4251 autem
1445 4192 1524 4252 ante
1540 4184 1666 4255 Altarc

439 4291 531 4356 brevi
555 4291 646 4356 facta
668 4290 818 4355 oratione
841 4298 1006 4375 assurget,
1041 4298 1076 4357 et
1107 4295 1297 4358 reverentia
1327 4292 1367 4358 ad
1399 4293 1518 4359 Altero
1548 4300 1585 4360 et
1619 4295 1666 4362 sd

441 4397 579 4462 chorum
602 4403 747 4483 peracta,
772 4403 863 4483 petet
897 4398 1008 4463 locum
1039 4399 1100 4464 sibi
1130 4407 1372 4486 praeparatum,
1404 4405 1439 4466 et
1468 4401 1667 4468 cantabitur

443 4501 644 4570 Matutinum
670 4524 744 4569 cum
769 4502 935 4570 Laudibus
959 4525 1023 4590 quo
1039 4508 1108 4572 ritu
1132 4506 1196 4572 hoc
1212 4508 1282 4592 ipso
1297 4508 1405 4593 capite
1421 4507 1583 4574 traditum
1600 4515 1665 4576 est„
