<?xml version="1.0" encoding="UTF-8"?>
<!DOCTYPE html PUBLIC "-//W3C//DTD XHTML 1.0 Transitional//EN"
    "http://www.w3.org/TR/xhtml1/DTD/xhtml1-transitional.dtd">
<html xmlns="http://www.w3.org/1999/xhtml" xml:lang="en" lang="en">
 <head>
  <title>
</title>
<meta http-equiv="Content-Type" content="text/html;charset=utf-8" />
  <meta name='ocr-system' content='tesseract 3.04.00' />
  <meta name='ocr-capabilities' content='ocr_page ocr_carea ocr_par ocr_line ocrx_word'/>
</head>
<body>
  <div class='ocr_page' id='page_1' title='image "./manualesacrarum00martgoog_0833.png"; bbox 0 0 4175 5717; ppageno 0'>
   <div class='ocr_carea' id='block_1_1' title="bbox 525 731 1115 959">
    <p class='ocr_par' dir='ltr' id='par_1_1' title="bbox 525 731 1115 959">
     <span class='ocr_line' id='line_1_1' title="bbox 961 731 1115 811; baseline -0.013 -4"><span class='ocrx_word' id='word_1_1' title='bbox 961 731 1033 807; x_wconf 77' lang='lat' dir='ltr'>aar.</span> <span class='ocrx_word' id='word_1_2' title='bbox 1056 761 1115 811; x_wconf 87' lang='grc' dir='ltr'>ιιιι.</span> 
     </span>
     <span class='ocr_line' id='line_1_2' title="bbox 525 870 857 959; baseline -0.015 -22"><span class='ocrx_word' id='word_1_3' title='bbox 525 870 649 937; x_wconf 82' lang='lat' dir='ltr'>Deinde</span> <span class='ocrx_word' id='word_1_4' title='bbox 671 870 857 959; x_wconf 73' lang='lat' dir='ltr'>subjunget:</span> 
     </span>
    </p>
   </div>
   <div class='ocr_carea' id='block_1_2' title="bbox 522 1082 1576 1170">
    <p class='ocr_par' dir='ltr' id='par_1_2' title="bbox 522 1082 1576 1170">
     <span class='ocr_line' id='line_1_3' title="bbox 522 1082 1576 1170; baseline -0.003 -18"><span class='ocrx_word' id='word_1_5' title='bbox 522 1085 609 1153; x_wconf 81' lang='lat' dir='ltr'>llece</span> <span class='ocrx_word' id='word_1_6' title='bbox 632 1087 678 1151; x_wconf 88' lang='lat' dir='ltr'>sic</span> <span class='ocrx_word' id='word_1_7' title='bbox 699 1082 916 1151; x_wconf 76' lang='lat' dir='ltr'>benedicetur</span> <span class='ocrx_word' id='word_1_8' title='bbox 938 1086 1041 1152; x_wconf 86' lang='lat' dir='ltr'>omnis</span> <span class='ocrx_word' id='word_1_9' title='bbox 1064 1086 1172 1162; x_wconf 91' lang='lat' dir='ltr'>bomo,</span> <span class='ocrx_word' id='word_1_10' title='bbox 1196 1085 1252 1170; x_wconf 91' lang='lat' dir='ltr'>qui</span> <span class='ocrx_word' id='word_1_11' title='bbox 1275 1086 1372 1151; x_wconf 89' lang='lat' dir='ltr'>timet</span> <span class='ocrx_word' id='word_1_12' title='bbox 1394 1085 1576 1152; x_wconf 76' lang='lat' dir='ltr'>Dominum.</span> 
     </span>
    </p>
   </div>
   <div class='ocr_carea' id='block_1_3' title="bbox 431 1278 1643 1494">
    <p class='ocr_par' dir='ltr' id='par_1_3' title="bbox 431 1278 1643 1494">
     <span class='ocr_line' id='line_1_4' title="bbox 520 1278 1643 1390; baseline -0.002 -23"><span class='ocrx_word' id='word_1_13' title='bbox 520 1301 565 1390; x_wconf 74' lang='lat' dir='ltr'>llt</span> <span class='ocrx_word' id='word_1_14' title='bbox 587 1278 769 1367; x_wconf 80' lang='lat' dir='ltr'>conversus</span> <span class='ocrx_word' id='word_1_15' title='bbox 792 1299 834 1365; x_wconf 89' lang='lat' dir='ltr'>ad</span> <span class='ocrx_word' id='word_1_16' title='bbox 857 1295 1069 1365; x_wconf 86' lang='lat' dir='ltr'>confirmatos</span> <span class='ocrx_word' id='word_1_17' title='bbox 1092 1296 1213 1365; x_wconf 89' lang='lat' dir='ltr'>efficiet</span> <span class='ocrx_word' id='word_1_18' title='bbox 1236 1319 1336 1386; x_wconf 86' lang='lat' dir='ltr'>super</span> <span class='ocrx_word' id='word_1_19' title='bbox 1359 1319 1415 1365; x_wconf 90' lang='lat' dir='ltr'>eos</span> <span class='ocrx_word' id='word_1_20' title='bbox 1448 1301 1563 1366; x_wconf 86' lang='lat' dir='ltr'>Crucis</span> <span class='ocrx_word' id='word_1_21' title='bbox 1597 1303 1643 1366; x_wconf 92' lang='lat' dir='ltr'>si-</span> 
     </span>
     <span class='ocr_line' id='line_1_5' title="bbox 431 1409 681 1494; baseline -0.004 -20"><span class='ocrx_word' id='word_1_22' title='bbox 431 1428 534 1494; x_wconf 80' lang='lat' dir='ltr'>guum</span> <span class='ocrx_word' id='word_1_23' title='bbox 558 1409 681 1475; x_wconf 92' lang='lat' dir='ltr'>diceus:</span> 
     </span>
    </p>
   </div>
   <div class='ocr_carea' id='block_1_4' title="bbox 430 1587 1643 1868">
    <p class='ocr_par' dir='ltr' id='par_1_4' title="bbox 430 1587 1643 1868">
     <span class='ocr_line' id='line_1_6' title="bbox 521 1587 1643 1710; baseline -0.001 -20"><span class='ocrx_word' id='word_1_24' title='bbox 521 1624 610 1691; x_wconf 91' lang='lat' dir='ltr'>Bene</span> <span class='ocrx_word' id='word_1_25' title='bbox 633 1623 676 1710; x_wconf 59' lang='grc' dir='ltr'>ἧι</span> <span class='ocrx_word' id='word_1_26' title='bbox 699 1623 789 1689; x_wconf 87' lang='lat' dir='ltr'>dicat</span> <span class='ocrx_word' id='word_1_27' title='bbox 811 1642 869 1688; x_wconf 86' lang='lat' dir='ltr'>vos</span> <span class='ocrx_word' id='word_1_28' title='bbox 893 1619 1051 1689; x_wconf 84' lang='lat' dir='ltr'>deiuus</span> <span class='ocrx_word' id='word_1_29' title='bbox 1074 1642 1117 1688; x_wconf 83' lang='lat' dir='ltr'>ex</span> <span class='ocrx_word' id='word_1_30' title='bbox 1141 1622 1229 1700; x_wconf 93' lang='lat' dir='ltr'>Sion,</span> <span class='ocrx_word' id='word_1_31' title='bbox 1255 1587 1293 1690; x_wconf 87' lang='lat' dir='ltr'>ut</span> <span class='ocrx_word' id='word_1_32' title='bbox 1315 1625 1453 1691; x_wconf 87' lang='lat' dir='ltr'>videatis</span> <span class='ocrx_word' id='word_1_33' title='bbox 1476 1624 1562 1689; x_wconf 88' lang='lat' dir='ltr'>bona</span> <span class='ocrx_word' id='word_1_34' title='bbox 1584 1625 1643 1689; x_wconf 80' lang='lat' dir='ltr'>le-</span> 
     </span>
     <span class='ocr_line' id='line_1_7' title="bbox 430 1747 1642 1868; baseline -0.003 -51"><span class='ocrx_word' id='word_1_35' title='bbox 430 1749 576 1817; x_wconf 81' lang='lat' dir='ltr'>rasalem</span> <span class='ocrx_word' id='word_1_36' title='bbox 598 1747 748 1815; x_wconf 85' lang='lat' dir='ltr'>amnibus</span> <span class='ocrx_word' id='word_1_37' title='bbox 772 1747 898 1868; x_wconf 54' lang='lat' dir='ltr'>dldbusx</span> <span class='ocrx_word' id='word_1_38' title='bbox 909 1748 999 1814; x_wconf 86' lang='lat' dir='ltr'>vitae</span> <span class='ocrx_word' id='word_1_39' title='bbox 1021 1753 1156 1814; x_wconf 82' lang='lat' dir='ltr'>vestrae</span> <span class='ocrx_word' id='word_1_40' title='bbox 1179 1754 1213 1814; x_wconf 86' lang='lat' dir='ltr'>et</span> <span class='ocrx_word' id='word_1_41' title='bbox 1235 1748 1385 1815; x_wconf 89' lang='lat' dir='ltr'>habeatis</span> <span class='ocrx_word' id='word_1_42' title='bbox 1409 1750 1510 1814; x_wconf 86' lang='lat' dir='ltr'>vitam</span> <span class='ocrx_word' id='word_1_43' title='bbox 1530 1749 1642 1814; x_wconf 88' lang='lat' dir='ltr'>aetar-</span> 
     </span>
    </p>
   </div>
   <div class='ocr_carea' id='block_1_5' title="bbox 431 1866 718 1955">
    <p class='ocr_par' dir='ltr' id='par_1_5' title="bbox 431 1866 718 1955">
     <span class='ocr_line' id='line_1_8' title="bbox 431 1866 718 1955; baseline -0.024 -11"><span class='ocrx_word' id='word_1_44' title='bbox 431 1866 518 1944; x_wconf 84' lang='lat' dir='ltr'>nam.</span> <span class='ocrx_word' id='word_1_45' title='bbox 543 1885 578 1955; x_wconf 75' lang='lat' dir='ltr'>lt.</span> <span class='ocrx_word' id='word_1_46' title='bbox 603 1874 718 1940; x_wconf 82' lang='lat' dir='ltr'>Amen.</span> 
     </span>
    </p>
   </div>
   <div class='ocr_carea' id='block_1_6' title="bbox 412 2088 1642 3467">
    <p class='ocr_par' dir='ltr' id='par_1_6' title="bbox 412 2088 1642 2374">
     <span class='ocr_line' id='line_1_9' title="bbox 520 2088 1642 2176; baseline 0 -21"><span class='ocrx_word' id='word_1_47' title='bbox 520 2088 724 2157; x_wconf 83' lang='lat' dir='ltr'>87.&#39;Sedebit</span> <span class='ocrx_word' id='word_1_48' title='bbox 746 2110 865 2156; x_wconf 87' lang='lat' dir='ltr'>rursus</span> <span class='ocrx_word' id='word_1_49' title='bbox 889 2092 923 2154; x_wconf 92' lang='lat' dir='ltr'>in</span> <span class='ocrx_word' id='word_1_50' title='bbox 946 2089 1132 2155; x_wconf 84' lang='lat' dir='ltr'>faldistorio</span> <span class='ocrx_word' id='word_1_51' title='bbox 1156 2090 1212 2155; x_wconf 86' lang='lat' dir='ltr'>vel</span> <span class='ocrx_word' id='word_1_52' title='bbox 1237 2092 1270 2153; x_wconf 94' lang='lat' dir='ltr'>in</span> <span class='ocrx_word' id='word_1_53' title='bbox 1293 2088 1371 2155; x_wconf 87' lang='lat' dir='ltr'>sede</span> <span class='ocrx_word' id='word_1_54' title='bbox 1394 2096 1428 2155; x_wconf 91' lang='lat' dir='ltr'>et</span> <span class='ocrx_word' id='word_1_55' title='bbox 1457 2096 1642 2176; x_wconf 88' lang='lat' dir='ltr'>compatres</span> 
     </span>
     <span class='ocr_line' id='line_1_10' title="bbox 432 2196 1642 2283; baseline -0.002 -19"><span class='ocrx_word' id='word_1_56' title='bbox 432 2197 630 2273; x_wconf 82' lang='lat' dir='ltr'>admonebit,</span> <span class='ocrx_word' id='word_1_57' title='bbox 654 2199 748 2263; x_wconf 88' lang='lat' dir='ltr'>utin</span> <span class='ocrx_word' id='word_1_58' title='bbox 781 2196 970 2263; x_wconf 85' lang='lat' dir='ltr'>Pontifleali</span> <span class='ocrx_word' id='word_1_59' title='bbox 1000 2202 1035 2262; x_wconf 91' lang='lat' dir='ltr'>et</span> <span class='ocrx_word' id='word_1_60' title='bbox 1066 2216 1140 2262; x_wconf 88' lang='lat' dir='ltr'>cum</span> <span class='ocrx_word' id='word_1_61' title='bbox 1172 2196 1249 2283; x_wconf 90' lang='lat' dir='ltr'>ipsis</span> <span class='ocrx_word' id='word_1_62' title='bbox 1280 2196 1434 2262; x_wconf 81' lang='lat' dir='ltr'>recitabit</span> <span class='ocrx_word' id='word_1_63' title='bbox 1467 2197 1578 2264; x_wconf 79' lang='lat' dir='ltr'>Credo</span> <span class='ocrx_word' id='word_1_64' title='bbox 1605 2199 1642 2262; x_wconf 81' lang='lat' dir='ltr'>in</span> 
     </span>
     <span class='ocr_line' id='line_1_11' title="bbox 412 2303 1182 2374; baseline -0.003 -3"><span class='ocrx_word' id='word_1_65' title='bbox 412 2306 547 2373; x_wconf 79' lang='lat' dir='ltr'>&#39;Deum</span> <span class='ocrx_word' id='word_1_66' title='bbox 569 2311 604 2371; x_wconf 91' lang='lat' dir='ltr'>et</span> <span class='ocrx_word' id='word_1_67' title='bbox 626 2306 736 2373; x_wconf 79' lang='lat' dir='ltr'>Pater</span> <span class='ocrx_word' id='word_1_68' title='bbox 758 2312 878 2374; x_wconf 80' lang='lat' dir='ltr'>noster</span> <span class='ocrx_word' id='word_1_69' title='bbox 901 2311 935 2370; x_wconf 92' lang='lat' dir='ltr'>et</span> <span class='ocrx_word' id='word_1_70' title='bbox 957 2303 1030 2371; x_wconf 83' lang='lat' dir='ltr'>Aee</span> <span class='ocrx_word' id='word_1_71' title='bbox 1052 2305 1182 2371; x_wconf 72' lang='grc' dir='ltr'><em>Μανία.</em></span> 
     </span>
    </p>

    <p class='ocr_par' dir='ltr' id='par_1_7' title="bbox 429 2409 1641 2812">
     <span class='ocr_line' id='line_1_12' title="bbox 519 2409 1641 2500; baseline -0.003 -23"><span class='ocrx_word' id='word_1_72' title='bbox 519 2412 572 2477; x_wconf 87' lang='grc'>88.</span> <span class='ocrx_word' id='word_1_73' title='bbox 597 2412 799 2500; x_wconf 83' lang='lat' dir='ltr'>aperientur</span> <span class='ocrx_word' id='word_1_74' title='bbox 822 2419 938 2498; x_wconf 84' lang='lat' dir='ltr'>portae</span> <span class='ocrx_word' id='word_1_75' title='bbox 961 2410 1122 2477; x_wconf 88' lang='lat' dir='ltr'>ecclesiae</span> <span class='ocrx_word' id='word_1_76' title='bbox 1144 2413 1214 2477; x_wconf 83' lang='lat' dir='ltr'>sive</span> <span class='ocrx_word' id='word_1_77' title='bbox 1248 2409 1375 2488; x_wconf 85' lang='lat' dir='ltr'>sacelli,</span> <span class='ocrx_word' id='word_1_78' title='bbox 1399 2416 1434 2476; x_wconf 87' lang='lat' dir='ltr'>at</span> <span class='ocrx_word' id='word_1_79' title='bbox 1461 2412 1641 2497; x_wconf 79' lang='lat' dir='ltr'>Episcopus</span> 
     </span>
     <span class='ocr_line' id='line_1_13' title="bbox 429 2516 1641 2605; baseline -0.002 -20"><span class='ocrx_word' id='word_1_80' title='bbox 429 2519 563 2586; x_wconf 86' lang='lat' dir='ltr'>dimissa</span> <span class='ocrx_word' id='word_1_81' title='bbox 585 2521 673 2586; x_wconf 85' lang='lat' dir='ltr'>stola</span> <span class='ocrx_word' id='word_1_82' title='bbox 695 2540 734 2586; x_wconf 88' lang='lat' dir='ltr'>ac</span> <span class='ocrx_word' id='word_1_83' title='bbox 758 2526 928 2605; x_wconf 89' lang='lat' dir='ltr'>resumpta</span> <span class='ocrx_word' id='word_1_84' title='bbox 949 2524 1104 2592; x_wconf 88' lang='lat' dir='ltr'>mozzeta,</span> <span class='ocrx_word' id='word_1_85' title='bbox 1129 2517 1170 2584; x_wconf 92' lang='lat' dir='ltr'>de</span> <span class='ocrx_word' id='word_1_86' title='bbox 1193 2517 1303 2585; x_wconf 84' lang='lat' dir='ltr'>altari</span> <span class='ocrx_word' id='word_1_87' title='bbox 1326 2516 1515 2593; x_wconf 80' lang='lat' dir='ltr'>descendet,</span> <span class='ocrx_word' id='word_1_88' title='bbox 1545 2519 1641 2604; x_wconf 86' lang='lat' dir='ltr'>geni-</span> 
     </span>
     <span class='ocr_line' id='line_1_14' title="bbox 430 2628 1641 2726; baseline -0.003 -29"><span class='ocrx_word' id='word_1_89' title='bbox 430 2630 557 2697; x_wconf 88' lang='lat' dir='ltr'>culabit</span> <span class='ocrx_word' id='word_1_90' title='bbox 579 2649 679 2717; x_wconf 90' lang='lat' dir='ltr'>super</span> <span class='ocrx_word' id='word_1_91' title='bbox 702 2629 856 2726; x_wconf 79' lang='lat' dir='ltr'>pulvillo,</span> <span class='ocrx_word' id='word_1_92' title='bbox 880 2629 988 2695; x_wconf 89' lang='lat' dir='ltr'>orabit</span> <span class='ocrx_word' id='word_1_93' title='bbox 1011 2630 1105 2694; x_wconf 89' lang='lat' dir='ltr'>brevi</span> <span class='ocrx_word' id='word_1_94' title='bbox 1127 2634 1284 2715; x_wconf 89' lang='lat' dir='ltr'>tempore,</span> <span class='ocrx_word' id='word_1_95' title='bbox 1316 2634 1351 2694; x_wconf 87' lang='lat' dir='ltr'>et</span> <span class='ocrx_word' id='word_1_96' title='bbox 1380 2628 1493 2695; x_wconf 92' lang='lat' dir='ltr'>eodem</span> <span class='ocrx_word' id='word_1_97' title='bbox 1526 2628 1641 2693; x_wconf 84' lang='lat' dir='ltr'>ordine</span> 
     </span>
     <span class='ocr_line' id='line_1_15' title="bbox 429 2734 1595 2812; baseline -0.003 -9"><span class='ocrx_word' id='word_1_98' title='bbox 429 2757 470 2804; x_wconf 85' lang='lat' dir='ltr'>ac</span> <span class='ocrx_word' id='word_1_99' title='bbox 492 2737 650 2804; x_wconf 88' lang='lat' dir='ltr'>traditum</span> <span class='ocrx_word' id='word_1_100' title='bbox 673 2743 725 2804; x_wconf 90' lang='lat' dir='ltr'>est</span> <span class='ocrx_word' id='word_1_101' title='bbox 747 2738 782 2803; x_wconf 91' lang='lat' dir='ltr'>in</span> <span class='ocrx_word' id='word_1_102' title='bbox 804 2756 950 2812; x_wconf 87' lang='lat' dir='ltr'>accessu,</span> <span class='ocrx_word' id='word_1_103' title='bbox 975 2735 1016 2800; x_wconf 91' lang='lat' dir='ltr'>ad</span> <span class='ocrx_word' id='word_1_104' title='bbox 1040 2756 1133 2801; x_wconf 90' lang='lat' dir='ltr'>suam</span> <span class='ocrx_word' id='word_1_105' title='bbox 1157 2734 1368 2803; x_wconf 91' lang='lat' dir='ltr'>residentiam</span> <span class='ocrx_word' id='word_1_106' title='bbox 1396 2741 1595 2801; x_wconf 84' lang='lat' dir='ltr'>revertetur.</span> 
     </span>
    </p>

    <p class='ocr_par' dir='ltr' id='par_1_8' title="bbox 425 2844 1642 3467">
     <span class='ocr_line' id='line_1_16' title="bbox 519 2844 1640 2931; baseline -0.003 -21"><span class='ocrx_word' id='word_1_107' title='bbox 519 2844 572 2910; x_wconf 88' lang='lat'>89.</span> <span class='ocrx_word' id='word_1_108' title='bbox 606 2845 785 2929; x_wconf 89' lang='lat' dir='ltr'>Postquam</span> <span class='ocrx_word' id='word_1_109' title='bbox 816 2844 997 2931; x_wconf 81' lang='lat' dir='ltr'>Episcopus</span> <span class='ocrx_word' id='word_1_110' title='bbox 1029 2844 1261 2909; x_wconf 83' lang='lat' dir='ltr'>visitationem</span> <span class='ocrx_word' id='word_1_111' title='bbox 1292 2844 1468 2931; x_wconf 78' lang='lat' dir='ltr'>peregerit,</span> <span class='ocrx_word' id='word_1_112' title='bbox 1501 2863 1539 2907; x_wconf 94' lang='lat' dir='ltr'>eo</span> <span class='ocrx_word' id='word_1_113' title='bbox 1572 2845 1640 2929; x_wconf 87' lang='lat' dir='ltr'>ipso</span> 
     </span>
     <span class='ocr_line' id='line_1_17' title="bbox 425 2936 1642 3039; baseline -0.003 -20"><span class='ocrx_word' id='word_1_114' title='bbox 425 2936 589 3039; x_wconf 30' lang='lat' dir='ltr'>&#39;tempora</span> <span class='ocrx_word' id='word_1_115' title='bbox 613 2972 678 3037; x_wconf 93' lang='lat' dir='ltr'>quo</span> <span class='ocrx_word' id='word_1_116' title='bbox 701 2953 909 3017; x_wconf 89' lang='lat' dir='ltr'>discessurus</span> <span class='ocrx_word' id='word_1_117' title='bbox 931 2952 1005 3026; x_wconf 88' lang='lat' dir='ltr'>erit,</span> <span class='ocrx_word' id='word_1_118' title='bbox 1031 2951 1151 3017; x_wconf 91' lang='lat' dir='ltr'>redibit</span> <span class='ocrx_word' id='word_1_119' title='bbox 1173 2951 1213 3016; x_wconf 93' lang='lat' dir='ltr'>ad</span> <span class='ocrx_word' id='word_1_120' title='bbox 1237 2952 1411 3018; x_wconf 87' lang='lat' dir='ltr'>aeclesiam</span> <span class='ocrx_word' id='word_1_121' title='bbox 1435 2952 1570 3017; x_wconf 87' lang='lat' dir='ltr'>indutus</span> <span class='ocrx_word' id='word_1_122' title='bbox 1586 2952 1642 3015; x_wconf 91' lang='lat' dir='ltr'>ha·</span> 
     </span>
     <span class='ocr_line' id='line_1_18' title="bbox 429 3058 1640 3145; baseline -0.002 -19"><span class='ocrx_word' id='word_1_123' title='bbox 429 3062 500 3126; x_wconf 90' lang='lat' dir='ltr'>bitu</span> <span class='ocrx_word' id='word_1_124' title='bbox 525 3061 675 3135; x_wconf 89' lang='lat' dir='ltr'>viatorio,</span> <span class='ocrx_word' id='word_1_125' title='bbox 701 3058 809 3143; x_wconf 89' lang='lat' dir='ltr'>ibique</span> <span class='ocrx_word' id='word_1_126' title='bbox 833 3058 889 3124; x_wconf 89' lang='lat' dir='ltr'>SS.</span> <span class='ocrx_word' id='word_1_127' title='bbox 916 3058 1166 3124; x_wconf 83' lang='lat' dir='ltr'>Sacramentum</span> <span class='ocrx_word' id='word_1_128' title='bbox 1194 3058 1336 3125; x_wconf 88' lang='lat' dir='ltr'>adorans</span> <span class='ocrx_word' id='word_1_129' title='bbox 1366 3059 1484 3124; x_wconf 85' lang='lat' dir='ltr'>fundet</span> <span class='ocrx_word' id='word_1_130' title='bbox 1515 3080 1640 3145; x_wconf 86' lang='lat' dir='ltr'>preces;</span> 
     </span>
     <span class='ocr_line' id='line_1_19' title="bbox 429 3165 1641 3254; baseline -0.002 -23"><span class='ocrx_word' id='word_1_131' title='bbox 429 3173 545 3254; x_wconf 88' lang='lat' dir='ltr'>postea</span> <span class='ocrx_word' id='word_1_132' title='bbox 568 3173 659 3241; x_wconf 87' lang='lat' dir='ltr'>stans</span> <span class='ocrx_word' id='word_1_133' title='bbox 684 3166 781 3232; x_wconf 90' lang='lat' dir='ltr'>etad</span> <span class='ocrx_word' id='word_1_134' title='bbox 806 3165 923 3230; x_wconf 81' lang='lat' dir='ltr'>altare</span> <span class='ocrx_word' id='word_1_135' title='bbox 948 3186 1129 3231; x_wconf 85' lang='lat' dir='ltr'>conversus</span> <span class='ocrx_word' id='word_1_136' title='bbox 1153 3168 1186 3230; x_wconf 91' lang='lat' dir='ltr'>iu</span> <span class='ocrx_word' id='word_1_137' title='bbox 1210 3167 1317 3230; x_wconf 84' lang='lat' dir='ltr'>latere</span> <span class='ocrx_word' id='word_1_138' title='bbox 1341 3167 1520 3252; x_wconf 83' lang='lat' dir='ltr'>Epistolae,</span> <span class='ocrx_word' id='word_1_139' title='bbox 1553 3170 1641 3232; x_wconf 87' lang='lat' dir='ltr'>reci-</span> 
     </span>
     <span class='ocr_line' id='line_1_20' title="bbox 430 3272 1640 3365; baseline -0.003 -24"><span class='ocrx_word' id='word_1_140' title='bbox 430 3276 514 3341; x_wconf 87' lang='lat' dir='ltr'>tabit</span> <span class='ocrx_word' id='word_1_141' title='bbox 537 3275 698 3359; x_wconf 88' lang='lat' dir='ltr'>psalmum</span> <span class='ocrx_word' id='word_1_142' title='bbox 722 3274 769 3338; x_wconf 90' lang='lat' dir='ltr'>De</span> <span class='ocrx_word' id='word_1_143' title='bbox 792 3272 964 3359; x_wconf 82' lang='lat' dir='ltr'>prolandis</span> <span class='ocrx_word' id='word_1_144' title='bbox 988 3274 1129 3338; x_wconf 77' lang='lat' dir='ltr'>clamavi</span> <span class='ocrx_word' id='word_1_145' title='bbox 1153 3280 1216 3339; x_wconf 87' lang='lat' dir='ltr'>etc.</span> <span class='ocrx_word' id='word_1_146' title='bbox 1241 3294 1314 3365; x_wconf 85' lang='lat' dir='ltr'>eum</span> <span class='ocrx_word' id='word_1_147' title='bbox 1339 3280 1370 3347; x_wconf 67' lang='lat' dir='ltr'>i.</span> <span class='ocrx_word' id='word_1_148' title='bbox 1396 3274 1552 3357; x_wconf 86' lang='lat' dir='ltr'>Raquiem</span> <span class='ocrx_word' id='word_1_149' title='bbox 1581 3294 1640 3338; x_wconf 89' lang='lat' dir='ltr'>ae·</span> 
     </span>
     <span class='ocr_line' id='line_1_21' title="bbox 429 3381 1551 3467; baseline -0.004 -18"><span class='ocrx_word' id='word_1_150' title='bbox 429 3384 560 3450; x_wconf 81' lang='lat' dir='ltr'>tarnam</span> <span class='ocrx_word' id='word_1_151' title='bbox 583 3388 646 3447; x_wconf 89' lang='lat' dir='ltr'>etc.</span> <span class='ocrx_word' id='word_1_152' title='bbox 671 3388 705 3447; x_wconf 90' lang='lat' dir='ltr'>et</span> <span class='ocrx_word' id='word_1_153' title='bbox 727 3382 938 3467; x_wconf 90' lang='lat' dir='ltr'>antiphonam</span> <span class='ocrx_word' id='word_1_154' title='bbox 963 3381 997 3447; x_wconf 92' lang='lat' dir='ltr'>Si</span> <span class='ocrx_word' id='word_1_155' title='bbox 1021 3383 1212 3464; x_wconf 77' lang='lat' dir='ltr'>iniquitates</span> <span class='ocrx_word' id='word_1_156' title='bbox 1236 3382 1465 3450; x_wconf 78' lang='lat' dir='ltr'>observaveris</span> <span class='ocrx_word' id='word_1_157' title='bbox 1488 3389 1551 3447; x_wconf 89' lang='lat' dir='ltr'>eto.</span> 
     </span>
    </p>
   </div>
   <div class='ocr_carea' id='block_1_7' title="bbox 520 3616 1433 3705">
    <p class='ocr_par' dir='ltr' id='par_1_9' title="bbox 520 3616 1433 3705">
     <span class='ocr_line' id='line_1_22' title="bbox 520 3616 1433 3705; baseline -0.002 -16"><span class='ocrx_word' id='word_1_158' title='bbox 520 3631 684 3703; x_wconf 82' lang='lat' dir='ltr'>Subiunget</span> <span class='ocrx_word' id='word_1_159' title='bbox 703 3616 805 3683; x_wconf 68' lang='lat' dir='ltr'>Pater</span> <span class='ocrx_word' id='word_1_160' title='bbox 827 3621 942 3682; x_wconf 62' lang='lat' dir='ltr'><strong>noster</strong></span> <span class='ocrx_word' id='word_1_161' title='bbox 966 3638 995 3689; x_wconf 93' lang='lat' dir='ltr'>et</span> <span class='ocrx_word' id='word_1_162' title='bbox 1015 3635 1212 3705; x_wconf 88' lang='lat' dir='ltr'>prosequetur</span> <span class='ocrx_word' id='word_1_163' title='bbox 1230 3637 1355 3696; x_wconf 85' lang='lat' dir='ltr'>secreto,</span> <span class='ocrx_word' id='word_1_164' title='bbox 1374 3638 1433 3687; x_wconf 87' lang='lat' dir='ltr'>tum</span> 
     </span>
    </p>
   </div>
   <div class='ocr_carea' id='block_1_8' title="bbox 518 3846 1259 4680">
    <p class='ocr_par' dir='ltr' id='par_1_10' title="bbox 519 3846 1259 4059">
     <span class='ocr_line' id='line_1_23' title="bbox 519 3846 1259 3924; baseline -0.003 -8"><span class='ocrx_word' id='word_1_165' title='bbox 519 3857 550 3924; x_wconf 74' lang='lat' dir='ltr'>i.</span> <span class='ocrx_word' id='word_1_166' title='bbox 598 3850 642 3916; x_wconf 80' lang='lat' dir='ltr'>Et</span> <span class='ocrx_word' id='word_1_167' title='bbox 665 3870 706 3916; x_wconf 90' lang='lat' dir='ltr'>ne</span> <span class='ocrx_word' id='word_1_168' title='bbox 730 3870 789 3916; x_wconf 90' lang='lat' dir='ltr'>nos</span> <span class='ocrx_word' id='word_1_169' title='bbox 813 3848 949 3915; x_wconf 78' lang='lat' dir='ltr'>inducas</span> <span class='ocrx_word' id='word_1_170' title='bbox 974 3850 1008 3915; x_wconf 93' lang='lat' dir='ltr'>in</span> <span class='ocrx_word' id='word_1_171' title='bbox 1032 3846 1259 3916; x_wconf 86' lang='lat' dir='ltr'>teutatidnem.</span> 
     </span>
     <span class='ocr_line' id='line_1_24' title="bbox 520 3975 1044 4059; baseline -0.008 -15"><span class='ocrx_word' id='word_1_172' title='bbox 520 3989 555 4059; x_wconf 76' lang='lat' dir='ltr'>nt.</span> <span class='ocrx_word' id='word_1_173' title='bbox 602 3977 666 4044; x_wconf 91' lang='lat' dir='ltr'>Sed</span> <span class='ocrx_word' id='word_1_174' title='bbox 690 3976 796 4042; x_wconf 90' lang='lat' dir='ltr'>libera</span> <span class='ocrx_word' id='word_1_175' title='bbox 819 3996 879 4042; x_wconf 90' lang='lat' dir='ltr'>nos</span> <span class='ocrx_word' id='word_1_176' title='bbox 903 3996 923 4040; x_wconf 98' lang='lat' dir='ltr'>a</span> <span class='ocrx_word' id='word_1_177' title='bbox 947 3975 1044 4041; x_wconf 87' lang='lat' dir='ltr'>malo.</span> 
     </span>
    </p>

    <p class='ocr_par' dir='ltr' id='par_1_11' title="bbox 519 4101 879 4189">
     <span class='ocr_line' id='line_1_25' title="bbox 519 4101 879 4189; baseline -0.006 -21"><span class='ocrx_word' id='word_1_178' title='bbox 519 4110 550 4177; x_wconf 67' lang='lat' dir='ltr'>i.</span> <span class='ocrx_word' id='word_1_179' title='bbox 597 4104 746 4189; x_wconf 80' lang='lat' dir='ltr'>aporta</span> <span class='ocrx_word' id='word_1_180' title='bbox 770 4101 879 4168; x_wconf 87' lang='lat' dir='ltr'>inferi.</span> 
     </span>
    </p>

    <p class='ocr_par' dir='ltr' id='par_1_12' title="bbox 520 4227 1169 4310">
     <span class='ocr_line' id='line_1_26' title="bbox 520 4227 1169 4310; baseline 0 -17"><span class='ocrx_word' id='word_1_181' title='bbox 520 4240 554 4310; x_wconf 72' lang='lat' dir='ltr'>n.</span> <span class='ocrx_word' id='word_1_182' title='bbox 601 4229 700 4303; x_wconf 86' lang='lat' dir='ltr'>Erue,</span> <span class='ocrx_word' id='word_1_183' title='bbox 726 4227 871 4303; x_wconf 86' lang='lat' dir='ltr'>Damius,</span> <span class='ocrx_word' id='word_1_184' title='bbox 896 4230 1021 4293; x_wconf 88' lang='lat' dir='ltr'>animas</span> <span class='ocrx_word' id='word_1_185' title='bbox 1046 4228 1169 4295; x_wconf 83' lang='lat' dir='ltr'>ebrum.</span> 
     </span>
    </p>

    <p class='ocr_par' dir='ltr' id='par_1_13' title="bbox 518 4354 1101 4445">
     <span class='ocr_line' id='line_1_27' title="bbox 518 4354 1101 4445; baseline 0 -26"><span class='ocrx_word' id='word_1_186' title='bbox 518 4361 549 4428; x_wconf 66' lang='lat' dir='ltr'>i.</span> <span class='ocrx_word' id='word_1_187' title='bbox 597 4354 819 4438; x_wconf 86' lang='lat' dir='ltr'>Requiascaut</span> <span class='ocrx_word' id='word_1_188' title='bbox 841 4357 875 4419; x_wconf 92' lang='lat' dir='ltr'>in</span> <span class='ocrx_word' id='word_1_189' title='bbox 899 4374 989 4439; x_wconf 87' lang='lat' dir='ltr'>pace.</span> <span class='ocrx_word' id='word_1_190' title='bbox 1097 4439 1101 4445; x_wconf 17' lang='grc' dir='ltr'><strong>Α</strong></span> 
     </span>
    </p>

    <p class='ocr_par' dir='ltr' id='par_1_14' title="bbox 518 4480 715 4560">
     <span class='ocr_line' id='line_1_28' title="bbox 518 4480 715 4560; baseline -0.005 -16"><span class='ocrx_word' id='word_1_191' title='bbox 518 4489 553 4560; x_wconf 71' lang='lat' dir='ltr'>m.</span> <span class='ocrx_word' id='word_1_192' title='bbox 602 4480 715 4545; x_wconf 80' lang='lat' dir='ltr'>Amen.</span> 
     </span>
    </p>

    <p class='ocr_par' dir='ltr' id='par_1_15' title="bbox 518 4604 1220 4680">
     <span class='ocr_line' id='line_1_29' title="bbox 518 4604 1220 4680; baseline 0.006 -11"><span class='ocrx_word' id='word_1_193' title='bbox 518 4613 550 4680; x_wconf 68' lang='lat' dir='ltr'>i.</span> <span class='ocrx_word' id='word_1_194' title='bbox 597 4604 732 4673; x_wconf 80' lang='lat' dir='ltr'>Damius</span> <span class='ocrx_word' id='word_1_195' title='bbox 756 4606 876 4674; x_wconf 85' lang='lat' dir='ltr'>exaudi</span> <span class='ocrx_word' id='word_1_196' title='bbox 901 4606 1082 4675; x_wconf 75' lang='lat' dir='ltr'>orationem</span> <span class='ocrx_word' id='word_1_197' title='bbox 1106 4629 1220 4676; x_wconf 92' lang='lat' dir='ltr'>meam.</span> 
     </span>
    </p>
   </div>
   <div class='ocr_carea' id='block_1_9' title="bbox 0 0 2092 5717">
    <p class='ocr_par' dir='ltr' id='par_1_16' title="bbox 0 0 2092 5717">
     <span class='ocr_line' id='line_1_30' title="bbox 0 0 2092 5717; baseline 0 1"><span class='ocrx_word' id='word_1_198' title='bbox 0 0 2092 5717; x_wconf 95' lang='lat' dir='ltr'> </span> 
     </span>
    </p>
   </div>
  </div>
 </body>
</html>
