4175 5717
972 868 1046 915 car.
1064 849 1112 915 111ss
1475 889 1480 896 ·
1522 849 1565 912 49

432 995 504 1039 nna
527 972 719 1061 procumbet
744 974 777 1037 in
801 974 942 1059 propriis
966 974 1076 1039 stallis
1093 969 1131 1038 et¹
1143 986 1323 1058 consurget
1346 994 1445 1057 quum
1471 973 1655 1058 Episcopus

430 1082 593 1148 thronum
616 1080 814 1146 ascenderit.
1288 1135 1290 1139 .

525 1189 598 1254 423.
624 1187 732 1253 Stabit
747 1186 825 1252 dum
842 1188 1039 1253 recitabitur
1056 1189 1175 1264 Pater,
1193 1187 1273 1264 Ave,
1291 1194 1372 1252 0010
1384 1188 1500 1252 horam
1518 1188 1661 1252 Nonam·

524 1296 597 1361 424.
622 1296 758 1381 100ορ10
781 1297 887 1381 primo
911 1295 1038 1380 psalmo
1062 1295 1102 1360 de
1126 1297 1228 1372 Nona,
1253 1294 1446 1384 considebi't.

524 1404 599 1468 425.
624 1403 803 1469 submittet
826 1388 1059 1486 3000000001
1084 1402 1265 1487 Episcopus
1289 1401 1330 1466 ad
1354 1393 1577 1465 faldistorium
1601 1401 1656 1466 de·

432 1510 574 1578 scendet
595 1529 657 1596 pro
678 1510 852 1576 Miserere
875 1508 1046 1586 recitando
1070 1516 1104 1573 01
1128 1530 1226 1592 qurum
1252 1509 1371 1573 redibit
1394 1510 1462 1593 ipse
1494 1507 1538 1572 ad
1566 1508 1657 1573 thro·

436 1639 528 1695 num,
552 1623 743 1702 consurget.
1518 1634 1523 1646 “

524 1726 599 1790 426.
624 1726 740 1798 Genua
762 1722 875 1790 flectet
898 1725 995 1787 etiam
1020 1722 1062 1787 ad
1085 1723 1290 1787 ablutionem
1314 1737 1469 1787 ruanuum
1493 1713 1655 1808 Episcopi.

526 1832 599 1899 427.
625 1831 732 1897 Stabit
756 1831 832 1896 dnm
858 1829 1038 1917 Episcopus
1064 1830 1220 1894 induetur
1244 1831 1348 1895 sacris
1380 1828 1589 1905 indu-mentis,
1624 1834 1658 1894 et

435 1944 471 2007 in
488 1940 618 2024 reliqua
632 1939 805 2005 functione
828 1942 988 2022 sequetur
1011 1937 1210 2001 documenta
1234 1936 1356 2002 tradita
1379 1956 1439 2022 pro
1463 1935 1565 2000 Missa
1580 1952 1659 2023 pon·

438 2046 566 2113 tidcali.

525 2154 599 2219 423,
624 2154 661 2219 10
684 2153 913 2220 benedictione
948 2158 980 2216 et
1012 2154 1264 2217 consecratione
1295 2151 1566 2235 0100001000οο
1601 2150 1658 2216 liet

433 2266 469 2329 in
496 2263 595 2328 Missa
618 2263 757 2328 solemni
790 2261 893 2326 stabit
923 2280 1063 2345 semper,
1095 2263 1242 2343 quamvis
1275 2260 1459 2345 Episcopus
1484 2269 1550 2325 nita
1581 2277 1656 2325 oum

433 2372 506 2436 suis
529 2371 688 2436 ministris
712 2367 881 2433 interdum
904 2367 1042 2433 sedebit.

526 2477 601 2543 429.
625 2476 677 2542 Ad
701 2476 907 2542 ablutionem
930 2476 1267 2562 manuum’Episcopi
1289 2476 1461 2540 submittet
1484 2494 1601 2561 genua.

524 2584 599 2650 430.
624 2585 732 2650 Stabit
749 2586 848 2650 etiam
873 2590 946 2669 post
963 2584 1290 2659 consummationem,
1313 2582 1471 2666 siquidem
1489 2585 1520 2646 in
1540 2583 1657 2648 ,411000

435 2695 624 2782 expositum
648 2695 713 2758 erit
737 2692 794 2759 SS.
821 2691 1083 2758 Sacramentum.

526 2801 601 2866 431.
627 2800 729 2867 Sacro
753 2806 898 2886 peracto,
922 2801 1150 2883 unusquisque
1167 2800 1278 2863 locum
1295 2798 1357 2864 sibi
1372 2797 1518 2864 debitum
1535 2782 1568 2864 in
1585 2822 1659 2885 pro-

436 2911 588 2975 cessione
610 2914 728 2984 sumet,
753 2903 1020 2994 genuflexionem
1044 2907 1208 2992 duplicem
1235 2906 1360 2970 iaciens
1385 2908 1417 2971 10
1441 2905 1547 2971 medio
1571 2909 1657 2972 Pre-

436 3017 588 3102 sbyterii.

527 3122 600 3186 432.
627 3122 689 3196 Qui
712 3119 753 3186 ad
777 3121 948 3186 dexteram
974 3119 1113 3197 incedet,
1138 3121 1279 3187 dextera
1294 3120 1435 3207 gestabit
1454 3122 1657 3186 intorticium

432 3252 495 3301 seu
518 3229 691 3295 candelam
715 3248 887 3294 accensam
911 3234 943 3293 et
969 3249 1068 3294 manu
1093 3230 1228 3293 sinistra
1252 3229 1405 3294 biretum:
1429 3228 1484 3311 qui
1509 3248 1590 3291 vero
1613 3228 1654 3292 ad

434 3341 603 3404 sinistram
628 3335 768 3411 incedet,
793 3336 937 3421 gestabit
962 3338 1165 3401 intorticiuru
1190 3342 1247 3401 aut
1284 3337 1455 3402 candelam
1488 3355 1584 3400 manu
1610 3337 1656 3399 si·

435 3453 555 3518 nistra,
580 3445 720 3510 dextera
743 3445 895 3508 biretum:
921 3445 946 3509 si
971 3445 1043 3527 quis
1061 3443 1187 3507 medius
1204 3446 1293 3508 inter
1316 3444 1399 3509 alios
1417 3444 1500 3508 duos
1517 3442 1655 3515 incedet.

437 3556 525 3619 seret
549 3552 722 3617 candelam
745 3558 804 3616 001
826 3551 1031 3616 intorticium
1056 3570 1154 3615 manu
1178 3551 1327 3616 dextera.

528 3661 601 3725 433.
626 3660 688 3725 Ubi
712 3658 752 3723 ad
776 3658 937 3723 sacellum
962 3663 1099 3722 ventum
1124 3659 1197 3734 erit,
1224 3659 1254 3721 10
1281 3678 1344 3741 000
1377 3657 1432 3724 SS.
1467 3658 1658 3723 Sacramen-

437 3782 508 3836 tum
534 3773 731 3854 exponetur,
756 3765 853 3831 nulla
884 3765 973 3829 sacta
1001 3764 1042 3829 ad
1075 3765 1192 3830 Altaro
1223 3763 1465 3850 genuflexione,
1498 3766 1658 3830 consistet

436 3880 513 3943 loco
537 3877 675 3959 quisque
693 3873 752 3938 sibi
768 3871 940 3949 attributo,
957 3872 1162 3937 advertendo
1179 3870 1265 3957 quod
1280 3874 1484 3957 antiquiores
1500 3880 1657 3937 maneant

436 3986 574 4073 propius
598 3981 798 4068 Episcopum·
818 3984 917 4063 atque
942 3979 1071 4044 Altare.
1173 4025 1175 4029 -

527 4091 601 4155 434.
626 4088 892 4173 superveniente
919 4088 1082 4173 Episcopo
1106 4108 1180 4152 cum
1205 4086 1261 4152 SS.
1287 4087 1509 4151 Sacramento·
1539 4086 1658 4151 Glerus

433 4206 471 4267 in
495 4217 606 4284 genua
629 4195 826 4283 procumbet
849 4202 882 4260 01
906 4194 1104 4280 genuflexus
1127 4195 1272 4259 manebit
1295 4194 1399 4261 donec
1422 4194 1536 4259 clausa
1556 4194 1659 4259 fuerit

433 4305 589 4374 custodia
613 4306 646 4369 in
670 4323 737 4387 qua
761 4302 817 4368 SS.
843 4302 1094 4368 Sacramentum
1119 4308 1315 4388 exponetur.
1410 4297 1413 4302 '

529 4412 603 4478 4311.
629 4410 754 4476 Deinde
779 4409 927 4476 discedet
951 4410 1127 4474 ordinatim
1152 4408 1192 4473 de
1216 4409 1350 4484 sacello,
1367 4428 1529 4495 peragens
1546 4411 1577 4472 in
1596 4430 1661 4475 me·

433 4524 490 4588 dio
515 4520 714 4606 presbyterii
739 4516 1008 4604 genuflexionem
1033 4513 1196 4602 duplicem
1221 4524 1299 4580 0010
1323 4515 1378 4582 SS.
1396 4516 1657 4581 Sacramentum.

433 4634 473 4696 ln
498 4626 652 4692 exeundo
676 4627 716 4690 de
741 4626 893 4713 cappella
918 4626 1087 4711 praedicta
1112 4625 1217 4689 nadal
1243 4624 1414 4691 candelam
1439 4635 1497 4688 aut
1532 4626 1660 4691 intorti·

433 4740 525 4803 cium
548 4735 673 4799 clerico
696 4735 737 4800 ad
761 4735 848 4799 hanc
873 4754 940 4799 reru
965 4733 1129 4818 delegato.

1550 4846 1568 4902 -1
