4175 5717
529 684 596 758 282
986 707 1053 760 tre.
1078 705 1112 760 11.

441 819 571 885 demin
595 821 795 905 repositione
818 819 995 886 adhibetur
1018 839 1077 905 pro
1101 819 1338 897 benedictione,
1364 837 1564 906 quamquam
1583 837 1662 906 pro-

440 929 580 994 cessioni
603 928 698 994 locus
722 947 789 992 non
813 933 910 1005 esset
935 927 1083 1014 pluviale
1115 928 1274 994 concolor
1304 929 1517 1014 paramentis,
1541 926 1662 1012 quibu-

441 1057 533 1102 scum
549 1035 739 1101 cantabitur
750 1035 863 1118 Missa;
876 1035 1108 1103 Ostensorium
1123 1035 1199 1100 albo
1216 1034 1293 1101 velo
1309 1041 1511 1114 contectum;
1525 1033 1663 1122 capsula

440 1166 514 1211 cum
538 1145 647 1210 hostia
671 1141 896 1209 consecranda
919 1144 983 1207 iam
1007 1145 1040 1207 in
1064 1144 1185 1209 lunula
1209 1143 1397 1211 Ostensorii
1428 1143 1551 1230 aptata·
1577 1143 1662 1210 liber

440 1274 514 1319 eum
538 1251 691 1338 precihus
714 1257 749 1316 et
772 1251 976 1316 orationibus
1002 1251 1181 1317 recitandis
1197 1258 1268 1317 tum
1284 1271 1344 1338 pro
1362 1251 1575 1330 celebrante,
1592 1257 1662 1316 tum

439 1363 538 1426 etiam
562 1379 622 1445 pro
646 1358 773 1424 duobus
797 1358 1001 1436 cantoribus;
1027 1359 1115 1425 stola
1138 1359 1215 1424 alba
1238 1379 1297 1445 pro
1322 1359 1479 1436 Sacrista,
1504 1360 1532 1424 si
1557 1377 1664 1446 expe-

440 1472 565 1534 siturus
589 1470 654 1533 erit
677 1466 734 1534 SS.
760 1467 1022 1544 Sacramentum,
1041 1474 1078 1534 ut
1094 1467 1248 1554 deinceps
1264 1467 1426 1534 tradetur.

524 1578 578 1641 28.
603 1575 725 1641 Plures
748 1574 864 1640 hastae
887 1594 962 1640 cum
985 1576 1128 1661 gossipio
1152 1581 1265 1641 cerato
1281 1577 1417 1641 seorsim
1433 1579 1606 1662 ponentur
1621 1571 1662 1640 ad

436 1685 663 1753 accendendas
687 1683 813 1750 Altaris
837 1683 1003 1760 candelas,
1020 1689 1056 1748 et
1071 1683 1181 1750 brevis
1199 1683 1290 1750 scala
1305 1703 1364 1750 sau
1380 1703 1555 1751 scamnum
1577 1702 1663 1750 com·

438 1794 568 1860 modum
591 1792 632 1857 ad
655 1790 944 1857 conscendendum
967 1791 1098 1857 Altare.

524 1901 577 1966 29.
602 1898 698 1984 Apud
721 1899 858 1964 abacum
885 1898 1139 1985 praeparabitur
1170 1898 1262 1964 Crux
1292 1899 1561 1984 processionalis;
1587 1897 1661 1964 loco

437 2015 621 2094 opportune
645 2006 879 2072 baldachinum
902 2005 969 2070 albi
993 2006 1115 2072 coloris
1132 2006 1253 2071 hastile
1270 2012 1304 2071 et
1322 2012 1465 2090 quatuor
1489 2003 1662 2092 lampades

435 2116 630 2200 grandiores
653 2114 757 2180 hastis
782 2111 913 2188 infixae,
938 2115 965 2178 si
989 2111 1029 2178 de
1053 2114 1196 2180 ecclesia
1220 2115 1387 2198 processio
1418 2115 1553 2191 exierit
1579 2133 1661 2180 can-

436 2224 531 2288 delae
554 2229 587 2288 et
611 2223 779 2287 intorticia
803 2221 901 2286 Glero
925 2220 1162 2286 distribuenda.
1187 2221 1277 2286 Haeo
1300 2223 1410 2286 omnia
1440 2223 1474 2286 in
1502 2227 1662 2307 promptu

435 2339 535 2397 erunt
558 2334 584 2396 si
608 2333 702 2396 locus
727 2332 791 2396 erit
814 2331 1026 2415 processioni,
1051 2349 1147 2394 secus
1177 2349 1237 2416 pro
1271 2330 1478 2417 expositione
1513 2335 1661 2414 quatuor

435 2445 564 2504 tentum
587 2438 704 2504 clerici
728 2439 898 2503 intorticia
921 2435 1144 2502 sustinebunt.
1262 2467 1268 2482 -
1612 2427 1614 2432 ’

523 2547 576 2612 30.
600 2546 637 2609 ln
661 2546 818 2621 sacrario,
843 2543 1116 2629 quemadmodum
1141 2546 1173 2609 in
1197 2543 1272 2610 aliis
1295 2544 1405 2610 Missis
1441 2543 1659 2622 solemnibus,

436 2659 627 2737 paramenta
650 2652 948 2738 praeparabuntur.

921 2868 964 2936 In
985 2870 1171 2954 functione

520 3083 572 3148 31.
598 3083 699 3148 Missa
721 3084 877 3149 solemnis
901 3084 1092 3149 cantabitur
1109 3083 1227 3149 ritibus
1250 3103 1320 3170 cap.
1345 3083 1404 3150 IV.
1427 3085 1660 3172 praescriptis.

433 3189 527 3265 Quod
551 3189 591 3254 ad
623 3192 723 3255 ritum
753 3191 874 3257 Missae
910 3191 1143 3257 observabitur
1166 3189 1252 3275 quod
1284 3210 1372 3257 num.
1400 3191 1472 3268 106,
1497 3198 1534 3259 et
1564 3213 1657 3278 seqq.

433 3298 530 3363 huius
554 3299 671 3384 capitis
694 3298 848 3385 deinceps
872 3297 1035 3365 tradetur.

519 3404 571 3469 32.
594 3404 645 3470 Ad
662 3401 875 3472 Offertorium
893 3404 1120 3471 Subdiaoonus
1137 3407 1237 3472 simul
1254 3427 1328 3472 cum
1346 3405 1463 3484 calice,
1480 3407 1538 3472 vel
1555 3409 1661 3474 etiam

433 3511 719 3578 anremoniarius
741 3511 782 3576 ad
806 3513 924 3578 Altero
948 3509 1066 3578 afferet
1088 3515 1257 3599 capsulam
1285 3534 1361 3581 cum
1391 3514 1501 3580 hostia
1534 3535 1661 3584 conse-

432 3617 564 3694 cranda,
589 3639 687 3702 quam
710 3619 875 3685 Diaconus
899 3640 917 3685 e
940 3621 1079 3707 capsula
1099 3623 1256 3688 extrahet
1277 3642 1317 3687 ac
1339 3627 1440 3707 ponet
1456 3641 1477 3687 a
1492 3621 1606 3690 latere
1625 3624 1661 3690 in

431 3731 560 3812 patena,
584 3745 680 3809 quam
704 3726 816 3793 tradet
839 3728 1030 3794 celebranti
1054 3749 1113 3814 pro
1138 3729 1317 3795 oblatione.
1342 3728 1526 3796 celebrans
1542 3737 1661 3798 autem

430 3841 606 3917 antequam
631 3834 772 3898 hostiam
795 3834 916 3900 Missae
940 3842 1042 3921 ponat
1064 3838 1096 3900 in
1121 3837 1298 3923 corporali,
1323 3836 1424 3902 tollet
1454 3835 1495 3902 de
1531 3843 1662 3924 patena

430 3942 572 4006 hostiam
595 3942 627 4005 in
652 3943 836 4008 ostensorio
860 3943 1034 4009 locandam
1050 3963 1189 4029 eamque
1214 3950 1315 4031 ponet
1331 3965 1350 4011 a
1367 3945 1512 4012 sinistris
1531 3946 1565 4012 in
1582 3965 1660 4016 eor·

430 4049 547 4134 penali,
572 4069 693 4114 cavens
719 4069 761 4114 ne
784 4051 952 4136 manipulo
976 4051 1131 4137 deinceps
1155 4054 1337 4138 contingat.
1505 4031 1514 4042 ⁸

516 4157 569 4222 33.
595 4157 666 4221 Duo
690 4157 847 4241 pluresve
871 4158 985 4223 clerici
1002 4165 1149 4245 tempore
1166 4155 1276 4225 debito
1292 4157 1477 4227 accendent
1493 4157 1659 4230 candelas

432 4264 568 4330 hltaris.
597 4265 632 4328 ld
663 4263 721 4329 liet
753 4265 828 4350 plus
860 4271 1009 4332 minusve
1044 4287 1119 4332 sero
1151 4287 1210 4352 pro
1242 4269 1428 4351 quantitate
1463 4288 1648 4337 cereorum

430 4371 566 4456 ideoque
590 4373 686 4437 nulla
709 4375 811 4438 statui
834 4361 943 4459 po'test
966 4383 1059 4440 certa
1084 4375 1211 4460 regula.
1236 4363 1388 4460 Aequum
1411 4381 1525 4443 autem
1552 4385 1643 4446 esset

430 4483 467 4541 ut
490 4501 602 4546 omnes
626 4479 785 4545 candelae
808 4487 886 4546 ante
910 4479 1131 4548 elevationem
1156 4489 1268 4548 essent
1293 4483 1326 4547 in
1350 4482 1461 4550 Altari
1477 4503 1637 4552 accensas

518 4587 570 4650 34.
599 4587 707 4664 Quum
738 4587 918 4654 celebrans
956 4589 1144 4676 fragmenta
1178 4590 1318 4677 colliget
1351 4597 1425 4678 post.
1456 4613 1482 4656 s.
1514 4593 1639 4660 Hostia
