4175 5717
662 471 666 480 ι
740 467 747 481 Ι

516 921 579 990 132
971 942 1039 990 arn.
1064 942 1099 990 n.

517 1049 568 1115 15.
594 1050 697 1115 Missa
721 1049 867 1134 Vigiliae
890 1055 942 1115 est
965 1049 1122 1115 solemnis
1140 1055 1264 1135 etpost
1280 1050 1405 1115 Horam
1425 1067 1550 1114 nonam
1572 1067 1644 1116 can·

427 1165 529 1224 tatur.
555 1158 734 1224 Sonabitur
757 1159 901 1243 organis,
926 1159 1013 1223 sacri
1037 1158 1183 1222 Ministri
1206 1157 1389 1224 induentur
1412 1156 1592 1224 dalmatica
1614 1163 1646 1224 et

426 1265 599 1331 tunicella.
624 1265 745 1332 Clarus
767 1285 834 1330 uon
858 1264 1066 1349 geniculabit
1089 1270 1127 1330 ut
1150 1265 1184 1330 in
1207 1264 1284 1330 aliis
1321 1264 1467 1350 Vigiliis,
1504 1283 1546 1330 ac
1577 1264 1647 1330 Dia-

427 1392 531 1438 conus
554 1372 704 1439 cantabit
725 1373 987 1440 Benedicamus
1010 1372 1158 1438 Domino
1175 1371 1244 1438 illis
1260 1369 1347 1438 uotis
1365 1373 1513 1448 musicis,
1533 1372 1645 1456 quibus

428 1485 585 1545 cantatur
608 1482 642 1546 in
665 1480 762 1545 festis
785 1478 826 1544 de
851 1481 919 1545 ritu
942 1478 1077 1566 duplici.

518 1588 568 1652 16.
593 1587 627 1653 Si
651 1587 777 1672 Vigilia
800 1589 864 1653 ista
887 1588 920 1651 in
944 1588 1148 1652 Dominicam
1173 1586 1336 1663 inciderit,
1369 1588 1472 1653 Missa
1505 1586 1646 1652 cantabi-

428 1701 486 1759 tur
508 1693 583 1780 post
606 1696 752 1762 Tertiam
778 1696 896 1762 ritibus
920 1694 1081 1773 indicatis,
1107 1701 1142 1762 et
1164 1701 1242 1760 ante
1263 1695 1398 1761 Missam
1415 1693 1475 1761 flet
1491 1699 1646 1762 consueta

427 1819 533 1886 aquae
555 1809 690 1869 sanctae
715 1804 872 1890 aspersio.
971 1823 975 1830 ·

975 1945 1105 1959 m

736 2125 788 2182 DE
808 2125 934 2184 FESTO
955 2125 1128 2182 NATALlS
1148 2125 1184 2181 D.
1206 2125 1242 2180 N.
1261 2124 1286 2180 l.
1306 2124 1338 2181 C.

907 2433 1050 2500 carun
1076 2387 1167 2498 xm.

433 2667 460 2730 l.
493 2585 689 2739 Ecclesia
712 2668 932 2733 exornabitur
955 2666 1115 2732 nobiliter
1140 2671 1178 2732 ut
1200 2668 1234 2730 in
1259 2666 1353 2731 festis
1385 2665 1569 2751 primariis,
1602 2683 1654 2732 ex·

429 2778 525 2858 cepto
548 2772 635 2857 quod
659 2775 692 2838 in
716 2776 857 2860 porticu,
881 2775 909 2838 si
932 2773 1052 2849 aderit,
1069 2776 1179 2840 autin
1197 2773 1310 2838 fronte
1327 2772 1461 2837 nullum
1485 2777 1653 2838 statuetur

430 2881 558 2964 signum
591 2881 756 2958 festivum,
791 2887 827 2946 ut
855 2880 926 2946 fieri
959 2881 1045 2946 solet
1077 2884 1110 2945 in
1144 2882 1239 2946 festis
1274 2878 1439 2944 localibus
1465 2878 1507 2944 de
1531 2878 1652 2945 Sancto

430 2988 561 3053 titulari
583 2994 618 3053 et
641 2988 680 3052 de
704 2990 778 3054 aliis
803 2989 933 3054 Sanctis
957 2990 1222 3074 particularibus
1249 2987 1413 3053 ecclesiae
1437 2988 1553 3071 ipsine.

519 3095 550 3160 2.
567 3096 769 3182 Vespertino
785 3097 921 3182 vigiliae
939 3104 1091 3182 tempore
1107 3103 1272 3161 canentur
1288 3095 1462 3179 Vesperae
1479 3093 1649 3169 solemnes,

433 3209 469 3266 ut
491 3221 561 3288 cap.
586 3204 626 3266 ll.
651 3204 750 3268 huius
774 3203 862 3268 libri,

518 3309 549 3373 3.
576 3309 755 3394 Completis
779 3311 949 3396 Vesperis‚
975 3311 1194 3396 disponentur
1218 3311 1328 3374 omnia
1350 3328 1435 3392 quae
1467 3328 1552 3393 opus
1579 3311 1647 3374 sunt

430 3417 469 3480 ad
494 3418 698 3482 functionem
722 3423 919 3482 nocturnam
937 3418 1170 3504 peragendam,
1187 3438 1227 3482 ac
1246 3417 1442 3502 praesertim
1470 3416 1644 3488 cavebitur,

433 3546 474 3589 ne
498 3524 575 3609 quid
600 3526 794 3590 incommodi
817 3546 857 3590 ac
880 3528 1123 3612 pertubationis
1147 3528 1180 3590 in
1210 3526 1416 3590 obscuritate
1453 3524 1562 3589 noctis
1586 3521 1642 3588 flat

437 3632 602 3706 Quocirca
632 3632 765 3697 dabitur
799 3653 900 3718 opera
935 3640 973 3698 ut
1008 3634 1161 3699 Ecclesia
1195 3631 1436 3698 sufficientibus
1471 3630 1638 3696 luminibus

436 3739 607 3805 illustrata
630 3741 673 3803 sit
697 3760 762 3803 non
786 3739 894 3806 solum
918 3742 1157 3822 oi1·ca·Altare
1192 3741 1371 3805 maximum
1405 3745 1440 3803 et
1472 3739 1505 3802 in
1539 3738 1637 3804 chore.

433 3846 489 3913 sed
514 3848 546 3910 in
571 3846 707 3930 reliquis
732 3849 830 3911 ctiam
855 3850 1003 3934 partibus
1027 3855 1062 3914 et
1085 3850 1262 3934 praecipue
1279 3848 1313 3911 in
1329 3844 1463 3930 angulis
1487 3851 1522 3910 et
1546 3863 1636 3909 reces

434 3953 524 4018 sibus
547 3954 795 4019 occultioribus.

520 4062 550 4124 4.
576 4060 667 4125 Unus
699 4062 797 4124 etiam
832 4068 891 4127 aut
924 4063 1039 4148 plures
1076 4064 1246 4148 eligentur
1274 4060 1440 4130 custodes.
1466 4061 1523 4144 qui
1545 4057 1636 4125 ordini

434 4168 609 4252 invigilent
632 4187 671 4231 ac
696 4167 839 4242 silentio,
865 4173 1061 4254 praesertim
1086 4173 1113 4235 si
1139 4177 1269 4235 vastum
1293 4176 1328 4233 et
1362 4167 1461 4233 valde
1494 4168 1636 4251 frequens

435 4275 592 4361 templum
615 4293 748 4338 sacrum
772 4284 869 4341 esset.

521 4381 553 4456 5,
578 4382 614 4444 ln
639 4381 741 4445 choro
765 4381 908 4449 aderunt
931 4388 1068 4468 sonabo
1093 4406 1150 4450 seu
1175 4383 1377 4449 candelabra
1400 4402 1476 4448 cum
1501 4378 1633 4448 candelis

432 4493 501 4555 sive
536 4487 722 4553 intorticiis.
762 4489 894 4554 Altaria
929 4493 1026 4556 etiam
1064 4495 1192 4558 minora
1217 4491 1480 4556 illustrabuntur
1503 4485 1634 4554 candelis

433 4599 547 4673 cereis,
572 4597 606 4660 in
631 4592 774 4659 ecclesia
812 4617 892 4662 vero
932 4602 1070 4665 accendi
1105 4607 1264 4685 poterunt
1303 4599 1432 4663 lumina
1465 4617 1562 4662 cerea
1593 4589 1634 4656 rel

436 4705 572 4770 olearia.

522 4819 613 4883 6:111
652 4819 753 4884 abaco
777 4822 811 4882 et
835 4816 874 4882 ad
917 4817 1034 4882 altare
1075 4817 1252 4881 maximum
1291 4813 1580 4900 praeparabuntur
1606 4827 1636 4870 es
