4175 5717
531 779 593 846 118
977 795 1043 842 nin.
1070 795 1115 844 iv.

438 907 675 994 baptismalem,
707 911 741 970 et
770 905 883 971 dicens
913 907 958 972 N.
991 927 1053 992 epo
1083 915 1113 974 te
1135 905 1273 988 baptizo
1297 905 1334 971 tn
1361 905 1503 972 nornine
1533 903 1648 974 Patrio

436 1037 554 1100 aquam
578 1017 682 1101 prima
705 1017 777 1080 uice
801 1013 947 1080 effundet
971 1017 1004 1080 in
1029 1017 1169 1080 sormam
1198 1015 1314 1080 Crucis
1342 1035 1444 1100 super
1475 1019 1573 1101 caput
1594 1017 1647 1078 in-

438 1125 547 1198 tentis,
572 1131 603 1190 et
626 1123 710 1188 Filii
731 1119 876 1188 effundet
898 1143 1026 1206 aquam,
1054 1131 1090 1187 ut
1113 1143 1223 1208 supra,
1249 1121 1395 1188 secunda
1418 1123 1502 1198 vice,
1520 1129 1552 1190 et
1569 1119 1648 1206 Spi-

437 1232 529 1298 rituc
553 1230 674 1298 Sancti
695 1233 795 1295 tertia
818 1232 900 1296 vice.

370 1421 374 1426 Ι
524 1339 577 1404 35.
602 1340 636 1405 Si
664 1361 733 1404 mos
757 1341 822 1404 erit
849 1339 1041 1405 conterendi
1074 1339 1276 1424 Baptismum
1305 1359 1365 1424 per
1396 1339 1649 1424 immersionem,

437 1449 606 1512 Parcchus
637 1455 767 1532 sumpte
799 1452 940 1530 utraque
973 1467 1072 1510 manu
1105 1447 1242 1520 infante,
1268 1453 1320 1510 ter
1347 1447 1523 1530 immerget
1552 1451 1649 1532 caput

435 1555 527 1619 illius
542 1555 575 1618 lu
591 1555 728 1628 sontem,
744 1556 850 1640 prima
866 1555 938 1619 vice
953 1555 995 1618 ad
1012 1553 1114 1618 verba
1129 1555 1166 1620 in
1191 1553 1330 1620 nomine
1354 1553 1485 1630 Patris,
1507 1551 1650 1618 secunda

435 1669 468 1728 ct
491 1661 580 1734 It'itii.
606 1663 707 1726 tertia
729 1671 762 1729 ct
785 1662 940 1745 Spiritus
956 1661 1085 1729 Sancti.
1103 1661 1173 1726 Hoc
1189 1681 1269 1726 casu
1287 1659 1463 1746 Gompater
1479 1659 1536 1726 vel
1560 1651 1649 1726 Gom·

436 1777 551 1846 mater,
576 1772 646 1835 sive
671 1777 811 1854 uterque
834 1772 932 1836 simul
957 1791 976 1836 c
999 1771 1149 1836 manibus
1182 1769 1325 1834 Parochi
1351 1769 1517 1854 accipient
1544 1767 1650 1834 infan-

435 1885 502 1941 tem
526 1878 736 1962 baptizatum.

521 1985 573 2050 36.
599 1986 774 2071 Gompater
797 1991 830 2050 et
855 1987 1042 2052 Gemmater
1065 1988 1229 2071 accipient
1252 1986 1499 2071 manutergium
1516 1991 1550 2050 et
1573 1983 1649 2050 dili·

435 2096 554 2174 genter
577 2100 756 2179 extergant
778 2101 879 2180 caput
901 2096 1038 2160 infantis
1062 2093 1229 2180 baptizati.

522 2199 575 2263 37.
601 2199 746 2264 Extcrso
770 2202 906 2265 intentis
930 2203 1048 2287 capite,
1073 2201 1217 2266 clericus
1241 2200 1467 2287 praesentabit
1498 2199 1648 2264 Parocho

439 2307 611 2370 vasculum
634 2329 660 2374 s.
685 2308 880 2373 chrismatis
903 2329 978 2374 cum
1002 2308 1189 2394 aliqantulo
1213 2310 1367 2395 gossipio.
1384 2305 1560 2373 Parcchus
1576 2305 1650 2394 pol-

434 2413 531 2477 licem
555 2413 731 2479 dexterum
748 2416 890 2501 intinget
906 2419 939 2480 in
956 2441 981 2484 s.
1000 2417 1151 2482 chrisma
1167 2423 1201 2482 et
1218 2417 1330 2482 dicens
1351 2414 1530 2480 formulam
1557 2407 1648 2482 Dee

435 2522 652 2604 ornnipoteer
675 2529 738 2588 etc.
764 2525 956 2590 unctionem
980 2525 1013 2588 in
1038 2525 1178 2588 formam
1203 2525 1319 2589 Crucis
1335 2523 1435 2588 fbciet
1456 2541 1560 2610 super
1580 2539 1649 2586 ver-

433 2630 531 2693 ticem
555 2631 670 2714 capitis
694 2627 774 2714 (non
798 2652 878 2696 vero
903 2634 936 2696 in
961 2633 1084 2717 tronto)
1103 2633 1267 2719 baptizati,
1290 2651 1388 2716 quum
1418 2627 1649 2716 pronunciabit

436 2737 537 2800 verba
561 2738 641 2821 lpse
664 2745 695 2804 tc
719 2739 818 2805 liniat
844 2740 1040 2807 ebremata
1063 2742 1198 2808 salutis.
1225 2739 1395 2804 Parcchus
1422 2737 1569 2824 gossipio
1596 2755 1649 2802 ex·

434 2851 545 2928 terget
568 2845 722 2930 pollicem
746 2852 781 2910 et
804 2847 958 2922 clericus,
984 2848 1009 2912 si
1034 2867 1131 2912 sacro
1156 2845 1271 2911 ordine
1303 2845 1405 2910 luerit
1435 2845 1646 2920 constitutus,

437 2953 491 3016 vel
516 2954 687 3018 Parcchus
711 2955 780 3038 ipse
804 2954 994 3018 unctionem
1019 2955 1052 3017 in
1069 2955 1176 3039 capite
1193 2953 1347 3038 baptizati
1363 2952 1486 3016 factam
1507 2951 1647 3036 gossipio

437 3065 603 3144 exterget.
630 3061 702 3135 Quo
725 3062 825 3138 lactc,
851 3062 1022 3126 Parcchus
1047 3061 1135 3126 dicet
1159 3061 1241 3127 Pate
1266 3060 1327 3126 tibi
1341 3065 1376 3124 et-
1400 3059 1579 3146 Oompater
1602 3075 1649 3122 ne
1679 3099 1681 3106 ·

436 3167 609 3251 spondebit
631 3168 676 3235 Et
698 3189 779 3234 eum
795 3169 926 3250 spiritu
951 3176 1019 3236 tuo.
1541 3241 1546 3254 ,

523 3276 576 3340 38.
602 3275 752 3341 Clericus
775 3275 886 3340 tradet.
909 3275 1061 3341 Parocho
1085 3283 1212 3342 uestem
1235 3274 1416 3350 candidam,
1442 3292 1502 3338 seu
1533 3273 1649 3338 linteo·

436 3382 505 3446 lum
530 3383 687 3448 mundum
710 3384 844 3458 lineum,
862 3383 948 3467 quod
965 3384 1170 3469 explicatum
1195 3384 1366 3449 Parcchus
1389 3383 1538 3468 imponet
1553 3379 1649 3468 capiti

436 3489 590 3574 baptizati
606 3489 719 3555 dicens
734 3492 862 3573 Accipe
877 3498 1006 3582 vectem
1020 3493 1210 3558 candidam
1227 3497 1289 3557 etc.
1308 3491 1484 3576 compater
1508 3505 1649 3574 respon-

436 3597 526 3662 debit
549 3597 671 3666 Amen.

522 3705 575 3769 39.
601 3707 720 3770 Amata
734 3727 753 3770 a
769 3707 933 3792 baptizato
950 3716 1043 3772 veste
1061 3705 1208 3784 candida,
1227 3707 1370 3772 clericus
1387 3703 1500 3770 tradet
1513 3721 1647 3770 cereum

434 3831 611 3876 accensum
635 3813 787 3879 Parocho
811 3815 922 3880 ethic
946 3815 1123 3901 Compatri‚
1149 3817 1203 3900 qui
1220 3815 1360 3899 accipiet
1385 3811 1483 3876 illum
1499 3811 1649 3886 dextera.

434 3927 468 3983 et
493 3919 661 3984 Parcchus
677 3920 765 3986 dicet
781 3921 811 3985 ei
827 3921 955 4006 Accipe
971 3925 1169 4005 lampadem
1185 3921 1367 3988 ardentem
1386 3925 1450 3984 etc.
1474 3917 1651 4006 compater

435 4027 646 4111 respondebit
669 4027 779 4094 Amen
802 4034 837 4093 et
860 4049 977 4096 cereus
1000 4051 1020 4095 a
1043 4031 1167 4096 clerico
1192 4030 1382 4115 recipietur.

521 4135 573 4198 40.
599 4135 679 4199 Post
702 4135 785 4200 haec
809 4136 979 4204 Parcchus
1009 4138 1096 4204 dicet
1126 4137 1290 4224 baptizato
1314 4135 1359 4200 N.
1384 4135 1473 4201 eade
1500 4135 1541 4203 ιἰι
1560 4143 1651 4220 poce'
1679 4199 1684 4220 ,

432 4249 494 4305 etc.
521 4243 696 4328 compater
719 4253 829 4309 autem
856 4247 1067 4334 respondebit
1091 4248 1212 4314 Amen.

518 4351 570 4418 41.
596 4351 772 4437 Gornpater
797 4375 871 4419 cum
896 4357 1023 4420 infante
1048 4355 1212 4437 baptizato
1235 4353 1390 4428 discedet,
1416 4357 1450 4418 et
1471 4353 1645 4420 Parcchus

431 4455 580 4541 deposita
603 4461 690 4526 stola
712 4461 779 4526 albi
802 4464 936 4538 coloris,
960 4462 1097 4526 accedet
1112 4461 1152 4524 ad
1169 4464 1307 4528 abacum
1324 4469 1358 4528 et
1373 4460 1499 4526 lavabit
1529 4481 1643 4528 manns

429 4571 463 4626 et
496 4571 611 4630 utetur
641 4569 788 4634 medulla
819 4572 912 4654 panis
948 4577 986 4633 ut
1016 4567 1172 4652 pollicem
1207 4571 1299 4637 Oleis
1323 4571 1447 4637 sanctis
1474 4571 1646 4654 perfusum

430 4677 595 4756 extergat.
