4175 5717
515 723 577 788 1211
961 735 1026 782 ura.
1052 735 1098 782 rv.

425 847 598 918 vasculum
623 870 698 916 cum
722 848 803 918 sale,
827 842 1088 930 purificatorium
1112 861 1170 906 seu
1195 841 1347 916 mantile;
1372 839 1511 906 Rituale
1533 845 1565 904 et
1578 859 1633 906 no·

428 961 516 1026 mina
527 960 767 1026 catechumeno
779 952 985 1040 imponenda,
998 947 1230 1036 grandioribus
1241 948 1496 1018 characteribus
1508 947 1634 1038 scripta.

913 1169 956 1234 Ia
978 1167 1161 1252 functione

515 1395 546 1457 6.
572 1393 662 1455 Hora
686 1388 894 1474 praestituta,
912 1403 995 1467 quac
1019 1383 1054 1446 in
1079 1381 1250 1446 matutinis
1265 1401 1336 1446 esse
1353 1379 1462 1458 debet,
1485 1379 1642 1466 siquidem
1688 1401 1691 1410 ·

428 1511 495 1566 tarn
520 1498 702 1570 Parochus‚
726 1514 823 1580 quam
849 1491 1115 1557 catechumenus
1139 1491 1241 1554 ieiuni
1265 1487 1386 1554 debent
1402 1509 1488 1564 esse,
1509 1507 1644 1574 congre-

430 1607 563 1692 gabitur
575 1605 694 1670 Clerus
708 1605 739 1666 in
754 1602 949 1674 sacristiam,
963 1604 995 1663 ct
1008 1597 1126 1663 clerici
1139 1597 1198 1662 sibi
1212 1596 1349 1662 induent
1365 1595 1646 1682 superpelliceum

428 1735 530 1799 supra
553 1719 679 1776 restem
704 1709 856 1774 talarem.
884 1706 1057 1770 Parochus
1081 1703 1208 1770 lavabit
1235 1723 1362 1780 manus,
1395 1701 1516 1768 deinde
1547 1723 1647 1790 supra

431 1819 710 1904 superpelliceum
728 1817 873 1900 imponet
889 1813 949 1876 sibi
967 1813 1087 1876 stolam
1104 1817 1136 1876 et
1154 1809 1312 1876 induetur
1328 1810 1470 1896 pluriali
1484 1811 1646 1876 violaceo.

517 1928 547 1990 7.
575 1924 842 1991 catechumenus
874 1941 949 1987 cum
985 1919 1163 2006 compatre
1194 1919 1352 1984 subsistet
1382 1923 1482 1984 ext-ra
1516 1925 1645 2006 portam

431 2033 604 2098 ecclcsiae.

520 2143 551 2203 8.
577 2141 638 2214 Qui
670 2139 710 2202 ‹le
742 2137 841 2202 Claro
872 2141 961 2204 sunt.
994 2154 1107 2200 omnes
1131 2133 1209 2206 bini.
1235 2135 1352 2200 ultimo
1375 2135 1450 2200 loco
1476 2133 1647 2200 Parochus

434 2256 579 2334 paratus,
596 2253 632 2310 ut
650 2265 760 2332 supra,
777 2251 808 2308 et
827 2245 934 2328 capite
951 2247 1068 2328 operto
1086 2239 1314 2328 proficiscetur
1329 2241 1370 2307 ad
1386 2241 1507 2308 Altera
1531 2243 1647 2318 maius,

434 2358 467 2421 in
491 2375 555 2438 quo
572 2372 713 2437 aequum
737 2356 798 2426 est,
823 2357 858 2416 ut
882 2348 1021 2416 ardeant
1048 2369 1107 2414 sex
1132 2350 1231 2412 cerei.

519 2462 551 2524 9.
577 2461 696 2526 Glerus
726 2465 805 2523 ante
836 2458 956 2524 Altare
986 2476 1086 2541 quum
1120 2457 1262 2530 venerit,
1293 2476 1329 2521 se
1360 2457 1403 2522 ibi
1435 2457 1469 2522 in
1498 2455 1649 2524 ordinem

433 2571 593 2655 disponet,
619 2577 649 2632 et
676 2566 849 2632 Paroclms
873 2565 1029 2651 procedet
1054 2572 1132 2630 ante
1149 2565 1267 2631 Altare
1284 2567 1317 2630 in
1334 2565 1486 2644 medium,
1512 2565 1652 2632 nudabit

435 2686 544 2764 caput,
576 2678 718 2740 birotum
751 2673 858 2739 tradet
892 2673 1021 2738 cuidam
1053 2693 1070 2738 e
1101 2674 1233 2738 clericis
1258 2680 1291 2739 et
1314 2675 1405 2740 facta
1434 2673 1476 2740 ad
1509 2673 1651 2742 Orucem

434 2785 636 2852 reverentia.
661 2781 862 2866 geniculabit
890 2781 922 2844 in
947 2778 1058 2846 infimo
1074 2779 1180 2865 gradu
1197 2801 1236 2846 ac
1252 2781 1343 2848 brevi
1362 2787 1510 2868 tempore
1532 2783 1651 2862 orabit,

434 2901 471 2957 ut
487 2892 585 2976 <ligno
603 2891 715 2976 possit,
734 2889 801 2952 lleo
818 2884 1033 2972 suffragante,
1052 2888 1116 2953 hoc
1133 2887 1380 2954 Sacramentum
1405 2889 1652 2956 administrare.

525 3001 573 3064 10.
598 2999 734 3062 Interim
758 2996 901 3060 clericus
926 3016 1013 3059 unus
1036 3013 1079 3060 cx
1107 2997 1209 3062 abaco
1235 2998 1372 3082 accipiet
1397 2997 1547 3076 Rituale,
1565 2997 1652 3084 quod

436 3107 543 3174 tradet
569 3105 730 3171 Parocho.

525 3215 575 3279 ll.
604 3213 775 3278 Paroclrus
806 3217 958 3296 assurget
984 3219 1117 3277 etcum
1141 3233 1180 3278 eo
1204 3215 1318 3280 clerici
1349 3233 1473 3290 omnes,
1505 3215 1653 3302 signabit

437 3345 472 3388 so
496 3344 535 3388 ac
558 3322 645 3387 dicet
677 3320 772 3387 Deus
802 3321 839 3386 ia
862 3320 1082 3386 adiutorium
1112 3329 1175 3396 etc,
1201 3327 1234 3386 ut
1260 3323 1292 3386 in
1317 3323 1454 3398 Rituali,
1485 3329 1521 3388 et
1552 3321 1652 3390 simul

436 3451 510 3496 cum
535 3429 667 3494 clericis
691 3427 844 3493 recitabit
867 3427 1080 3513 antiphonam
1103 3428 1298 3515 Effundam
1320 3437 1383 3496 etc.
1408 3450 1483 3496 cum
1501 3431 1652 3516 psalmis,
1724 3513 1725 3518 γ

437 3537 613 3604 versiculis
636 3543 669 3602 et
693 3535 908 3600 orationibus.

528 3646 578 3710 12.
604 3645 671 3710 Sub
697 3641 793 3708 finem
818 3646 1005 3710 orationum
1029 3641 1175 3711 clericus
1200 3665 1285 3710 unus
1309 3665 1352 3710 cx
1375 3645 1478 3712 abaco
1511 3647 1654 3734 accipiet

438 3755 610 3820 vasculum
634 3773 710 3818 cum
733 3751 814 3828 sale,
844 3751 1106 3838 purificatorium
1130 3773 1187 3818 scu
1213 3753 1350 3820 mantile
1374 3759 1408 3818 et
1431 3753 1565 3830 lolium,
1587 3773 1654 3840 quo

437 3864 653 3928 continentur·
677 3861 811 3924 nomina
835 3859 1081 3927 Gateclrumeni.
1216 3855 1218 3860 ’

527 3971 578 4033 13.
603 3969 733 4046 Clarus,
767 3968 916 4034 omnibus
951 3967 1180 4034 incedentibus
1217 3968 1312 4045 binis,
1345 3965 1579 4054 proficiscetur
1611 3969 1654 4036 ad

439 4084 565 4163 portam
590 4078 762 4146 ecclcsiae.
787 4077 905 4141 ultimo
929 4076 1004 4140 loco
1027 4083 1101 4162 post
1126 4075 1260 4142 Glerum
1278 4076 1470 4142 Parochus:
1495 4077 1564 4142 duo
1581 4077 1654 4144 cle-

438 4187 496 4250 rici
522 4187 702 4268 gestabunt
725 4185 861 4250 ltituale
885 4205 959 4249 cum
991 4185 1178 4250 nominibus
1210 4183 1394 4270 baptizandi
1418 4191 1452 4250 et
1476 4185 1653 4252 vasculum

437 4294 525 4358 salis.

528 4401 577 4464 lt.
603 4401 652 4464 Ad
677 4407 805 4487 portam
837 4402 999 4466 ecclesiae
1031 4402 1203 4466 Par-ochus
1228 4400 1364 4467 nudabit
1388 4406 1489 4486 caput
1514 4409 1549 4468 et
1572 4403 1653 4468 sub-

439 4507 534 4571 sistet
558 4508 590 4571 in
616 4507 727 4572 limine
752 4515 887 4594 portae;
914 4508 1033 4573 Clerus
1051 4508 1294 4574 orulinabitura
1314 4507 1475 4573 lateribus
1496 4509 1653 4586 Parochi;

440 4612 713 4684 catechumenus.
740 4622 773 4679 ut
800 4616 1047 4701 supradictum
1072 4625 1132 4692 cst,
1158 4624 1256 4681 extra
1279 4623 1408 4701 portam
1432 4615 1537 4682 stabit
1555 4615 1655 4686 simul

440 4739 513 4786 cum
537 4731 705 4806 compatre
729 4743 798 4788 suo.
