4175 5717
529 681 590 748 166
989 703 1055 753 um.
1080 703 1101 752 ι.

437 830 511 876 vam
535 811 669 877 Diaconi
693 810 899 894 geniculabit
922 812 956 876 in
979 817 1132 877 extremo
1154 813 1365 899 suppedaneo
1381 819 1459 879 ante
1475 812 1658 880 Celebran-

435 925 511 995 tem,
536 924 570 983 et
592 917 842 984 deosculabitur
864 918 1006 1005 palmam
1030 925 1065 984 et
1089 921 1190 1006 ipsius
1216 920 1426 988 celebrantis
1450 939 1594 987 manum.
1669 961 1672 966 -

524 1026 597 1089 174.
622 1025 769 1110 Accepta
792 1025 902 1111 palma
925 1032 1089 1111 assurget,
1114 1046 1253 1112 eamque
1286 1027 1523 1114 acolythorum
1552 1025 1657 1093 alteri

437 1131 556 1209 tradet,
581 1131 623 1196 ad
645 1131 819 1198 dexteram
844 1130 1054 1199 Celebrantis
1078 1134 1208 1212 redibit,
1232 1136 1287 1201 cui
1314 1135 1462 1221 pluviale
1491 1133 1656 1200 distribu-

410 1305 412 1309 ,
438 1241 537 1305 116616
560 1247 709 1326 ternpore
733 1239 930 1306 sublevabit.

528 1347 599 1413 175.
623 1347 705 1413 Post
728 1347 993 1413 distributionem
1017 1348 1122 1415 eidem
1147 1349 1338 1417 Celebranti
1361 1369 1478 1414 manus
1501 1349 1656 1416 abluenti
1761 1419 1765 1430 ,

436 1453 595 1520 sustollet
616 1454 775 1540 pluviale.

525 1563 597 1628 176.
622 1562 674 1627 Ad
697 1563 839 1627 alteram
863 1565 1049 1648 orationem
1072 1572 1150 1631 ante
1173 1567 1418 1652 processionem
1434 1563 1578 1631 adstabit
1594 1564 1657 1631 Ce-

437 1669 581 1734 lebranti
605 1671 844 1747 sinistrorsum,
870 1678 908 1736 ut
931 1671 1112 1738 functionis
1135 1673 1239 1737 initio.

526 1777 599 1840 177.
629 1777 754 1842 Deinde
784 1777 999 1843 dextrorsum
1029 1778 1165 1844 accedet
1197 1779 1397 1848 Gelebranti.
1422 1785 1457 1844 et
1486 1779 1655 1863 ingerenti

436 1884 607 1948 incensum
631 1885 665 1947 in
688 1884 897 1950 thuribulum
922 1883 1083 1950 fimbriam
1108 1885 1281 1951 dexteram
1304 1885 1460 1962 elevabit,
1484 1884 1525 1951 de
1541 1883 1656 1950 Altari

435 2011 455 2054 a
478 1992 586 2058 latere
610 1991 800 2068 descendet,
824 1998 932 2057 sumet
964 1993 1105 2059 Crucem
1134 1994 1423 2080 processionalem,
1448 1992 1548 2059 coibit
1577 2011 1657 2060 cum

434 2099 602 2184 acolythis
626 2105 661 2163 et
683 2099 724 2164 ad
748 2101 949 2186 presbyterii
974 2100 1099 2167 aditum
1123 2101 1292 2168 subsistet.

527 2208 597 2271 178.
624 2206 708 2281 Quia
733 2208 825 2274 Crux
849 2213 902 2273 est
925 2207 1002 2274 velo
1026 2215 1191 2286 contecta,
1216 2211 1264 2274 sic
1294 2209 1449 2274 advertet
1478 2216 1516 2273 ut
1545 2209 1658 2294 imago

436 2312 594 2378 Crucifixi
618 2315 662 2379 sit
684 2314 725 2379 ad
749 2316 909 2401 populum
932 2335 999 2382 non
1022 2316 1063 2381 ad
1088 2317 1224 2383 Clerum
1248 2335 1421 2382 conversa.

526 2422 598 2485 170.
622 2421 704 2488 Post
728 2429 899 2489 cantatum
923 2445 943 2488 a
966 2425 1111 2489 Diacono
1136 2430 1166 2498 1.
1191 2425 1432 2491 Procedamus
1454 2425 1493 2492 in
1503 2442 1604 2508 pace,
1622 2431 1660 2491 et

434 2549 630 2615 responsum
653 2551 673 2594 a
696 2531 800 2595 choro
825 2531 869 2596 In
896 2531 1046 2598 Nomine
1080 2532 1220 2598 obruat
1251 2531 1373 2608 Amen,
1405 2551 1446 2597 ac
1479 2538 1657 2617 postquam

432 2637 584 2723 acolythi
607 2635 876 2723 genuflexionem
907 2638 1059 2716 fecerint,
1084 2658 1120 2704 66
1144 2644 1256 2704 vertet
1289 2646 1324 2705 61
1354 2639 1441 2704 loris·
1466 2638 1658 2705 Ecclesiam

432 2735 674 2830 proficiscetur.

524 2855 595 2919 180.
620 2855 767 2940 Egresso
791 2855 832 2922 ab
864 2854 1019 2921 Ecclesia
1049 2861 1121 2920 toto
1151 2855 1254 2933 clero,
1287 2855 1447 2921 subsistet
1475 2855 1509 2919 in
1538 2853 1659 2921 limine

433 2967 559 3047 portae,
584 2983 669 3046 quae
697 2964 814 3028 clausa
849 2965 923 3039 erit,
950 2963 1058 3029 Cruce
1092 2964 1242 3046 facieque
1274 2962 1316 3027 ad
1346 2970 1476 3048 portam
1506 2960 1658 3028 eamdem

432 3090 605 3135 conversa.
634 3071 685 3136 Ad
709 3079 827 3136 nutum
852 3071 1111 3136 Caeremoniarii
1134 3076 1263 3155 partem
1287 3071 1384 3134 imam
1407 3077 1524 3155 portae
1543 3079 1661 3136 extre-

433 3179 547 3242 mitate
571 3177 722 3243 inferiori
745 3179 863 3243 hastae
888 3179 1013 3243 Crucis.
1028 3176 1151 3243 leviter
1173 3177 1329 3263 pulsabit.

525 3287 595 3349 181.
621 3286 807 3350 Ecclesiam
832 3286 983 3350 introibit
1006 3290 1040 3350 et
1063 3291 1141 3350 aute
1158 3285 1277 3349 Altare
1294 3304 1490 3370 progressus
1512 3285 1658 3352 Crucem

432 3393 584 3479 deponet,
609 3400 688 3458 ante
712 3392 858 3458 infimum
892 3392 1032 3478 gradum
1068 3392 1228 3457 subsistet
1259 3411 1376 3457 versus
1410 3411 1515 3457 cornu
1547 3392 1660 3458 Evan-

430 3502 521 3587 gelii,
545 3500 689 3566 adstabit
714 3501 918 3576 Celebranti,
936 3496 1140 3584 genuflectet
1156 3499 1337 3575 additare,
1355 3506 1473 3585 perget
1487 3498 1529 3564 ad
1545 3520 1659 3565 scam-

432 3630 520 3687 num,
546 3609 751 3695 mauipulum
775 3609 837 3674 sibi
861 3608 986 3685 induet,
1011 3613 1046 3672 et
1071 3608 1268 3672 reverentiis
1291 3609 1505 3692 praescriptis
1528 3606 1570 3672 ad
1598 3608 1660 3672 Al·

433 3727 506 3782 tare
531 3717 650 3782 redibit
673 3717 714 3782 ob
739 3718 873 3782 Missam
898 3716 1090 3781 solemnem.

523 3826 595 3889 182.
621 3825 657 3889 16
683 3824 834 3909 Epistola
857 3843 981 3889 666666
1005 3822 1108 3888 verba
1138 3822 1178 3888 Ut
1200 3823 1239 3889 in
1261 3823 1401 3889 nomine
1416 3823 1504 3890 Jeru
1521 3871 1527 3886 .
1546 3871 1554 3886 .
1573 3872 1579 3886 .
1596 3823 1657 3889 in-

431 3939 621 4021 fernorum
643 3930 877 4018 genuflexione
901 3932 1042 4017 simplici
1067 3938 1191 3996 utetur.

522 4042 595 4108 183.
620 4041 672 4106 Ad
696 4049 830 4106 cantum
854 4040 980 4108 Passio
1003 4039 1146 4124 palmam
1170 4038 1311 4103 dextera
1327 4038 1506 4104 sustinebit
1517 4037 1656 4104 adstans

432 4151 532 4216 lateri
556 4150 726 4235 Epistulae
760 4151 847 4213 61661
872 4151 905 4212 16
937 4149 1087 4222 introitu,
1116 4147 1193 4211 dum
1226 4146 1360 4232 legetur
1390 4167 1410 4210 a
1441 4145 1654 4224 Celebrante,

432 4259 549 4323 deinde
573 4279 609 4322 se
637 4262 813 4322 convertet
843 4257 885 4321 ad
917 4265 1072 4321 cantores
1108 4255 1233 4320 Passio
1268 4265 1360 4319 61666
1390 4263 1469 4320 ante
1505 4252 1656 4321 infimum

432 4367 571 4449 gradum
595 4365 635 4430 ad
661 4367 790 4430 laevam
815 4366 961 4443 Diaconi,
987 4365 1133 4429 efficiens
1158 4384 1232 4429 curn
1256 4371 1341 4430 6661
1358 4385 1433 4429 cum
1450 4363 1653 4430 Celebrante

434 4494 531 4536 unam
556 4475 627 4539 fere
651 4475 784 4540 lineam.
808 4474 860 4539 nd
878 4474 980 4539 verba
996 4485 1109 4538 autem
1124 4474 1249 4542 Evuisit
1265 4476 1432 4558 spiritum
1447 4472 1564 4539 eodem
1579 4471 1656 4537 loco

434 4589 587 4647 cantores
612 4603 729 4650 versus
752 4585 966 4670 geniculabit.
