4175 5717
522 703 587 766 304
985 723 1052 769 mu.
1075 723 1096 769 1.

530 828 579 894 18.
605 829 761 894 Profecto
786 831 953 896 concionis
984 835 1134 915 tempore
1164 831 1391 896 concionatori
1421 828 1575 896 standum
1600 849 1660 894 es-

434 940 494 1010 set;
519 941 630 1002 tamen
654 938 682 1001 si
706 936 863 1004 valetudo
885 937 1046 1013 obstaret,
1065 936 1125 1004 ‘vel
1157 939 1328 1024 quaepiam
1358 956 1471 1005 rerum
1497 936 1662 1004 adiuncta

434 1043 665 1128 impedimento
688 1051 811 1120 essent,
835 1045 952 1110 sedere
975 1043 1100 1110 licebit.

523 1151 573 1214 19.
599 1151 726 1216 Textus
750 1152 925 1238 Evangelii
948 1154 1003 1219 vel
1027 1174 1144 1220 sacrae
1162 1154 1356 1240 Scripturas
1373 1159 1453 1220 ante
1469 1171 1659 1219 sermonem
1725 1203 1728 1208 .

431 1260 457 1323 si
481 1259 640 1344 proferet,
665 1259 752 1326 dicet
774 1280 904 1346 semper
927 1267 1030 1339 stans,
1056 1264 1164 1348 capite
1188 1261 1313 1328 nudato
1336 1281 1376 1327 ac
1399 1280 1481 1328 voce
1504 1259 1609 1326 clara.

522 1367 575 1432 20.
601 1367 776 1432 Inclinatio
800 1370 907 1454 capite
931 1363 1073 1446 dete‘cto,
1099 1370 1153 1434 vel
1189 1367 1379 1455 genuflexio
1409 1373 1483 1455 post
1514 1369 1660 1454 primum

435 1475 572 1555 verbum
596 1481 655 1539 aut
677 1477 818 1560 primum
850 1478 990 1542 incisum
1014 1478 1185 1553 orationis,
1211 1496 1295 1561 quae
1328 1477 1432 1544 venia
1454 1473 1660 1562 appellatur,

436 1581 473 1646 iit
496 1580 536 1646 ad
561 1582 732 1668 proprium
756 1582 956 1669 Episcopum
989 1584 1229 1662 tantummodo,
1254 1604 1315 1649 nec
1331 1584 1412 1649 licet
1435 1581 1505 1648 fleri
1520 1581 1571 1648 'ad
1595 1581 1666 1648 Ga-

430 1673 579 1775 ¹pitulum
605 1692 667 1755 etsi
690 1688 858 1774 frequens,
883 1711 990 1775 neque
1016 1691 1059 1758 ad
1088 1693 1331 1778 Magistratum,
1356 1710 1463 1775 neque
1496 1689 1538 1757 ad
1572 1689 1662 1754 alios

435 1801 569 1883 practer
593 1797 791 1882 Episcopum
815 1797 1030 1864 ordinarium.
1325 1815 1327 1820 ’

521 1903 575 1968 21.
602 1905 638 1968 ln
662 1904 863 1990 proferendo
888 1925 1007 1971 nomen
1031 1908 1111 1972 Jesu
1135 1907 1189 1972 vel
1218 1907 1345 1972 Mariae
1368 1911 1427 1971 aut
1454 1904 1580 1982 Sancti,
1604 1923 1665 1970 cu·

438 2013 488 2076 ius
511 2011 580 2078 dies
597 2013 702 2078 festus
718 2013 920 2091 celebratur,
938 2020 1039 2101 caput
1061 2014 1277 2101 aperiendum
1293 2021 1327 2080 et
1339 2012 1565 2079 inclinandum
1582 2013 1661 2078 erit

523 2118 577 2184 22.
602 2119 685 2184 Fine
708 2119 838 2186 dicendi
868 2121 959 2187 lacto
983 2123 1103 2187 iterum
1135 2121 1255 2188 Altare
1285 2141 1404 2188 versus
1443 2115 1664 2206 genuflectet,

435 2225 572 2292 Glerum
605 2227 827 2312 populumque
863 2228 1032 2305 salutabit,
1058 2227 1236 2294 descendet
1259 2227 1298 2294 de
1322 2228 1449 2314 pulpito
1479 2235 1515 2293 et
1545 2228 1579 2292 in
1611 2247 1665 2292 sa-

435 2335 579 2398 crarium
604 2333 731 2399 redibit.
757 2337 791 2400 Si
814 2336 922 2401 aderit
945 2336 1137 2423 Episcopus,
1162 2336 1203 2402 ad
1226 2335 1346 2402 Altero
1369 2333 1461 2400 etad
1477 2333 1573 2398 illum
1597 2353 1663 2420 ge-

437 2438 606 2519 nuflectet,
637 2447 814 2526 antequam
851 2442 1039 2510 descendat.
1077 2443 1135 2509 Sin
1172 2450 1248 2530 post
1280 2442 1502 2528 Evangelium
1535 2441 1663 2508 Missae

434 2548 593 2614 solemnis
617 2552 770 2616 concioni
794 2550 890 2616 locus
921 2550 1034 2628 tuerit,
1060 2570 1213 2616 sermone
1247 2556 1393 2638 peracto,
1417 2555 1518 2634 caput
1549 2547 1661 2614 bireto

434 2658 561 2740 aperiet
595 2663 629 2722 et
652 2677 780 2724 sersus
811 2657 930 2723 Altare
968 2641 1182 2743 geniculabit,
1207 2657 1284 2722 dum
1316 2657 1480 2722 Diaconus
1510 2653 1663 2720 cantabit

442 2765 624 2852 Confiteor.
895 2763 914 2804 '

518 2872 572 2937 23.
600 2873 737 2938 Interim
770 2893 790 2938 a
819 2874 954 2948 clerico,
979 2876 1034 2958 qui
1065 2875 1332 2939 concionatorem
1364 2873 1539 2938 comitatus
1574 2870 1656 2948 crit,
1734 2855 1743 2870 '

435 2979 591 3044 tradetur
613 2983 673 3067 ipsi
698 2981 824 3047 tabella
847 2984 880 3046 in
905 3003 970 3066 qua
995 2982 1227 3067 Indulgentiae
1244 2980 1390 3046 formula
1405 2981 1471 3044 erit
1486 2979 1660 3064 inscripta.

521 3088 573 3154 24.
601 3088 644 3154 Ut
674 3089 847 3176 Confiteor
869 3097 1040 3155 cantatum
1065 3091 1139 3166 erit,
1165 3096 1199 3153 et.
1223 3089 1405 3175 Episcopus
1422 3090 1455 3153 in
1471 3089 1596 3153 throno
1613 3106 1665 3152 se·

436 3195 533 3271 derit,
558 3198 774 3262 concionator
796 3203 951 3283 assurget
975 3217 1224 3280 conuersusque
1248 3196 1290 3262 ad
1313 3196 1471 3285 populum
1489 3213 1571 3260 voce
1588 3213 1665 3280 per»

437 3304 560 3388 spicue,
587 3325 670 3387 qtrac
695 3306 796 3390 possit
820 3304 981 3380 exaudiri,
1007 3304 1186 3369 formulam
1211 3305 1302 3389 leget
1335 3292 1577 3389 Indulgentiae,
1603 3301 1663 3370 sed

443 3412 631 3476 meminerit.
661 3413 826 3478 inclinare
847 3419 947 3497 caput
970 3431 1069 3495 quum
1095 3411 1249 3496 Episcopi
1272 3416 1306 3476 et.
1329 3411 1454 3478 Summi
1488 3407 1664 3476 Pontificis

438 3538 557 3584 nornen
582 3520 739 3605 proferet.

527 3626 580 3691 25.
608 3626 820 3713 Indulgentia
843 3627 1011 3714 evulgata,
1037 3628 1195 3693 tabellam
1220 3628 1345 3693 clerico
1369 3627 1535 3704 restituet,
1559 3647 1668 3713 genu·

438 3733 616 3800 flexionem
640 3735 759 3801 Altare
784 3742 817 3801 et
841 3737 1039 3825 Episcopum
1077 3755 1193 3800 versus
1218 3734 1347 3811 efficiet,
1372 3732 1552 3801 descendet·
1577 3735 1666 3802 refe·

442 3850 558 3927 reique
582 3842 720 3929 gradum
743 3843 783 3909 ad
807 3845 1000 3910 sacrarium.

525 3952 577 4017 26.
607 3951 641 4018 Si
664 3951 704 4018 de
726 3952 839 4018 Alteri
863 3971 929 4016 non
953 3971 1034 4017 vero
1061 3951 1102 4016 de
1126 3950 1254 4037 pulpito
1285 3950 1387 4016 verba
1416 3949 1529 4028 iaciat,
1553 3953 1666 4038 consi-

436 4070 503 4129 stat
537 4064 570 4126 in
593 4082 700 4128 cornu
729 4062 914 4146 Evangelii,
940 4081 1047 4146 neque
1072 4079 1215 4144 unquam
1239 4061 1272 4125 in
1303 4059 1513 4146 suppedaneo
1541 4057 1664 4126 deam-

435 4172 538 4236 bulet:
564 4171 677 4236 licebit
701 4178 811 4236 tamen
835 4168 978 4234 insidere
1002 4168 1151 4234 scabello
1182 4188 1225 4232 ex
1255 4165 1370 4233 eodem
1393 4168 1501 4234 latere
1525 4168 1560 4232 in
1585 4189 1665 4255 sup-

436 4279 581 4362 pedaneo
605 4279 721 4362 posito,
747 4275 1019 4360 quemadmodum
1043 4276 1196 4360 superius
1223 4296 1301 4340 num
1328 4275 1377 4340 18.
1404 4277 1583 4342 innuimus.

521 4386 574 4449 27.
599 4385 867 4450 Benedictionem
890 4383 931 4448 ab
957 4403 1022 4447 uno
1054 4383 1217 4469 Episcopo
1248 4382 1452 4459 dioecesano,
1477 4403 1543 4448 uon
1577 4405 1663 4451 vero

437 4492 477 4557 ab
502 4492 574 4556 ullo
596 4493 665 4557 alio
688 4497 789 4579 petet.

478 4587 484 4598 ¹
524 4600 577 4664 28.
603 4601 639 4665 ln
664 4601 852 4666 Parasceve
875 4603 986 4664 autem
1013 4618 1076 4664 nec
1101 4597 1286 4664 benedictio
1318 4600 1452 4685 petitur,
1484 4583 1546 4666 nec
1578 4602 1666 4670 reci·

443 4710 536 4770 tatur
560 4706 631 4771 Ace
654 4707 785 4784 Morio,
803 4713 837 4773 et
859 4705 1070 4773 reverentino
1094 4707 1304 4772 omittuntur.
