4175 5717
521 781 564 845 m.)
972 797 1037 842 nra.
1063 795 1110 842 rn.

519 907 572 970 til.
598 907 679 970 Post
703 906 840 990 primam
863 905 1047 968 orationem
1072 901 1253 968 Geren-ans
1277 921 1353 967 cum
1380 899 1514 966 clericis
1538 891 1652 966 introi-

433 1014 480 1078 bit
504 1015 536 1076 in
561 1012 723 1077 sacellum
750 1013 948 1097 baptisterii.
974 1012 999 1074 si
1032 1030 1136 1095 capax
1169 1009 1265 1075 locus
1291 1012 1358 1076 erit
1389 1029 1486 1076 secus
1516 1005 1652 1074 accedet

433 1119 473 1182 ad
497 1119 624 1184 fontem
648 1127 812 1203 quatenus
835 1119 968 1206 poterit.
1548 1197 1555 1214 .

520 1227 572 1290 ne.
599 1226 748 1292 Clericus
772 1246 847 1290 cum
872 1225 979 1291 Oruce
995 1224 1096 1290 stabit
1112 1244 1241 1311 semper
1264 1245 1283 1288 e
1306 1225 1443 1310 regione
1466 1221 1654 1290 Celebran-

432 1336 474 1398 tis
498 1343 529 1398 et
555 1335 644 1398 alter
667 1354 742 1398 curn
767 1333 871 1399 Gereo
894 1331 1038 1398 adstabit
1062 1333 1122 1397 illi.

522 1443 574 1506 93.
600 1441 780 1506 Celebrans
812 1441 932 1505 iunctis
960 1439 1111 1506 manibus
1141 1439 1229 1505 dicet
1259 1441 1432 1508 Darniuus
1460 1437 1653 1516 uobiscum,

432 1551 616 1615 orationem
643 1547 867 1630 Omnipotens
890 1549 1101 1629 sempiterne
1124 1548 1231 1626 Deus,
1255 1549 1375 1617 adesto
1391 1553 1455 1614 etc.
1472 1555 1510 1614 et
1525 1545 1656 1634 praeta·

423 1659 555 1722 tionem
586 1657 687 1722 etiarn
717 1648 838 1720 iunctis
869 1655 1029 1720 manibus.
1063 1656 1198 1722 Missale
1232 1655 1452 1722 sustinebitur
1481 1675 1504 1720 a
1533 1657 1655 1738 quum

432 1765 567 1840 clerico,
595 1765 648 1829 vel
673 1765 859 1849 imponetur
883 1762 987 1847 legib,
1009 1761 1095 1847 quod
1120 1765 1348 1830 transferetur
1369 1768 1404 1830 et
1428 1751 1657 1829 colIocabitur

433 1871 519 1958 apud
544 1873 679 1937 fontem.

519 1981 572 2044 94.
597 1981 634 2046 tn
659 1979 832 2045 recitanda
854 1979 1065 2064 praefatione
1089 1986 1294 2065 exsequetur
1316 1981 1466 2046 actiones
1495 1979 1541 2044 ibi
1566 1977 1656 2044 indi·

433 2093 534 2163 catas
560 2087 716 2152 videlicet
739 2093 813 2172 post
835 2087 939 2152 verba
958 2089 1116 2172 pretium
1138 2089 1181 2154 de
1204 2087 1342 2172 Spiritu
1366 2085 1504 2163 Senem,
1527 2084 1657 2152 dividet

432 2215 552 2278 aquam
577 2214 676 2258 manu
700 2194 849 2270 dextera,
874 2214 971 2278 quam
996 2201 1152 2280 exterget
1175 2195 1313 2270 mantili,
1338 2193 1424 2279 quod
1448 2195 1478 2258 ei
1503 2193 1656 2280 porrige·

433 2315 532 2366 tura
555 2300 701 2366 secundo
726 2303 860 2367 clerico.
886 2302 967 2366 Post
990 2302 1093 2367 verba
1116 2323 1188 2370 non
1212 2303 1397 2390 inficiendo
1428 2307 1655 2384 corrumpat,

434 2417 548 2494 tanget
571 2429 689 2493 aquam
712 2408 861 2483 dextera,
886 2429 984 2492 quam
1007 2409 1195 2476 immediate
1219 2416 1339 2495 terget,
1365 2416 1404 2474 ut
1428 2427 1541 2494 supra.
1569 2407 1653 2474 Post

434 2516 536 2581 verba
559 2517 816 2601 indntpentiam
839 2523 1082 2601 consequatur
1105 2517 1229 2602 triplex
1254 2518 1383 2602 signum
1409 2514 1528 2581 Crucis
1554 2513 1659 2580 faciet

432 2623 573 2688 dextera
596 2643 715 2688 versus
739 2623 875 2688 iontem.
901 2624 981 2687 Post
995 2625 1107 2702 ¹rerba
1131 2643 1242 2708 super
1267 2631 1298 2690 te
1312 2621 1508 2708 serebatur,
1525 2619 1657 2687 dividet

433 2751 550 2814 aquam
567 2729 708 2795 dextera
731 2737 766 2794 et
788 2729 907 2795 fundet
923 2730 1017 2795 illam
1033 2750 1152 2797 versus
1170 2737 1314 2814 quatuor
1337 2735 1456 2796 ventos
1476 2729 1655 2806 orientem,

433 2838 636 2902 ‹mcirlontem
659 2837 850 2919 aquilonem
874 2845 908 2900 et.
930 2842 1083 2901 austrum
1107 2837 1170 2902 hoo
1194 2835 1289 2902 modo

1032 3035 1045 3100 l

995 3143 1081 3206 34

1009 3249 1053 3317 *2

432 3465 513 3528 Post
544 3464 646 3529 verba
669 3464 707 3530 in
732 3466 873 3532 nomine
900 3465 1020 3532 Patris
1053 3515 1092 3530 ..
1120 3516 1126 3529 .
1159 3463 1315 3548 Spiritus
1345 3463 1475 3542 Sancti,
1507 3465 1655 3534 mutabit

431 3577 556 3643 tonum,
577 3590 693 3635 vocem
716 3571 923 3655 aliquantum
940 3573 1158 3657 supprimens.
1179 3574 1260 3640 Post
1283 3572 1385 3660 verbe
1409 3579 1447 3640 tu
1470 3571 1654 3660 benignus

432 3677 555 3759 aspira
578 3685 632 3742 ter
655 3678 811 3743 halitabit.
833 3699 933 3764 super
955 3699 1073 3763 aquam
1098 3681 1132 3743 in
1148 3679 1279 3745 modum
1297 3679 1421 3745 Crucis.
1440 3679 1524 3746 Post
1547 3681 1656 3748 verba

427 3785 665 3872 purificandis
688 3785 862 3851 mentibus
885 3787 1050 3871 efficaces,
1076 3785 1189 3851 eodem
1215 3788 1305 3852 vocis
1328 3793 1409 3852 tono
1432 3806 1498 3870 quo
1523 3789 1655 3854 recita·

432 3894 519 3958 verit
541 3892 790 3978 praefationem,
815 3894 955 3977 accipiet
978 3913 997 3957 a
1020 3894 1125 3979 primo
1148 3893 1273 3959 clerico
1298 3892 1438 3960 Gereum
1461 3899 1496 3960 et
1521 3895 1658 3962 immen-

431 4019 513 4084 gens
546 4001 651 4085 ipsum
674 3999 921 4082 aliquantulum
945 4002 979 4064 in
1003 4021 1131 4085 aquam,
1156 3999 1244 4066 dicet
1271 4001 1467 4069 Descendet
1493 4001 1534 4068 in
1557 4003 1655 4072 banc

429 4107 684 4189 plenitudinem
706 4111 769 4172 etc.
787 4101 905 4172 d'einde
922 4109 1080 4173 extrahet
1097 4108 1202 4173 illum.
1220 4109 1344 4174 lterum
1362 4106 1480 4173 deinde
1507 4107 1656 4178 Gereum

431 4215 605 4298 inaquam
637 4216 811 4298 immerget
838 4215 953 4299 paullo
983 4215 1180 4302 profundius
1211 4221 1246 4281 et
1267 4214 1516 4300 aliquantulum
1550 4219 1654 4284 etiam

430 4322 591 4386 attollens
615 4342 739 4390 vocem.
764 4322 853 4387 dicet
875 4322 1073 4393 Descendat
1096 4332 1159 4391 etc.
1176 4331 1214 4390 ut
1229 4343 1339 4410 supra.
1357 4322 1487 4388 Educet
1504 4322 1653 4392 Gereum

430 4446 470 4490 ac
493 4429 594 4493 tertia
618 4431 690 4492 rice
714 4430 828 4514 paullo
851 4433 1050 4515 profundius
1074 4436 1247 4517 immerget
1262 4437 1297 4496 et
1312 4430 1425 4495 aitiori
1447 4431 1550 4496 etiam
1569 4453 1655 4500 voce

430 4534 518 4597 dicet
533 4535 728 4603 Descendot
744 4545 807 4601 ete.
826 4538 948 4604 Postea
963 4560 1063 4625 super
1079 4559 1195 4623 aquam
1218 4535 1366 4603 sufflabit
1388 4534 1494 4601 tribus
1520 4540 1654 4608 vicibus

430 4642 464 4704 in
489 4642 618 4706 moduni
642 4643 761 4708 lit-orae
784 4664 926 4728 graecae
948 4662 978 4732 p,
1002 4645 1088 4707 dicet
1117 4647 1307 4732 Totumque
1324 4646 1431 4713 buius
1447 4665 1569 4731 aquae
1586 4657 1653 4718 etc.

431 4753 562 4832 etpost
596 4749 698 4816 verba
726 4753 912 4836 foecundet
943 4754 1066 4834 effectu
1095 4755 1252 4821 extrahet
1276 4755 1415 4822 cereum
1440 4775 1458 4820 e
1486 4754 1585 4824 fonte
1610 4779 1650 4828 ac
