4175 5717
535 733 601 797 :iao
1001 759 1067 808 nm.
1094 759 1114 807 1.
1152 761 1156 770 ·

442 866 557 952 gnabit
580 867 694 932 dicens
717 869 773 933 Do
792 869 971 952 propitias
999 887 1125 952 pacem
1146 870 1184 934 in
1216 869 1340 937 dicim
1370 869 1502 938 nostris
1538 889 1579 936 ac
1615 889 1674 958 pa·

440 983 552 1040 tanam
576 976 784 1076 osculabitur
807 996 873 1042 non
897 977 931 1040 in
954 975 1062 1068 medio
1085 974 1142 1040 sed
1168 977 1201 1040 in
1225 978 1449 1056 extremitate,
1465 982 1500 1044 et
1523 997 1671 1062 aequum

441 1095 530 1154 esset
553 1091 652 1154 etiam
675 1095 714 1154 ut
737 1108 809 1154 eam
832 1107 899 1152 non
917 1086 1131 1152 oscularetur
1154 1087 1188 1150 in
1212 1093 1308 1171 parte
1334 1087 1404 1166 illa,
1436 1105 1537 1174 snper
1567 1105 1670 1172 quam

441 1195 700 1263 transmittenda
723 1198 789 1275 erit
812 1195 845 1262 S.
869 1196 997 1262 Hostia.

531 1306 604 1370 110.
629 1303 844 1372 continuabit
866 1305 996 1370 interea
1019 1305 1203 1370 orationem
1227 1302 1332 1381 illam,
1346 1293 1392 1369 'et
1420 1301 1463 1369 ad
1493 1301 1599 1370 verba
1627 1303 1671 1372 Ui

441 1433 505 1498 ope
527 1413 793 1480 misericordiae
817 1419 899 1481 tace
921 1412 1046 1490 adiuti,
1070 1412 1209 1478 Hostiae
1232 1418 1386 1499 patenam
1402 1417 1577 1498 supponet,
1601 1429 1670 1497 quo

439 1528 517 1588 actu
542 1520 663 1606 pollice
687 1521 787 1586 etiam
811 1527 846 1586 et
869 1519 977 1585 indice
1000 1521 1158 1586 sinistrae
1183 1525 1309 1586 utetur.

530 1629 603 1693 lll.
629 1628 774 1693 Calicem
797 1628 938 1694 dextera
961 1627 1105 1714 deteget,
1129 1624 1334 1714 genuflectet
1356 1632 1392 1693 et
1402 1633 1569 1714 assurget,
1594 1627 1669 1696 Ho-

438 1739 535 1802 stiam
558 1735 666 1801 indice
690 1743 725 1800 et
748 1736 871 1821 pollice
894 1734 1055 1801 dexterae
1078 1737 1229 1823 accipiet,
1254 1729 1355 1801 ducet
1385 1753 1486 1822 super
1516 1733 1667 1802 calicem

437 1853 471 1908 et
495 1843 651 1928 pollicem
674 1842 880 1927 iudicemque
903 1844 1059 1909 sinistrae
1082 1842 1277 1930 adiungens,
1302 1843 1436 1918 sensim,
1454 1849 1491 1908 et
1513 1841 1664 1910 solerter

437 1972 477 2016 ae
501 1956 699 2016 reverenter
722 1970 795 2018 eam
819 1951 982 2036 infringet
1005 1958 1040 2016 et
1063 1950 1203 2016 mediam
1227 1948 1353 2015 dividet
1376 1955 1469 2015 recta
1492 1949 1594 2034 linea,
1618 1951 1667 2016 in-

403 2088 406 2094 ·
437 2061 562 2145 cipiens
585 2077 605 2123 a
628 2065 723 2143 parte
746 2059 921 2144 superiori,
947 2057 1044 2143 idque
1078 2077 1244 2145 peragens
1275 2056 1365 2123 dicet
1394 2057 1468 2124 Per
1501 2057 1676 2124 eumdem·

437 2166 627 2234 Dominam
649 2172 813 2233 oestrum
836 2165 955 2233 Iesum
982 2166 1164 2234 Christum
1188 2165 1320 2232 Filium
1344 2171 1454 2232 tuum.
1480 2163 1601 2232 Hostia
1616 2163 1668 2230 di·

437 2275 516 2349 visa,
541 2272 685 2359 deponet
708 2275 741 2337 in
764 2272 872 2338 media
895 2281 1017 2359 patena
1040 2278 1181 2358 partem,
1206 2292 1304 2357 quam
1328 2272 1463 2338 habebit
1495 2273 1530 2337 in
1562 2291 1668 2338 manu

436 2380 586 2456 dextera,
603 2381 747 2446 alteram
771 2383 920 2446 retinens
943 2388 1083 2466 partem,
1100 2401 1198 2464 quam
1216 2381 1353 2446 sinistra
1368 2377 1546 2446 sustinebit
1561 2399 1667 2466 super

437 2487 592 2554 Calicem.
617 2487 742 2552 Deinde
765 2487 880 2554 eadem
904 2487 1046 2554 dextera
1069 2507 1113 2552 ex
1143 2493 1239 2573 parte
1269 2486 1421 2552 inferiori
1451 2485 1594 2553 alterius
1616 2485 1667 2554 di·

435 2595 534 2671 midii,
560 2594 647 2678 quod
671 2595 830 2662 retinebit
852 2597 998 2674 sinistra,
1016 2595 1142 2661 dividet
1159 2597 1315 2682 exiguam
1330 2593 1532 2681 perticulam
1547 2593 1666 2662 dicens

435 2703 520 2768 haec
542 2708 674 2768 tantum
690 2702 793 2768 verba
814 2703 881 2776 Qui
898 2711 1012 2771 tecam
1034 2704 1118 2771 oioit
1141 2710 1172 2771 ct
1195 2709 1335 2788 regnat.

526 2810 598 2875 112.
623 2811 830 2876 Particulam
854 2812 948 2877 illam
972 2811 1111 2878 divisam
1135 2810 1264 2877 tenebit
1294 2809 1435 2876 dextera
1466 2829 1570 2896 super
1594 2809 1664 2878 (ta-

434 2917 542 2994 licem,
566 2937 606 2983 ac
629 2919 767 2984 sinistra
790 2925 892 3004 ponet
915 2939 1016 3005 super
1039 2924 1194 3004 patenam
1210 2919 1353 2984 alteram
1369 2917 1506 2984 Hostiae
1530 2923 1664 3004 partem

433 3045 509 3089 cum
533 3045 572 3089 ea
596 3045 679 3109 quae
704 3027 766 3091 iam
790 3028 856 3091 erit
878 3028 913 3091 in
944 3034 1065 3112 patena
1095 3035 1130 3092 et
1153 3025 1241 3092 dicet
1271 3027 1309 3093 ia
1335 3025 1471 3093 onitate
1502 3023 1684 3110 Spiritus·

434 3131 555 3200 Soaeti
577 3133 683 3199 Deus.
709 3134 792 3199 Tum
816 3135 954 3199 sinistra
977 3140 1086 3199 sumet
1111 3133 1257 3200 Calicem
1282 3131 1324 3198 ad
1348 3131 1472 3197 nodum
1503 3137 1539 3198 et
1569 3133 1665 3200 elata

432 3260 514 3305 voce
538 3240 626 3306 dicet
649 3241 721 3307 Per
742 3243 861 3308 amaia
884 3245 1027 3308 saccata
1058 3245 1292 3318 recrearem
1330 3241 1485 3306 Minister
1515 3259 1662 3326 respon-

433 3347 523 3412 debit
545 3347 667 3414 Amara.
692 3349 742 3413 Ab
767 3369 834 3414 una
857 3348 898 3414 ad
922 3349 1065 3414 alteram
1090 3351 1338 3414 extremitatem
1355 3347 1441 3412 labri
1460 3346 1583 3414 Calicis
1598 3369 1663 3436 per

431 3456 629 3541 particulam
653 3457 788 3523 Hostiae
812 3477 910 3541 quam
934 3457 1061 3524 tenebit
1083 3457 1233 3535 dextera,
1259 3458 1386 3544 triplex
1407 3457 1540 3543 signum
1565 3445 1660 3526 Orn-

432 3565 478 3629 cis
503 3561 624 3629 efficiet
646 3564 759 3632 dicens
782 3566 854 3632 alta
877 3585 959 3632 voce
975 3565 1022 3631 ad
1032 3568 1175 3652 primum
1191 3569 1322 3652 signum
1338 3565 1422 3632 Paa·
1437 3564 1589 3644 Domini,
1616 3567 1662 3634 ad

431 3672 577 3737 alterum
600 3672 645 3740 sit
668 3677 816 3756 semper,
841 3673 883 3739 ad
906 3676 1046 3739 tertium
1069 3674 1262 3742 vobiscum.

523 3780 595 3843 113.
619 3779 791 3865 Responsa
814 3803 835 3846 a
858 3783 1009 3848 ministro
1033 3783 1078 3850 at
1101 3803 1183 3850 cam
1205 3784 1336 3867 spirita
1354 3789 1424 3861 tuo,
1441 3781 1578 3850 adiiciet
1600 3803 1662 3852 se-

431 3895 525 3953 creto
548 3885 645 3953 Haec
668 3890 869 3957 commixtio
893 3897 956 3955 etc.
981 3889 1103 3956 efficiet
1127 3901 1164 3956 ut
1187 3890 1355 3978 particula
1378 3892 1412 3955 in
1432 3889 1579 3957 Calicem
1603 3891 1662 3960 de·

431 3995 528 4073 eldat,
561 4004 596 4064 et
625 3995 798 4081 absterget
827 3997 882 4062 vel
914 4000 1066 4065 excutiet
1100 3997 1224 4064 leviter
1258 4019 1359 4085 super
1396 3999 1503 4085 ipsum
1533 3998 1659 4086 digitos

431 4108 604 4188 utriusque
633 4123 758 4181 manus,
784 4105 902 4188 quibus
933 4127 1051 4172 rursus
1083 4109 1205 4173 iunctis
1237 4107 1381 4173 Calicem
1405 4108 1527 4172 iterum
1562 4107 1659 4194 palla

430 4215 598 4298 cooperiet
619 4233 659 4278 ac
682 4210 896 4298 genuflectet.
1453 4273 1455 4278 .

521 4321 592 4385 114.
617 4322 791 4406 Assurget‚
816 4322 916 4387 stabit
939 4322 1152 4390 mediocriter
1184 4323 1363 4390 inclinatus
1391 4323 1434 4390 ad
1459 4323 1658 4391 Sacramen-

429 4435 500 4492 tum
523 4431 710 4514 iunctisque
740 4435 818 4495 ante
850 4438 965 4515 pectus
997 4430 1157 4509 manibus,
1181 4436 1260 4517 quin
1295 4434 1428 4498 insistat
1459 4431 1582 4510 Alteri,
1608 4431 1657 4500 di-

429 4544 483 4599 cet
498 4536 569 4600 alta
591 4559 673 4604 voce
695 4538 822 4624 Agnae
846 4538 919 4615 Dei,
944 4541 1010 4624 qai
1032 4541 1132 4615 tollis
1157 4543 1269 4607 statim
1293 4547 1395 4626 ponet
1410 4559 1511 4626 super
1537 4560 1656 4628 corpo-

429 4641 501 4707 rale
535 4645 713 4723 sinistram,
744 4647 884 4714 dextera
914 4655 1036 4722 autem,
1061 4667 1121 4712 seu
1153 4649 1259 4716 tribus
1294 4649 1404 4734 digitis
1436 4647 1653 4716 inferioribus
