4175 5717
524 731 588 798 ast
986 753 1052 805 urs.
1078 757 1099 805 1.

467 883 477 900 ²
525 860 599 926 455.
624 861 658 927 81
683 863 746 928 1100
767 863 853 949 apud
877 883 1046 930 scamnum
1063 885 1128 930 non
1146 866 1274 944 fecerit,
1293 866 1404 933 veniet
1422 871 1500 934 ante
1519 863 1655 946 Altera,

435 967 701 1054 genuflexionem
724 970 889 1056 duplicem
905 973 939 1038 in
962 971 1069 1040 medio
1088 977 1226 1059 peraget
1240 979 1319 1039 ante
1336 971 1481 1040 infimum
1498 965 1655 1061 gradum,

435 1083 534 1161 atque
557 1098 734 1162 assurgens
759 1080 929 1146 incensum
953 1082 987 1145 in
1010 1081 1086 1147 bina
1109 1080 1292 1158 thuribula,
1324 1086 1361 1147 ut
1391 1100 1497 1168 nuper
1525 1081 1656 1148 dictum

435 1192 496 1263 est,
521 1187 653 1253 iniiciet.
1343 1183 1353 1214 '

522 1295 597 1360 456.
621 1295 922 1380 Adgeniculabitur
945 1298 979 1362 in
1002 1298 1109 1363 medio
1132 1297 1237 1384 gradu
1260 1296 1380 1375 inflmo,
1405 1296 1616 1364 thuribulum
1634 1315 1657 1362 a

436 1404 580 1469 Diacono
603 1406 752 1492 accipiet,
776 1404 981 1472 thurificabit
1005 1406 1062 1473 88.
1087 1405 1348 1484 Sacramentum,
1372 1407 1542 1492 ipsumque
1569 1405 1655 1471 thu·

436 1511 580 1576 ribulum
604 1511 749 1578 Diacono
773 1515 938 1579 restituet.

522 1619 597 1684 457.
622 1619 730 1695 Quum
754 1622 784 1685 ei
808 1620 920 1688 velum
943 1620 1116 1687 humerale
1139 1621 1286 1686 humeris
1310 1621 1496 1708 impositum
1519 1621 1595 1698 erit,
1616 1639 1655 1686 se

434 1727 584 1813 paullum
615 1734 791 1793 convertet
823 1749 940 1794 versus
971 1727 1224 1805 subdiaconum,
1258 1735 1295 1793 ut
1325 1727 1410 1793 illud
1442 1726 1502 1792 sibi
1530 1725 1656 1812 alliget

348 1847 352 1854 ·
432 1841 510 1900 ante
534 1842 659 1921 pectus,
684 1836 801 1902 deinde
824 1836 1093 1904 extremitatibus
1116 1835 1182 1902 veli
1213 1835 1396 1903 humeralis
1427 1834 1653 1902 anterioribus

433 1945 601 2029 cooperiet
616 1965 743 2010 manus.

521 2051 596 2117 458.
620 2052 704 2117 Dum
728 2051 959 2119 Ostensorium
982 2073 1057 2118 cum
1081 2053 1295 2119 Sacramento
1323 2053 1353 2118 ei
1383 2048 1655 2138 praesentabitur

432 2181 452 2225 a
474 2159 630 2236 Diacono,
655 2162 878 2227 reverentiam
905 2160 1103 2248 profundam
1135 2159 1264 2238 efficiet,
1290 2159 1519 2227 Ostensorium
1550 2175 1652 2222 manu

433 2265 573 2332 dextera
607 2269 746 2354 accipiet
779 2289 880 2355 prope
915 2267 1047 2346 nodum,
1072 2269 1239 2334 sinistram
1266 2266 1340 2354 pedi
1371 2283 1569 2353 supponens,
1592 2283 1652 2330 as-

433 2381 550 2459 surget
579 2380 613 2439 et
645 2374 732 2441 facta
761 2395 782 2440 a
814 2376 959 2440 Diacono
992 2372 1237 2460 genuflexione,
1269 2375 1304 2440 s‘e
1339 2393 1456 2440 versus
1490 2371 1651 2460 populum

433 2489 617 2548 convertet.

519 2591 594 2657 459.
620 2591 701 2656 Cum
724 2589 886 2655 Ministris
919 2589 1041 2656 subibit
1073 2588 1313 2667 umbraculum,
1343 2593 1443 2673 atque
1476 2589 1652 2654 intereos

432 2695 559 2763 medius
582 2697 712 2764 incedet
735 2699 769 2763 in
792 2699 1047 2784 processionem,
1070 2697 1214 2783 psalmos
1239 2703 1274 2763 et
1300 2696 1442 2783 hymnos
1471 2699 1653 2762 consuetos

431 2805 593 2871 submissa
616 2826 698 2871 voce
721 2807 867 2871 recitans
890 2806 1094 2870 alternatim.

520 2913 594 2977 460.
621 2913 654 2978 81
678 2934 742 2997 qua
765 2914 797 2978 in
822 2913 974 2979 Ecclesia
996 2920 1053 2979 aut
1072 2914 1183 2978 Altari
1198 2912 1240 2978 ad
1256 2913 1342 2978 hanc
1358 2932 1427 2977 rem
1443 2917 1557 2978 erecto
1573 2929 1654 2998 pro·

432 3023 537 3085 cessio
561 3021 717 3087 subsistet
740 3023 773 3086 in
797 3022 928 3098 itinere,
953 3041 1149 3106 progressus
1173 3025 1250 3085 ante
1274 3019 1392 3086 Altare
1409 3021 1578 3096 consistet,
1592 3017 1654 3085 Sa·

430 3135 636 3194 crementum
660 3129 805 3194 Diacono
830 3129 1013 3194 committet
1043 3135 1077 3193 et
1107 3128 1277 3194 submissis
1306 3127 1445 3212 genibus
1475 3128 1509 3192 in
1540 3127 1653 3214 gradu

430 3234 541 3299 intimo
564 3235 724 3304 adorabit.
748 3235 865 3301 deinde
889 3235 1001 3301 velum
1025 3236 1199 3302 humerale
1222 3234 1373 3321 deponet.

521 3343 595 3407 461.
619 3343 768 3410 Reverso
792 3343 833 3408 ad
857 3345 927 3408 eius
955 3342 1128 3408 dextoram
1152 3344 1306 3420 Diacono,
1334 3348 1497 3427 assurget,
1530 3343 1653 3410 incen-

431 3471 502 3514 sum
527 3450 678 3516 infundet
701 3453 734 3516 in
757 3451 965 3517 thuribulum
997 3453 1068 3516 sine
1096 3451 1322 3517 benedictione
1352 3470 1391 3516 ac
1421 3469 1539 3516 rursus
1570 3457 1654 3517 ante

432 3558 550 3623 Altare
573 3560 607 3622 in
630 3579 739 3645 genua
762 3559 965 3644 procumbet.

519 3666 593 3730 462.
618 3667 770 3731 10400040
794 3687 814 3731 a
838 3665 1029 3732 cantoribus
1057 3666 1208 3733 Tantum
1231 3685 1324 3752 ergo,
1349 3672 1424 3751 post
1454 3665 1652 3732 inclinatio-

432 3794 506 3837 nem
529 3772 570 3837 ad
595 3774 696 3839 rerba
725 3774 940 3841 Veneremur
962 3775 1096 3851 cernui,
1121 3775 1263 3859 accipiet
1285 3793 1305 3838 a
1328 3773 1472 3839 Diacono
1496 3773 1654 3840 thuribu-

430 3881 508 3958 lum,
534 3879 736 3946 thurificabit
760 3881 816 3947 88.
843 3882 1093 3947 Sacramentum
1117 3891 1150 3947 et
1174 3888 1248 3967 post
1270 3879 1550 3947 thurificationem
1575 3881 1653 3950 thu-

432 3989 576 4054 ribulum
600 3989 744 4054 111000οο
769 3991 933 4055 restituet.

518 4098 592 4162 463.
617 4096 668 4161 Ad
692 4102 723 4170 1.
749 4097 884 4164 Panem
907 4099 1065 4165 decocto
1111 4104 1174 4164 040.
1199 4104 1355 4182 assurget
1377 4119 1416 4164 ac
1440 4106 1518 4164 4000
1534 4098 1651 4180 feriali

431 4219 528 4271 canet
552 4208 735 4271 orationem
759 4227 834 4270 cum
857 4205 950 4271 brevi
975 4207 1189 4272 conclusione
1216 4206 1282 4278 Qui
1304 4207 1388 4273 rivis
1411 4213 1443 4273 et
1459 4225 1592 4291 regnos
1607 4207 1648 4273 in

432 4318 572 4381 ..1000040
596 4324 658 4380 etc.

518 4423 592 4486 464.
618 4424 698 4488 Post
725 4424 907 4488 orationem
941 4443 1057 4488 rursus
1088 4420 1300 4508 genuflectet,
1333 4424 1444 4488 velum
1474 4424 1652 4492 humerale

430 4525 575 4593 humeris
607 4533 676 4595 eius
708 4537 897 4616 reponetur,
933 4533 1114 4617 accipieta
1145 4532 1289 4597 Diacono
1321 4531 1582 4610 Sacramentum,
1615 4540 1652 4601 et

430 4639 672 4717 processionem
698 4639 901 4704 continuabit
934 4640 1118 4723 quomodo
1150 4642 1181 4703 in
1209 4642 1369 4726 principio
1401 4641 1502 4726 ipsius
1531 4639 1651 4709 decla-

431 4760 588 4805 ravimus.
