4175 5717
518 717 561 780 80
965 737 1031 782 nin.
1059 737 1105 784 ui.

430 844 550 920 nalem,
574 849 734 927 sequetur
757 843 922 908 secundus
946 863 1021 910 cum
1037 844 1220 920 thuribulo,
1239 845 1356 912 ultimo
1372 844 1449 912 loco
1465 845 1648 914 celebrans

430 953 491 1019 sub
515 951 714 1017 baldachino
736 957 871 1038 gestans
896 950 953 1018 SS.
985 951 1237 1018 Sacramentum
1261 959 1337 1018 eta
1368 955 1517 1022 sinistris
1547 955 1648 1042 ipsius

429 1059 560 1126 incedet
582 1060 707 1144 primus
730 1059 884 1136 clericus,
908 1060 964 1142 qui
987 1057 1150 1124 fimbriam
1173 1059 1329 1144 pluuialis
1354 1062 1427 1126 eius
1449 1061 1574 1134 elatam
1589 1083 1649 1128 su-

431 1167 574 1236 stinebit.
600 1167 629 1232 Α
653 1167 814 1232 lateribus
837 1174 937 1232 extra
959 1166 1194 1232 baldachinum
1220 1167 1374 1234 incedent
1395 1168 1462 1234 duo
1487 1169 1542 1235 vel
1564 1189 1649 1254 qua·

430 1285 508 1342 tuor
532 1276 727 1342 confratres
750 1277 952 1342 sustinentes
976 1275 1126 1340 laternas
1149 1275 1286 1342 hastiles
1304 1297 1378 1342 cum
1395 1275 1577 1344 luminibus
1598 1295 1651 1344 ae·

433 1385 551 1451 censis.
576 1384 725 1468 Populus
747 1384 991 1468 processionem
1016 1382 1167 1449 ordinate
1191 1389 1359 1467 sequetur.
1471 1415 1474 1420 ·

520 1491 581 1568 30„
599 1490 794 1557 confratres
817 1489 1009 1556 incedentes
1033 1490 1258 1568 dextrorsum,
1282 1491 1455 1566 candelam
1473 1511 1534 1558 seu
1550 1493 1650 1558 intor-

432 1602 546 1666 licium
570 1599 783 1666 sustinebunt
805 1598 947 1664 dextera
970 1605 1005 1663 et
1027 1599 1197 1663 sinistram
1213 1598 1428 1684 applicabunt
1442 1601 1582 1686 pectori;
1595 1600 1649 1684 qui

433 1707 587 1772 incedent
610 1707 847 1782 sinistrorsum,
871 1706 1008 1770 sinistra
1031 1705 1243 1772 sustinebunt
1266 1705 1440 1772 candelam
1460 1709 1533 1774 sive
1550 1707 1650 1776 intor-

433 1817 556 1890 tioium,
581 1812 754 1879 dexteram
778 1814 904 1898 pectori
919 1812 1144 1898 applicabunt.
1163 1813 1312 1880 Glericus
1330 1813 1581 1892 thuriferarius,
1598 1815 1648 1879 in·

433 1920 580 1988 cedendo
603 1920 742 2006 agitabit
764 1919 887 1984 lei-iter
909 1919 1129 1997 thuribulum,
1147 1927 1181 1986 et
1198 1941 1297 2005 quum
1314 1941 1396 2006 opus
1412 1921 1528 1998 fuerit,
1542 1922 1651 1988 incen-

435 2050 506 2094 sum
531 2031 626 2093 ineo
650 2026 836 2093 renovabit.
862 2027 915 2092 En
938 2027 1145 2094 delatoribus
1169 2027 1356 2094 baldachini
1380 2029 1509 2115 primus
1532 2047 1593 2094 seu
1608 2025 1652 2094 di·

433 2139 530 2223 gnior
554 2135 730 2202 sustinebit
753 2137 890 2221 primam
914 2135 1044 2202 hastam
1068 2157 1088 2202 a
1112 2135 1260 2202 dexteris
1284 2136 1504 2216 Celebrantis,
1530 2155 1650 2204 secun·

435 2245 495 2310 dus
519 2245 656 2331 primam
678 2263 699 2308 a
722 2244 878 2318 sinistris,
902 2245 1023 2309 tertius
1047 2243 1226 2310 secundam
1250 2263 1270 2310 a
1293 2244 1441 2320 dexteris
1467 2244 1650 2312 Celebran-

436 2354 488 2428 tis‚
513 2356 652 2436 quartus
676 2349 853 2416 secundam
877 2370 898 2416 a
920 2351 1065 2416 sinistris
1088 2357 1123 2416 et
1146 2352 1193 2417 ita
1208 2349 1248 2417 de
1264 2352 1412 2436 reliquis,
1429 2353 1458 2418 si
1477 2351 1651 2439 plusquam

435 2466 579 2543 quatuor
600 2459 719 2524 hastae
742 2457 931 2528 baldachini
953 2458 1089 2522 fuerint.
1116 2457 1297 2524 Celebrans
1321 2479 1396 2526 cum
1420 2461 1528 2546 primo
1551 2459 1652 2528 cleri-

436 2588 475 2632 co
498 2566 660 2632 submissa
683 2585 765 2632 voce
797 2565 951 2632 recitabit
980 2567 1124 2652 hymnos
1155 2572 1189 2632 et
1218 2565 1363 2652 psalmos
1393 2567 1567 2654 analogos,
1598 2567 1652 2636 rel

436 2677 534 2741 otiam
558 2676 681 2761 poterit
704 2676 795 2759 sequi
819 2679 952 2740 cantum
977 2681 1176 2740 ceterorum.

523 2785 576 2850 31.
602 2785 685 2850 Toto
709 2785 929 2870 processionis
953 2791 1100 2870 tempore
1124 2789 1288 2850 canentur
1311 2785 1428 2871 hymni
1451 2790 1486 2852 et
1500 2785 1653 2872 psalmia

437 2893 563 2960 ltituali
586 2893 793 2978 praescripti.
819 2892 900 2958 Item
924 2892 1091 2958 sonabunt
1114 2893 1235 2958 festivo
1259 2911 1351 2958 more
1374 2911 1565 2980 campanae,
1592 2911 1654 2960 nec

439 3020 557 3066 sonare
580 3000 750 3075 desierint,
775 3000 838 3063 nisi
862 3021 962 3084 quum
986 3000 1114 3065 functio
1138 2998 1291 3066 absoluta
1314 2999 1427 3066 fuerit.

525 3108 579 3173 32.
604 3107 638 3172 Si
662 3105 828 3193 processio
851 3107 984 3172 fact-ura
1007 3109 1048 3172 sit
1073 3109 1249 3172 stationem
1265 3109 1298 3171 in
1315 3107 1426 3192 aliquo
1443 3107 1569 3196 templo
1585 3107 1654 3174 sire

439 3217 595 3291 ‹iratoriu
621 3223 679 3281 sut
703 3213 790 3300 apud
813 3215 931 3280 Altare
955 3217 988 3278 in
1012 3216 1066 3280 ria
1089 3221 1247 3292 erectum,
1272 3213 1490 3302 disponentur
1515 3217 1550 3294 in
1573 3215 1654 3284 duos

438 3323 571 3388 ordines
595 3344 615 3388 a
637 3323 800 3390 lateribus
825 3322 1028 3398 Confratres,
1054 3343 1135 3407 quos
1160 3325 1247 3390 inter
1278 3319 1472 3409 genuflexos
1500 3321 1655 3400 transibit

440 3431 621 3498 Celebrans
645 3453 719 3498 cum
744 3431 882 3515 reliquis
905 3432 1058 3516 superius
1082 3433 1214 3498 notatis.
1241 3430 1290 3497 ad
1314 3430 1433 3508 Altera
1458 3451 1561 3516 quum
1584 3451 1656 3520 peu·

442 3544 605 3618 venerint,
622 3543 767 3608 clericus·
783 3560 857 3608 cum
875 3539 982 3606 Gruce
997 3539 1155 3606 subsistet
1172 3546 1263 3606 stans
1277 3559 1394 3606 versus
1405 3547 1535 3626 partem
1549 3539 1655 3606 Evan-

441 3651 530 3736 gelii,
560 3649 796 3716 thuriferarius
826 3655 938 3714 autem
969 3669 1086 3714 versus
1116 3656 1242 3734 partem
1274 3646 1455 3734 Epistolae:
1487 3645 1655 3716 delatores

441 3759 629 3824 baldachini
653 3758 765 3840 etqui
789 3756 1001 3821 sustinebunt
1024 3757 1173 3822 laternas
1197 3755 1336 3822 hastiles
1359 3753 1576 3832 recedentia
1603 3755 1655 3828 sl·

441 3874 609 3932 teratrum
632 3865 731 3930 latus.
757 3862 939 3930 celebrans
963 3863 1121 3930 ascendet
1143 3862 1184 3928 ad
1208 3863 1327 3928 Altare
1350 3867 1384 3926 et
1406 3861 1533 3947 primus
1560 3861 1655 3930 cleri·

442 3996 500 4039 cus
524 3971 668 4038 fimbrias
691 3973 876 4036 anteriores
900 3972 971 4036 eius
997 3972 1137 4038 vestium
1161 3969 1327 4036 sustollet.
1353 3967 1537 4050 Celebraus
1558 3977 1656 4060 popei

443 4080 674 4148 Ostensorium
699 4099 798 4164 super
822 4079 939 4148 Altero
964 4084 1098 4146 uertens
1115 4085 1242 4164 partem
1258 4079 1459 4148 anteriorem
1476 4077 1571 4154 illius
1587 4097 1657 4152 vsu·

442 4212 497 4254 ¹sus
522 4188 689 4274 populum,
714 4185 980 4272 genuflexionem
1003 4189 1104 4254 faciet
1130 4189 1162 4252 in
1188 4186 1395 4272 suppedaneo
1418 4191 1453 4251 et
1473 4205 1655 4254 conversus

443 4297 482 4360 ad
508 4318 603 4360 suum
627 4295 716 4360 latus
740 4297 921 4371 sinistrum,
947 4295 986 4360 de
1011 4295 1122 4359 Altari
1146 4293 1326 4359 descendet
1348 4312 1387 4358 ac
1402 4293 1656 4378 geniculabitin

443 4403 548 4488 gradu
574 4404 682 4469 intimo
707 4409 736 4468 et
766 4403 876 4468 uelum
902 4403 1073 4470 humerale
1105 4402 1255 4488 deponet.
1289 4403 1410 4476 Postea
1439 4408 1598 4486 assurget
1624 4403 1655 4466 et

443 4513 612 4576 incensum
637 4511 788 4576 demittet-
809 4512 844 4575 in
869 4511 1086 4580 thuribulum.
1113 4516 1149 4576 ut.
1173 4511 1325 4596 superius
1342 4509 1519 4588 innuimus,
1536 4513 1571 4592 et
1586 4527 1656 4592 rur·

444 4642 500 4684 sus
523 4621 660 4702 gestibus
686 4619 780 4686 flexis
804 4621 948 4686 cantabit
975 4627 1006 4694 i.
1035 4621 1187 4688 Tantum
1202 4639 1285 4704 erpo
1302 4617 1420 4686 deinde
1436 4617 1584 4690 alterurn
1599 4615 1656 4686 Gt·
