4175 5717
525 723 592 792 202
984 735 1051 790 ms.
1077 737 1112 788 ιι.

435 853 638 928 riierarium,
661 851 719 936 qui
733 851 771 917 ei
793 847 1004 916 thuribulum
1027 854 1179 935 apertum
1203 846 1346 926 obiiciat·
1371 849 1539 917 Diaconos
1554 843 1661 918 mini-

435 959 558 1026 strabit
580 961 752 1025 incensum
781 977 857 1023 cum
888 956 1013 1023 osculis
1044 957 1193 1032 usitatim.
1220 954 1449 1023 subdiaconus
1478 959 1661 1046 appropin-

434 1088 539 1153 quans
562 1066 723 1133 dexterae
747 1065 966 1142 celebrantis,
990 1063 1181 1130 sublevabit
1201 1064 1277 1129 eius
1299 1061 1461 1132 fimbriam
1484 1063 1661 1134 dexteram

433 1176 599 1262 pluvialis
625 1174 809 1243 celebrans
832 1173 959 1238 iniiciet
981 1173 1155 1238 incensum
1179 1172 1212 1236 in
1235 1170 1448 1239 thuribulum
1477 1175 1555 1240 crim
1581 1163 1669 1240 dor-'

434 1283 526 1350 mula
549 1287 710 1350 consueta
731 1279 785 1348 Ab
808 1280 868 1348 illo
890 1279 1111 1348 benedicaris
1135 1284 1212 1356 eto,
1236 1284 1271 1345 et
1292 1278 1468 1347 benedicet
1491 1277 1591 1360 illud,
1606 1299 1663 1368 ap-

433 1392 561 1479 plicans
584 1391 754 1458 sinistram
777 1389 899 1466 Altari,
923 1408 1025 1473 quum
1049 1389 1181 1475 signum
1205 1387 1321 1454 Grucis
1353 1407 1455 1476 super
1485 1389 1669 1456 incensum

434 1497 565 1566 efficiet
1125 1545 1128 1556 .

519 1606 574 1672 97.
599 1605 872 1687 Thuriierarius,
869 1609 1022 1692 recepte
1039 1604 1213 1684 navicula,
1237 1600 1462 1670 descendetur
1484 1545 1600 1672 intere
1621 1549 1667 1672 de

433 1713 546 1780 Alteri
569 1733 670 1799 seque
691 1711 793 1779 addet
815 1711 1004 1798 Acolythis,
1028 1713 1123 1778 utin
1148 1711 1256 1778 Missis
1279 1691 1495 1790 solemnibus,
1514 1709 1665 1780 Subdla·

432 1841 537 1888 conus
560 1820 739 1888 descendet
760 1825 840 1886 anto
861 1819 983 1886 Altare
1006 1826 1041 1886 et
1064 1819 1254 1885 Diaconus
1245 1837 1281 1884 ra
1296 1817 1435 1904 gradum
1451 1821 1674 1906 superiorem·

432 1928 646 2006 descendens,
670 1927 880 2014 genicuiabit·
897 1929 931 1992 in
954 1926 1167 2014 suppedaneo
1189 1931 1225 1992 et
1248 1926 1404 1993 recitabit
1427 1925 1573 2010 Munda
1599 1945 1666 1996 cor

432 2057 550 2104 meum
573 2041 636 2103 etc.
661 2035 949 2102 Goeremoniarius
973 2041 1123 2121 prompte
1147 2033 1284 2102 accedet
1305 2033 1347 2101 ad
1368 2033 1618 2102 Oelebrantena
1645 2067 1650 2096 ι

519 2144 573 2210 98.
598 2143 762 2210 Diaconus
785 2147 860 2230 post
877 2143 1051 2208 recitatam
1067 2142 1271 2229 praedictam
1285 2143 1472 2209 orationem
1492 2147 1665 2230 assumet,

430 2253 572 2338 accipiet
593 2251 867 2336 Evangeliarium
890 2251 952 2316 tali
975 2249 1072 2316 modo
1096 2255 1134 2316 ut
1156 2250 1234 2316 libri
1257 2255 1418 2338 apertura
1450 2255 1587 2338 spectet
1618 2247 1663 2318 ad

430 2360 600 2424 sinistram
623 2377 727 2434 suam,
751 2357 966 2444 geniculabit‚
989 2364 1029 2424 ut
1044 2359 1078 2423 in
1095 2358 1196 2424 Missa
1211 2357 1361 2435 solemni,
1379 2363 1458 2424 ante
1479 2357 1669 2426 celebrau-

429 2472 508 2543 tem,
532 2472 567 2532 et
589 2465 630 2532 ab
653 2485 694 2532 eo
716 2464 980 2533 benedictionem
1002 2470 1105 2554 petet.
1130 2465 1380 2533 Gelebransad
1395 2467 1502 2553 ipsum
1517 2485 1666 2534 conmo-

430 2597 499 2651 sus,
522 2574 786 2641 benedictionem
810 2574 977 2660 largietur
999 2573 1113 2642 dicens
1137 2574 1311 2642 Dominus
1327 2575 1380 2642 sit
1401 2573 1465 2640 etc.
1483 2573 1667 2642 caeremo-

430 2683 558 2748 niarius
580 2681 741 2749 fimbriam
764 2679 937 2748 dexteram
960 2681 1119 2768 pluvialis
1144 2682 1353 2750 celebrantis
1375 2682 1522 2760 attollet,
1558 2701 1665 2768 quum

430 2789 491 2856 ille
513 2789 948 2857 Diaconobenediotiomm
970 2790 1193 2876 impertietur.
1579 2841 1583 2850 .
1649 2845 1652 2852 .

514 2898 570 2964 99.
594 2897 759 2964 Diaconos
782 2897 823 2964 de
847 2897 958 2964 Alteri
981 2893 1171 2975 descendet,
1196 2896 1299 2963 coibit
1322 2917 1398 2963 cum
1419 2895 1664 2978 ¹Subdiacorro,

429 3004 607 3092 Acolythis
629 3025 670 3072 ac
692 3005 922 3082 thuriferario,
947 3010 983 3070 et
1005 3005 1097 3071 iacta
1130 3005 1232 3070 simul
1255 3004 1296 3070 ad
1328 3005 1470 3072 (trucem
1502 3001 1665 3091 genufle-

430 3113 529 3178 xione
553 3116 588 3178 et
609 3113 808 3178 reverentia.
824 3111 866 3177 ad
888 3112 1040 3190 chorum,
1058 3113 1087 3176 si
1101 3111 1221 3189 aderit,
1239 3118 1358 3199 perget
1373 3111 1415 3177 ad
1431 3111 1664 3198 Evangelium

429 3218 616 3285 canendum
638 3216 754 3286 eodem
769 3219 845 3284 loco
861 3218 1050 3304 eisdemque
1066 3219 1186 3287 ritibus
1201 3239 1242 3286 ac
1257 3219 1292 3286 in
1307 3221 1417 3286 Missis
1439 3219 1663 3288 solemnibus.

431 3325 658 3392 Subdiaconus
681 3326 860 3393 sustinebit
881 3326 1063 3393 librumet
1087 3327 1270 3394 Celebrans
1292 3326 1334 3393 ad
1359 3326 1542 3446 Diaconum
1573 3329 1664 3396 obn·

429 3439 593 3512 vertetur,
617 3441 656 3501 ut
677 3435 835 3502 assolet
827 3455 861 3502 ιιι
886 3432 1001 3501 iisdem
1024 3435 1146 3501 Missis.

518 3543 591 3608 100.
616 3542 796 3628 Postquam
813 3543 980 3610 Diaconus
995 3544 1167 3608 cecinerit
1165 3542 1407 3629 Erangeiium,
1425 3540 1663 3612 subdiaconus

428 3646 546 3717 afferet
568 3649 692 3717 librum
714 3651 934 3718 osculandum
957 3650 1161 3726 Golebranti,
1186 3651 1241 3736 qui
1265 3651 1341 3718 dum
1366 3649 1578 3716 osculabitur
1613 3651 1663 3718 il·-

429 3758 509 3834 lum,
534 3763 737 3844 superponet
759 3759 822 3845 ipsi
845 3779 962 3825 manus
986 3758 1100 3825 dicens
1127 3757 1199 3825 Per
1222 3757 1436 3843 annpeiicc
1459 3757 1556 3825 cteta
1588 3763 1660 3826 etc.

430 3865 590 3952 ⁶lcolythi
613 3871 757 3953 pergent
771 3864 813 3930 ad
827 3866 968 3933 abacum
990 3871 1026 3932 et
1048 3867 1082 3932 in
1106 3885 1146 3932 co
1170 3864 1372 3932 candelabra
1387 3863 1662 3951 deponentr'Dia·

430 3992 535 4039 conus
557 3970 791 4040 celebrantem
813 3972 962 4040 adolebit
983 3973 1109 4060 triplici
1132 3973 1246 4046 ductu.
1277 3971 1359 4038 Post
1388 3972 1472 4038 haec
1505 3971 1669 4040 thurii&

429 4083 539 4148 rarius
563 4082 690 4148 referet
711 4083 747 4147 in
769 4082 956 4148 sacristiam
979 4080 1200 4159 thuribulum,
1224 4100 1298 4166 quo·
1323 4082 1358 4146 in
1388 4080 1453 4147 hac
1481 4079 1670 4148 functione-¹

429 4209 496 4255 non
519 4210 602 4277 opus
625 4189 856 4275 estamplius.
937 4209 940 4214 ’
1319 4237 1321 4244 .

519 4298 591 4363 101.
616 4297 735 4364 Statim
758 4317 797 4362 ac
821 4299 1013 4364 incensatus
1035 4298 1142 4363 fuerit
1165 4296 1357 4373 Celebrans,
1393 4313 1566 4382 pauperes,
1600 4296 1658 4380 qui

344 4495 347 4500 .
428 4409 499 4470 toto
465 4407 586 4471 thoc
609 4413 758 4492 tompore
782 4411 849 4471 stet
851 4407 948 4482 erint,
973 4404 1193 4471 considebunt
1219 4410 1255 4470 et
1288 4402 1523 4470 adiuuantibus
1553 4421 1657 4489 prae-

430 4510 524 4576 dictis
548 4513 653 4591 laicis,
677 4514 853 4580 dexterum
877 4512 992 4600 pedem
1016 4512 1294 4580 excalceabunt..

519 4616 592 4684 102.
617 4621 810 4700 celebrans,
834 4628 973 4708 accepta
1006 4618 1265 4698 thurificatione,
1298 4619 1522 4687 reverentiam
1552 4617 1655 4686 meist
