4175 5717
518 689 561 756 86
865 666 875 694 ‘
980 701 1047 755 ma.
1070 707 1091 756 r.

517 816 569 879 71.
595 814 628 882 Si
651 819 728 880 ante
751 813 870 879 Altare
894 812 950 879 SS.
976 813 1181 879 Sacramenti
1198 815 1241 879 sit
1257 802 1507 892 transeundum,
1524 805 1646 882 efficiet

429 919 707 1008 genuflexionem.

516 1029 569 1095 72.
594 1027 737 1094 Rediens
761 1048 835 1094 cum
858 1028 1071 1114 processione
1095 1026 1137 1093 ad
1161 1027 1291 1105 Altare,
1318 1026 1583 1113 genuflexionem
1603 1027 1645 1095 ad

427 1139 535 1222 ipsum
558 1136 669 1213 faciet,
694 1141 728 1200 et
750 1140 867 1221 perget
889 1134 931 1200 ad
953 1134 1093 1201 abacum
1117 1134 1173 1201 vel
1197 1136 1231 1200 in
1266 1136 1449 1201 sacrarium
1480 1135 1522 1202 ad
1551 1155 1648 1207 reno·

431 1243 574 1308 randum
589 1240 752 1307 thuribuli
769 1242 888 1327 ignem,
906 1242 932 1306 si
949 1242 1038 1306 forte
1059 1242 1279 1327 processionis
1303 1247 1450 1330 tempore
1474 1244 1645 1309 extinctus

432 1356 530 1415 esset.

521 1457 574 1522 73.
599 1458 634 1520 ln
659 1457 760 1521 Missa
783 1455 921 1522 solemni
945 1455 1143 1522 documenta
1166 1458 1229 1521 iarn
1253 1453 1377 1523 tradita
1400 1463 1568 1541 sequetur.

746 1673 777 1755 §-
806 1670 855 1735 ll.
880 1671 922 1737 In
944 1673 1038 1755 feria
1052 1672 1085 1792 ΙΙ
1088 1671 1124 1737 V.
1152 1672 1330 1741 disemum.

521 1889 574 1952 74.
599 1888 635 1951 ln
659 1907 795 1953 accessu
819 1887 861 1952 ad
885 1886 1004 1952 Altare
1028 1893 1234 1972 exsequetur
1266 1886 1352 1971 quod
1382 1886 1505 1952 dictum
1533 1892 1584 1951 est
1607 1885 1647 1951 de

434 1994 647 2059 candelarum
671 1993 909 2060 benedictione.

521 2100 573 2165 75.
597 2101 694 2166 Initio
718 2103 904 2166 orationum
928 2120 989 2187 pro
1004 2101 1234 2168 benedictione
1251 2101 1405 2167 Cinerum
1421 2103 1647 2189 praescripta-

434 2229 517 2284 rum,
542 2214 658 2294 perget
681 2208 722 2274 ad
745 2208 939 2274 sumendum
968 2209 1178 2275 thuribulum
1209 2229 1284 2274 cum
1320 2208 1477 2274 navicula
1510 2215 1545 2274 et
1575 2207 1650 2275 sub-

432 2318 527 2381 sistet
550 2316 583 2380 in
606 2315 705 2401 plano
729 2316 863 2382 laterali
887 2316 1014 2381 Alienis
1039 2335 1181 2382 acornu
1199 2315 1374 2401 Epistulae
1391 2316 1452 2381 sub
1468 2313 1566 2383 finem
1582 2321 1648 2382 ter-

433 2426 500 2489 tiae
524 2423 577 2487 vel
602 2422 642 2488 ad
666 2431 804 2508 quartae
828 2425 987 2491 orationis
1010 2425 1217 2511 principium.

521 2531 573 2595 76.
599 2492 726 2606 Q'uarta
749 2529 899 2597 oratione
921 2530 1085 2607 absoluta,
1112 2530 1271 2597 ascendet
1292 2530 1334 2596 ad
1350 2530 1481 2608 Altare,
1500 2530 1650 2616 porriget

433 2639 575 2704 Diacono
598 2638 797 2714 naviculam,
821 2643 856 2703 et
878 2635 1088 2703 thnribulum
1111 2643 1263 2725 apertum
1287 2637 1419 2702 obiiciet
1443 2635 1646 2714 Celebranti,

433 2748 488 2830 qui
510 2743 707 2811 benedicens
730 2746 901 2812 incensum
925 2746 1090 2812 immittet.

520 2854 572 2917 77.
596 2852 677 2918 Post
699 2852 782 2917 haec
805 2853 943 2939 recipiet
969 2853 1167 2930 naviculam,
1199 2851 1336 2918 recedet
1365 2851 1517 2938 paullum
1544 2870 1648 2938 prope

432 2962 622 3036 Diaconum,
647 2962 701 3044 qui
725 2979 825 3043 quum
849 2959 1031 3025 reddiderit
1060 2961 1285 3048 aspersorium
1321 2959 1444 3026 clerico
1472 2958 1646 3024 vasculum

431 3071 561 3144 terenti,
586 3069 697 3134 tradet
719 3070 779 3155 ipsi
801 3068 1022 3133 thuribulum.

520 3180 572 3243 78.
596 3178 746 3263 Recipiet
768 3175 885 3241 deinde
908 3196 928 3239 a
951 3176 1096 3242 Diacono
1121 3175 1340 3252 thnribulum,
1365 3174 1451 3259 quod
1471 3174 1598 3242 referet
1614 3175 1648 3239 in

432 3289 615 3352 sacrarium
640 3284 694 3349 vel
719 3283 760 3349 ad
784 3282 932 3348 abacum.

518 3393 570 3457 79.
597 3392 731 3458 Cineres
756 3392 834 3475 ipse,
859 3410 958 3473 quum
983 3396 1112 3476 tempus
1137 3394 1210 3467 erit,
1236 3392 1269 3455 in
1293 3398 1389 3476 caput
1407 3411 1427 3454 a
1445 3389 1650 3457 celebrante

432 3502 581 3586 accipiet.

520 3608 572 3671 80.
596 3608 634 3671 ln
658 3607 759 3672 Missa
774 3605 913 3672 solemni
930 3614 1090 3690 sequetur
1105 3605 1307 3672 documenta
1323 3604 1448 3671 tradita
1463 3625 1524 3692 pro
1541 3605 1649 3670 Missis

432 3714 634 3781 solemnibus
659 3713 841 3780 ferialibus.
1526 3700 1528 3704 ’

731 3931 762 4015 g.
790 3927 839 3995 12.
864 3928 908 3996 Io
931 3928 1113 3997 Dominica
1137 3927 1356 3994 Palmerum.

520 4146 572 4211 81.
598 4144 847 4212 Thuriierarius
871 4147 904 4209 in
922 4133 1065 4210 ‘accessu
1089 4142 1129 4208 ad
1153 4143 1272 4208 Altare
1296 4162 1332 4206 se
1348 4148 1444 4227 geret
1459 4142 1572 4209 eadem
1591 4163 1648 4208 ra-

432 4256 531 4331 tione,
556 4275 620 4339 qua
643 4254 795 4339 superius
819 4255 852 4318 in
875 4253 950 4317 aliis
974 4250 1215 4317 functionibus.

520 4362 572 4426 82.
597 4362 671 4426 Fiet
694 4362 841 4447 aspersio
865 4380 969 4444 aquae
992 4358 1201 4424 benedictae.

521 4468 573 4531 83.
599 4469 723 4535 Idcirco
747 4471 781 4532 in
805 4469 907 4534 choro
931 4466 1032 4531 stabit
1047 4466 1122 4531 loco
1138 4485 1209 4541 suo,
1227 4465 1281 4530 vel
1299 4484 1400 4552 prope
1416 4466 1555 4532 abacum
1573 4486 1647 4531 cum

434 4571 611 4639 acoluthis.
