4175 5717
973 778 1046 828 aar.
1071 775 1119 826 ιιι.
1529 759 1573 831 25

528 884 582 954 76.
607 883 712 955 Sacro
742 894 889 974 peracto,
914 886 1097 956 Celebraus
1121 891 1154 954 iu
1182 889 1369 954 sacristiam
1401 889 1520 956 redibit
1552 890 1660 973 ibique

441 1015 539 1063 onera
562 995 754 1064 indumenta
776 983 930 1064 dimittet.
957 996 1079 1063 Clerici
1103 996 1337 1066 celebrantem
1354 998 1387 1061 in
1408 998 1591 1062 sacristiam
1608 1017 1662 1062 co·

442 1106 548 1171 mitati
571 1104 777 1171 adiuvabunt
800 1125 875 1170 eum
899 1106 933 1170 in
955 1104 1117 1172 exuendis
1133 1107 1345 1191 paramentis:
1361 1103 1481 1172 deinde
1497 1124 1541 1169 ex
1558 1104 1660 1170 abaco

439 1220 474 1278 ot
496 1212 608 1280 Alteri
631 1214 793 1298 recipient
816 1232 870 1278 res
894 1212 928 1277 in
953 1212 1125 1279 iunctione
1148 1212 1314 1280 adhibitas
1345 1220 1380 1277 et
1410 1212 1443 1277 iu
1475 1214 1660 1280 sacrarium

440 1320 661 1407 reportabunt
685 1320 762 1387 illas

985 1465 1116 1480 m--m

770 1642 890 1706 enula
908 1644 944 1700 V.
963 1641 1003 1700 IN
1024 1642 1160 1703 OOENA
1178 1641 1323 1701 DOMlNl

1009 1768 1094 1783 ιιι-ὰ

934 1952 1077 2020 aarur
1102 1952 1160 2019 iv.
1282 1921 1284 1926 ’

810 2170 861 2238 Da
883 2167 990 2238 rebus
1009 2151 1279 2253 praeparandis

443 2405 473 2470 1.
506 2327 677 2480 Altero
699 2406 805 2471 maius
828 2402 1050 2471 exornabitur
1073 2401 1230 2469 nobiliter
1253 2408 1288 2469 et
1310 2402 1413 2489 pallio
1436 2401 1524 2467 albo.

522 2513 553 2577 2.
578 2513 671 2579 (irux
696 2513 824 2579 Altaris
847 2511 924 2579 velo
947 2511 1025 2577 albo
1050 2516 1261 2596 contegetur.

524 2620 555 2684 3.
580 2620 618 2685 ln
640 2639 747 2686 cornu
771 2619 942 2706 Epistolae
965 2619 1102 2686 Missale
1119 2620 1153 2684 iu
1170 2620 1305 2684 cussino
1320 2618 1398 2686 albo
1416 2619 1472 2684 uel
1493 2622 1526 2683 in
1550 2620 1655 2705 legili.

523 2730 554 2792 4.
578 2727 616 2794 In
639 2728 742 2794 abaco
759 2728 851 2794 calix
867 2747 927 2813 pro
944 2726 1048 2793 Missa
1063 2745 1138 2792 oum
1154 2732 1278 2792 ornatu
1294 2726 1362 2792 albi
1378 2727 1502 2793 coloris
1522 2733 1556 2793 et
1573 2728 1659 2792 binis

434 2834 574 2900 Hostiis.
1450 2822 1467 2870 ⁴

520 2943 551 3007 5.
577 2944 674 3010 Galix
697 2944 787 3009 alter
810 2964 886 3010 oum
910 2942 1010 3028 palla,
1027 2950 1159 3028 patena,
1177 2942 1254 3008 velo
1270 2943 1347 3009 albo
1364 2963 1403 3008 aa
1422 2947 1531 3009 taenia
1547 2947 1657 3010 serica

431 3050 524 3116 alba.

522 3160 553 3224 6.
579 3160 672 3225 Pixis
695 3179 770 3225 cum
793 3159 968 3243 particulis
992 3156 1228 3224 consecrandis
1252 3177 1312 3243 pro
1336 3161 1566 3224 communione
1594 3161 1655 3225 ad-

429 3270 593 3334 stantium
617 3275 652 3334 et
674 3289 734 3354 pro
759 3265 908 3332 infirmis.

524 3378 555 3439 7.
574 3375 752 3462 Ampullae
777 3377 845 3440 vini
869 3384 904 3441 et
926 3394 1031 3459 aquae
1047 3376 1081 3440 in
1097 3374 1266 3460 pelvicula
1282 3382 1316 3442 et
1332 3376 1487 3462 mappula
1504 3398 1563 3443 seu
1584 3399 1655 3441 ma·

431 3484 636 3568 nutergium.
1119 3543 1134 3554 ,
1370 3564 1373 3569 ,

522 3591 553 3656 8.
580 3590 769 3657 Schedulae
789 3589 1042 3658 distribuendae
1067 3592 1106 3656 iis
1130 3592 1186 3675 qui
1209 3592 1511 3660 communicabunt.

523 3698 555 3764 9.
582 3698 806 3764 Thuribulum
827 3718 903 3763 oum
927 3698 1096 3764 navicula.

525 3805 574 3870 10.
599 3804 724 3871 Velum
747 3805 920 3870 humerale
943 3805 1013 3871 albi
1036 3806 1170 3872 coloris.

524 3912 574 3977 ll.
600 3912 744 3979 ldantilo
772 3911 952 3997 oblongum
983 3919 1063 3980 ante
1086 3914 1378 3981 communicandos
1406 3918 1654 4003 explicandum.

526 4019 574 4084 12.
600 4022 709 4107 Prope
732 4021 870 4087 abacum
895 4022 988 4088 Crux
1017 4025 1273 4108 processionalis
1296 4034 1452 4096 contem
1475 4028 1553 4093 velo
1576 4032 1651 4093 rio-

432 4129 541 4195 laceo.

528 4237 576 4302 13.
602 4235 842 4303 Baldachiuum
867 4237 989 4303 hastile
1012 4239 1080 4304 albi
1104 4241 1228 4308 eoloris
1253 4249 1287 4307 et
1310 4243 1467 4309 umbella.

528 4345 577 4410 le.
603 4344 775 4409 Crotalum
799 4345 840 4409 ad
864 4347 1133 4412 annunciandum
1158 4347 1338 4415 meridiem.

526 4452 574 4515 15.
600 4451 707 4537 Super
731 4452 916 4519 balaustrio
940 4462 1019 4519 aute
1043 4455 1163 4520 Altare
1188 4465 1288 4522 eruut
1312 4468 1473 4524 extensae
1498 4461 1651 4526 tobaleae

431 4579 494 4648 pro
519 4562 748 4625 communione
772 4560 896 4646 populi.

528 4667 576 4732 16.
596 4666 631 4730 Ia
650 4669 802 4732 sacristia
818 4670 883 4731 tria
899 4670 1143 4755 superpellicea
1154 4692 1214 4756 pro
1227 4673 1368 4740 clericis.
1389 4674 1549 4754 Amiotue,
1565 4676 1651 4755 alba,
