4175 5717
517 729 561 793 58
975 743 1040 794 trs.
1067 744 1101 792 n.

430 859 583 939 patenam
606 853 646 919 ad
670 861 785 940 pectus
816 853 968 918 demittet
990 857 1091 936 atque
1126 850 1309 916 inclinatus
1340 847 1554 936 respondebit
1585 846 1662 916 See·-

431 963 556 1044 scipiat
579 968 642 1027 etc.
667 964 790 1027 utiam
815 961 1011 1026 monuimus.

522 1070 593 1134 168.
618 1069 793 1144 Diaconus,
816 1066 1018 1142 thurificato,
1043 1073 1214 1153 utsupra,
1240 1064 1449 1143 Celebrante,
1466 1069 1660 1151 praeeunte

431 1177 648 1241 thuriferario
672 1175 829 1261 procedet
850 1181 929 1241 ante
953 1175 1073 1240 Altero
1096 1180 1130 1240 et
1152 1170 1363 1259 genuflectet.
1388 1171 1459 1238 Hoc
1475 1173 1548 1257 ipso
1565 1177 1660 1237 tem·

430 1303 510 1368 pore
534 1283 653 1349 clerus
670 1285 703 1347 in
720 1283 823 1349 choro
840 1288 1030 1368 consurget.
1049 1282 1215 1346 Diaconus
1235 1287 1352 1366 perget
1367 1285 1446 1346 ante
1469 1299 1543 1344 earn
1558 1277 1660 1344 chori

429 1397 565 1476 partem,
591 1411 675 1474 quae
699 1392 763 1455 erit
786 1411 829 1455 ex
853 1391 961 1455 latere
985 1389 1160 1474 Evangelii
1185 1394 1219 1455 et
1249 1388 1384 1455 Glerum
1409 1387 1452 1453 ibi
1490 1388 1525 1452 in
1548 1387 1658 1452 choro

430 1503 639 1584 praesentem
662 1498 818 1573 adolebit
842 1497 961 1563 deinde
984 1498 1106 1562 iterata
1128 1493 1363 1582 genuflexione
1395 1496 1429 1560 in
1461 1493 1571 1560 medio
1597 1512 1657 1560 re-

430 1605 715 1690 liquam-clerum
738 1626 757 1671 e
780 1607 888 1671 latere
913 1605 1083 1690 Epistolae
1108 1602 1303 1669 incensabit:
1327 1609 1442 1689 postea
1464 1603 1528 1667 nisi
1551 1607 1657 1668 tran·

430 1719 503 1779 seat
524 1719 602 1778 ante
625 1713 744 1778 Altare
775 1732 842 1777 non
873 1709 1114 1797 genuflectens,
1152 1716 1269 1796 perget
1291 1709 1332 1774 ad
1363 1710 1482 1775 Altare
1512 1707 1656 1786 directe,

430 1821 588 1886 subsistet
610 1841 712 1906 prope
736 1820 897 1904 angulum
920 1822 991 1885 sire
1014 1820 1261 1886 extremitatem
1291 1819 1493 1884 anteriorem
1527 1815 1657 1903 gradus

429 1926 530 1992 infimi
554 1947 572 1992 e
595 1927 704 1993 latere
729 1927 909 2013 Epistola),
933 1932 1153 1992 convertetur
1174 1925 1216 1991 ad
1241 1925 1485 1992 Subdiaconum
1516 1945 1558 1991 ac
1589 1923 1658 1992 du-

430 2035 508 2122 plici
531 2035 632 2101 ductu
656 2055 732 2100 eum
762 2033 919 2110 adolebit,
953 2034 1110 2100 mediocri
1142 2036 1248 2120 ipsum
1279 2035 1469 2099 reverentia
1498 2031 1659 2098 salutans

429 2149 509 2207 ante
531 2149 662 2229 etpost
684 2141 974 2208 thurificationem.
1006 2142 1256 2207 'thuriferarius
1287 2141 1442 2207 transibit
1472 2143 1590 2206 statim
1614 2139 1659 2206 ad

431 2249 604 2315 dexteram
629 2251 765 2315 Diaconi
789 2257 822 2316 et
847 2251 985 2335 recipiet
1000 2250 1040 2316 ab
1059 2270 1097 2315 eo
1114 2248 1333 2315 thuribulum.
1351 2248 1514 2315 Diaconos
1529 2267 1659 2314 ascen·-

431 2357 487 2422 det
509 2356 551 2422 ad
574 2357 692 2423 Altare
716 2358 751 2422 in
774 2357 914 2443 gradum
938 2358 1144 2443 superiorem
1168 2363 1243 2443 post
1266 2356 1509 2434 celebrantem,
1542 2375 1659 2443 geuu-

431 2462 544 2529 flectet
565 2463 607 2528 ad
632 2464 781 2540 Crucem,
806 2471 1025 2530 convertetur
1050 2484 1152 2550 super
1181 2465 1350 2529 sinistram
1380 2482 1474 2528 suam
1497 2461 1538 2528 ed
1572 2463 1660 2530 thu-

429 2573 622 2638 riferarium
646 2592 667 2636 a
690 2592 753 2656 quo
770 2571 893 2658 duplici
910 2570 1013 2637 ductu
1029 2570 1258 2640 incensabitur
1274 2592 1348 2638 cum
1365 2572 1559 2636 reverentia
1575 2575 1660 2638 ante

430 2685 465 2744 et
487 2684 562 2765 post
584 2677 875 2744 thurificationem.
903 2678 1069 2744 Diaconus
1101 2684 1273 2764 postquam
1304 2675 1516 2743 thurificatus
1549 2676 1662 2744 fuerit

431 2791 650 2852 convertetur
671 2785 711 2850 ad
729 2785 848 2850 Altare
864 2784 993 2849 nullam
1009 2785 1110 2849 aliam
1126 2785 1251 2851 faciens
1268 2782 1547 2868 genuflexionem.
1567 2785 1661 2852 Thu·

431 2894 605 2958 riferarius
629 2898 739 2958 autern
763 2898 901 2979 peraget
916 2890 1198 2957 thurificationem
1214 2893 1459 2978 Acolythorum
1475 2899 1507 2958 et
1525 2893 1657 2980 populi,

432 3000 703 3084 quemadmodum
728 3020 798 3085 cap.
823 3000 897 3064 VH.
920 3003 952 3083 ἓ.
977 3000 1008 3064 3.
1034 3000 1089 3065 lib.
1116 2999 1139 3064 I.
1164 3000 1425 3066 demonstratum
1449 3006 1509 3067 est.

521 3108 593 3172 169.
620 3109 689 3173 Nisi
714 3108 832 3174 Clerus
857 3109 889 3172 in
913 3108 1017 3172 choro
1041 3106 1158 3184 aderit,
1185 3108 1349 3173 Diaconus
1372 3113 1448 3194 post
1474 3106 1660 3175 thurifica-

431 3221 502 3281 tum
527 3215 768 3290 celebrantem,
800 3214 900 3280 vadet
928 3213 970 3278 ad
993 3213 1152 3299 angulum
1187 3214 1320 3300 gradus,
1345 3221 1383 3280 ut
1413 3216 1568 3301 superius
1591 3215 1659 3284 do-

432 3324 568 3396 cuimus
594 3328 628 3388 et
658 3321 841 3388 incensabit
871 3320 1125 3387 Subdiaconum:
1157 3324 1269 3387 veniet
1299 3321 1415 3387 deinde
1438 3321 1480 3388 ad
1508 3321 1658 3390 medium
1723 3399 1726 3406 ¹

432 3428 550 3494 Altare
574 3435 617 3504 ot,
642 3435 680 3494 ut
703 3449 815 3515 supra,
839 3426 1096 3494 thurificabitur.
1114 3428 1164 3493 Ad
1184 3428 1288 3496 Orate
1305 3431 1441 3514 fratres
1458 3429 1657 3498 Celebranti

432 3534 644 3621 respondebit
668 3534 844 3618 Suscipict
867 3535 1040 3602 Dominus
1064 3541 1127 3601 etc.

524 3643 595 3707 170.
620 3644 838 3726 Posteaquam
863 3642 1044 3708 Celebrans
1069 3644 1264 3708 recitaverit
1285 3649 1426 3721 secreta,
1443 3645 1533 3710 utin
1549 3645 1658 3714 Missa

433 3752 572 3836 privata,
596 3751 836 3836 praefationem
858 3756 937 3815 tono
960 3752 1165 3837 praescripto
1189 3750 1345 3816 cantabit.
1369 3751 1560 3837 Acolythus
1575 3755 1658 3838 qui·

433 3860 528 3943 piam,
542 3858 614 3942 ‘nisi
638 3859 742 3942 possit
763 3855 835 3922 fieri
859 3878 965 3934 secus,
990 3858 1207 3943 campanulae
1233 3879 1315 3924 sono
1337 3857 1535 3944 significabit
1557 3879 1662 3948 orga··

434 3983 551 4029 norum
576 3962 784 4038 modulatori,
810 3969 847 4029 ut
870 3984 989 4029 sonare
1013 3965 1152 4030 absistat
1175 3964 1233 4052 (a).
1258 3966 1292 4033 Si
1316 3967 1439 4032 chorus
1462 3967 1563 4034 valde
1577 3968 1656 4037 ire-

431 4091 535 4154 quens
566 4076 663 4144 esset,
696 4090 758 4135 nec
791 4071 884 4135 brevi
907 4080 1019 4158 posset
1049 4074 1162 4158 peragi
1192 4072 1405 4150 thurificatio,
1438 4077 1652 4161 potiusquam

431 4181 518 4244 actio
540 4180 604 4242 ista
627 4179 900 4263 interrumpatur,
925 4185 983 4244 aut
1006 4179 1139 4246 dimidia
1162 4183 1233 4247 eius
1257 4202 1334 4268 pars
1358 4183 1542 4260 omittatur,
1567 4203 1655 4271 opus

431 4293 520 4351 esset
542 4292 580 4350 ut
604 4284 784 4351 Celebrans
807 4285 1000 4369 aliquandiu
1023 4288 1212 4354 retardaret
1236 4295 1370 4355 cantum
1399 4291 1630 4376 praefationis.

504 4428 545 4498 (a)
565 4427 605 4486 Ut
624 4444 803 4499 organorum
822 4446 912 4486 sonus
937 4430 1138 4504 abrumpatur,
1162 4433 1237 4490 solet
1265 4435 1293 4490 in
1312 4433 1485 4508 quibusdam
1515 4433 1652 4496 ecclesiis

434 4518 609 4589 campanula
622 4518 726 4575 eadem
739 4519 858 4592 pulsari,
871 4537 928 4594 qua
940 4520 1068 4581 Sanctus
1081 4531 1110 4580 et
1123 4525 1245 4582 Hostiae
1260 4525 1386 4582 elevatio
1401 4526 1554 4584 indicatur.
1569 4529 1653 4588 Lau·

434 4605 537 4662 «labilis
556 4610 670 4668 ridetur
689 4629 752 4668 mos
771 4610 895 4679 illarum,
914 4629 989 4686 quae
1009 4613 1067 4670 alio
1086 4614 1171 4687 signo
1190 4617 1305 4691 aliaque
1325 4617 1439 4676 ratione
1458 4627 1589 4678 utuntur.
