4175 5717
522 737 566 804 92
981 755 1049 810 trs.
1075 757 1109 808 11.

521 867 551 932 6.
576 870 609 937 Si
634 868 815 935 Celebrans
839 870 904 935 erit
926 870 966 936 ad
983 889 1152 936 scamnum
1169 864 1376 956 propalatus
1394 863 1575 957 Epistolae,
1592 869 1656 936 aut

432 981 473 1046 ad
497 983 639 1067 primum
661 979 755 1045 chori
778 979 984 1056 subsellium,
1008 979 1267 1066 praeparabitur
1289 985 1469 1066 apparatus
1492 998 1511 1045 e
1543 997 1658 1064 panim

433 1089 583 1155 violaceo
606 1087 858 1153 substituendus
882 1090 1055 1174 apparatui
1079 1089 1211 1153 festivo.
1442 1067 1446 1080 ⁵

520 1198 551 1261 7.
576 1195 785 1260 Breviarium
809 1213 939 1278 quoque
962 1195 1217 1282 praeparabitur
1240 1188 1300 1282 p'ro
1317 1193 1559 1273 ebdomadario,
1578 1213 1658 1262 oum

433 1309 625 1389 tegumento
649 1323 666 1368 e
690 1305 798 1368 serico
822 1304 927 1387 nigro.

521 1412 551 1475 8.
577 1412 614 1475 ln
637 1412 795 1487 sacrario,
814 1417 950 1496 praeter
972 1401 1134 1496 plavialia
1157 1411 1224 1477 albi
1248 1412 1371 1478 eoloris
1387 1417 1421 1478 et
1437 1411 1568 1496 reliqua
1589 1429 1661 1476 om·

433 1521 498 1594 nia,
522 1538 606 1603 quae
630 1538 711 1605 opus
745 1523 823 1583 sunt
855 1519 1001 1603 vesperis
1034 1518 1166 1584 festivis
1197 1521 1343 1585 omnium
1375 1520 1588 1596 Sanctorum,
1621 1519 1661 1584 in

431 1632 585 1713 promptu
608 1627 674 1692 erit
696 1625 846 1713 pluviale
867 1627 1009 1711 nigrum,
1034 1631 1095 1692 aut
1120 1627 1239 1692 saltem
1263 1627 1354 1694 stola
1375 1628 1472 1713 nigra
1501 1643 1563 1713 pro
1595 1625 1662 1694 eb·-

432 1734 633 1800 domadario.
1458 1779 1460 1784 -

519 1848 550 1912 o.
576 1847 643 1910 Pro
674 1843 780 1910 effluo
810 1841 961 1908 oanendo
994 1841 1230 1909 detunctorum
1260 1863 1282 1909 a
1312 1841 1556 1910 caeremoniali
1588 1861 1661 1910 non

430 1953 670 2041 praescribitur
682 1957 721 2016 ut
736 1951 886 2036 erigatur
899 1949 1048 2014 tumulus
1064 1951 1098 2014 in
1114 1949 1220 2016 media
1236 1950 1380 2017 ecelesia
1396 1950 1468 2016 sive
1484 1951 1518 2016 in
1535 1949 1659 2026 choro,

429 2061 589 2145 siquidem
607 2057 790 2124 absolutio·
801 2057 922 2122 tumuli
945 2057 1160 2141 exsequenda
1183 2063 1235 2124 est
1251 2058 1409 2144 postridie
1425 2063 1501 2144 post
1516 2057 1660 2124 Missam

430 2170 621 2244 solemnem,
646 2170 848 2252 quapropter
871 2165 898 2228 si
922 2165 1147 2250 praescriptae
1171 2165 1310 2251 regulae
1346 2163 1531 2238 servandae
1563 2169 1659 2242 sunt,

429 2275 581 2342 tumulus
603 2273 660 2338 vel
682 2278 829 2338 oestrum
852 2270 979 2337 doloris
1003 2272 1182 2359 pro-Missa
1198 2278 1330 2339 tantum
1347 2271 1488 2338 solemni
1505 2277 1662 2340 statuen-

431 2377 507 2448 dum
532 2387 594 2448 (ists
674 2401 678 2410 '

917 2596 963 2666 Iu
984 2596 1169 2680 functione

524 2815 764 2891 loommin
799 2814 945 2900 vesperis
980 2814 1172 2880 cantabitur
1204 2814 1460 2881 Benedieamus
1492 2813 1661 2892 Domino,

431 2926 539 2992 aderit
561 2924 648 3010 apud
671 2922 790 2988 Altare
813 2923 909 2988 oltori
932 2922 1096 2990 Aedituus
1119 2925 1190 2988 sive
1222 2923 1370 2989 Sacrista
1400 2942 1475 2988 oum
1512 2922 1661 2990 Cleriois

432 3034 579 3100 sacrario
602 3031 869 3106 inservientibus,
894 3031 949 3096 vel
972 3031 1030 3096 alii
1053 3032 1131 3096 huio
1155 3032 1203 3097 rei
1227 3031 1382 3117 delegati,
1399 3030 1440 3096 ad
1457 3029 1660 3098 mutandum

434 3143 562 3207 Altaria
585 3145 751 3205 ornatum.
1398 3143 1400 3147 '
1460 3149 1485 3154 ''

523 3250 573 3312 ll.
598 3246 836 3312 Removebitur
870 3244 1009 3331 pallium
1038 3243 1151 3311 album
1186 3250 1220 3310 et
1255 3245 1478 3312 substituetur
1507 3247 1660 3332 nigrum

432 3356 632 3421 auferentur
655 3354 869 3438 Reliquiaria‚
894 3358 928 3418 et
950 3371 1031 3417 vasa
1054 3349 1167 3430 florea,
1192 3353 1220 3418 si
1244 3352 1396 3429 aderunt,
1421 3355 1511 3420 inter
1535 3353 1664 3422 sande

432 3464 538 3538 labra;
562 3462 770 3527 amovebitur
790 3466 940 3546 tapetum
963 3460 1076 3526 nobile
1100 3467 1135 3526 et
1156 3459 1391 3546 surrogahitur
1413 3462 1563 3528 alterum
1597 3481 1661 3530 eo-

432 3568 686 3645 loris-violeoei,
711 3567 796 3652 quod
819 3574 980 3653 oontegst
1002 3573 1133 3633 tantum
1156 3566 1285 3632 Altaria
1309 3567 1569 3655 suppedaneum,
1595 3571 1662 3640 de-

431 3677 611 3742 trahentur
633 3694 652 3741 e
676 3673 885 3740 candelabris
913 3675 1073 3741 candelae
1103 3694 1122 3740 e
1157 3695 1237 3741 oera
1265 3675 1341 3741 alba
1374 3682 1409 3741 et
1438 3677 1662 3764 imponentur

431 3783 562 3848 elisee.
590 3793 670 3849 aera
696 3783 875 3858 sommant
907 3784 986 3848 item
1016 3783 1217 3848 auferentur
1246 3791 1445 3850 manente
1475 3784 1606 3852 festiva
1639 3807 1661 3854 e

431 3911 565 3956 scamno
581 3892 652 3955 sive
668 3889 763 3956 sedili
781 3889 998 3967 Celebrantia
1023 3897 1058 3956 et
1073 3889 1141 3955 alia
1157 3896 1383 3956 consentanea
1404 3889 1662 3962 substituentur

432 3999 555 4064 eoloris
577 3997 729 4075 violacei
752 3996 894 4081 denique
917 3996 1144 4064 removebitur
1167 4013 1296 4084 munus
1319 3997 1387 4063 albi
1408 3996 1534 4064 eoloris
1558 4020 1579 4066 e
1610 4001 1663 4068 le-

417 4106 490 4191 ·gili
515 4103 732 4181 Celebrantis
755 4106 785 4170 si
808 4107 842 4169 in
865 4123 1000 4170 soamno
1024 4105 1159 4182 sedebit,
1192 4125 1267 4171 oum
1303 4105 1477 4172 Breviario
1507 4107 1661 4176 eiusdem

433 4214 565 4288 coloris,
589 4231 629 4277 ao
652 4212 755 4297 legile
778 4211 902 4277 undum
927 4212 1147 4297 relinquetur,
1172 4232 1361 4299 superque
1396 4218 1540 4301 ponetur
1569 4217 1662 4284 Bre-

434 4321 575 4384 viarium
599 4340 673 4385 oum
697 4325 890 4404 tegumento
913 4321 1020 4404 nigro.

523 4427 573 4490 12.
599 4427 742 4513 Oportet
765 4431 803 4490 ut
826 4429 1025 4493 mutationes
1049 4429 1133 4494 istae
1157 4427 1333 4494 ordinatim
1356 4427 1438 4496 fiant
1461 4437 1496 4498 et
1511 4429 1660 4501 solicite.

526 4534 574 4598 13.
599 4535 732 4599 Interea
754 4540 828 4620 post
849 4541 1020 4602 cantatum
1043 4535 1300 4604 Beaedioamus
1323 4535 1472 4606 Domino
1495 4537 1570 4626 (oui
1596 4545 1658 4610 ta-

433 4655 509 4703 men
534 4637 714 4708 (lelebrans
736 4659 804 4709 non
825 4641 959 4710 adiiciet
980 4648 1013 4716 t.
1037 4639 1213 4712 Fidetium
1235 4646 1375 4715 animae
1391 4647 1470 4734 eto.)
1487 4647 1656 4735 Aoolythi
