<?xml version="1.0" encoding="UTF-8"?>
<!DOCTYPE html PUBLIC "-//W3C//DTD XHTML 1.0 Transitional//EN"
    "http://www.w3.org/TR/xhtml1/DTD/xhtml1-transitional.dtd">
<html xmlns="http://www.w3.org/1999/xhtml" xml:lang="en" lang="en">
 <head>
  <title>
</title>
<meta http-equiv="Content-Type" content="text/html;charset=utf-8" />
  <meta name='ocr-system' content='tesseract 3.04.00' />
  <meta name='ocr-capabilities' content='ocr_page ocr_carea ocr_par ocr_line ocrx_word'/>
</head>
<body>
  <div class='ocr_page' id='page_1' title='image "./manualesacrarum00martgoog_0768.png"; bbox 0 0 4175 5717; ppageno 0'>
   <div class='ocr_carea' id='block_1_1' title="bbox 527 725 1109 783">
    <p class='ocr_par' dir='ltr' id='par_1_1' title="bbox 527 725 1109 783">
     <span class='ocr_line' id='line_1_1' title="bbox 527 725 1109 783; baseline 0 -3"><span class='ocrx_word' id='word_1_1' title='bbox 527 725 561 780; x_wconf 74' lang='grc'>111</span> <span class='ocrx_word' id='word_1_2' title='bbox 970 737 1035 783; x_wconf 61' lang='grc'>11111.</span> <span class='ocrx_word' id='word_1_3' title='bbox 1063 737 1109 783; x_wconf 95' lang='grc'>111.</span> 
     </span>
    </p>
   </div>
   <div class='ocr_carea' id='block_1_2' title="bbox 429 842 1664 2121">
    <p class='ocr_par' dir='ltr' id='par_1_2' title="bbox 429 842 1653 1255">
     <span class='ocr_line' id='line_1_2' title="bbox 517 842 1650 930; baseline 0.004 -22"><span class='ocrx_word' id='word_1_4' title='bbox 517 847 571 909; x_wconf 77' lang='grc'>84.</span> <span class='ocrx_word' id='word_1_5' title='bbox 597 845 777 910; x_wconf 83' lang='lat' dir='ltr'>Celebrans</span> <span class='ocrx_word' id='word_1_6' title='bbox 803 864 920 910; x_wconf 88' lang='lat' dir='ltr'>rursus</span> <span class='ocrx_word' id='word_1_7' title='bbox 944 863 1055 929; x_wconf 87' lang='lat' dir='ltr'>genua</span> <span class='ocrx_word' id='word_1_8' title='bbox 1078 842 1252 910; x_wconf 75' lang='lat' dir='ltr'>submittet.</span> <span class='ocrx_word' id='word_1_9' title='bbox 1275 847 1307 908; x_wconf 93' lang='lat' dir='ltr'>in</span> <span class='ocrx_word' id='word_1_10' title='bbox 1338 845 1446 930; x_wconf 78' lang='lat' dir='ltr'>gradu</span> <span class='ocrx_word' id='word_1_11' title='bbox 1482 843 1593 911; x_wconf 83' lang='lat' dir='ltr'>infimo</span> <span class='ocrx_word' id='word_1_12' title='bbox 1616 859 1650 912; x_wconf 84' lang='lat' dir='ltr'>et</span> 
     </span>
     <span class='ocr_line' id='line_1_3' title="bbox 431 950 1652 1040; baseline 0.001 -22"><span class='ocrx_word' id='word_1_13' title='bbox 431 960 568 1040; x_wconf 87' lang='lat' dir='ltr'>accepto</span> <span class='ocrx_word' id='word_1_14' title='bbox 591 953 765 1018; x_wconf 89' lang='lat' dir='ltr'>thuribulo</span> <span class='ocrx_word' id='word_1_15' title='bbox 788 973 807 1016; x_wconf 93' lang='lat' dir='ltr'>a</span> <span class='ocrx_word' id='word_1_16' title='bbox 830 950 977 1017; x_wconf 82' lang='lat' dir='ltr'>secundo</span> <span class='ocrx_word' id='word_1_17' title='bbox 1000 952 1136 1029; x_wconf 81' lang='lat' dir='ltr'>clericO,</span> <span class='ocrx_word' id='word_1_18' title='bbox 1160 950 1367 1018; x_wconf 84' lang='lat' dir='ltr'>thurificabit</span> <span class='ocrx_word' id='word_1_19' title='bbox 1383 951 1440 1018; x_wconf 93' lang='lat' dir='ltr'>SS.</span> <span class='ocrx_word' id='word_1_20' title='bbox 1459 951 1652 1019; x_wconf 83' lang='lat' dir='ltr'>Sacramen-</span> 
     </span>
     <span class='ocr_line' id='line_1_4' title="bbox 430 1057 1653 1146; baseline -0.001 -19"><span class='ocrx_word' id='word_1_21' title='bbox 430 1069 511 1134; x_wconf 86' lang='lat' dir='ltr'>tum,</span> <span class='ocrx_word' id='word_1_22' title='bbox 536 1069 571 1126; x_wconf 89' lang='lat' dir='ltr'>et</span> <span class='ocrx_word' id='word_1_23' title='bbox 593 1060 678 1126; x_wconf 89' lang='lat' dir='ltr'>idem</span> <span class='ocrx_word' id='word_1_24' title='bbox 702 1061 848 1125; x_wconf 86' lang='lat' dir='ltr'>clericus</span> <span class='ocrx_word' id='word_1_25' title='bbox 872 1057 1060 1124; x_wconf 74' lang='lat' dir='ltr'>sublevabit</span> <span class='ocrx_word' id='word_1_26' title='bbox 1084 1060 1113 1124; x_wconf 86' lang='lat' dir='ltr'>ei</span> <span class='ocrx_word' id='word_1_27' title='bbox 1136 1065 1264 1146; x_wconf 87' lang='lat' dir='ltr'>partem</span> <span class='ocrx_word' id='word_1_28' title='bbox 1289 1061 1509 1146; x_wconf 75' lang='lat' dir='ltr'>posteriorem</span> <span class='ocrx_word' id='word_1_29' title='bbox 1541 1059 1653 1146; x_wconf 85' lang='lat' dir='ltr'>plane·</span> 
     </span>
     <span class='ocr_line' id='line_1_5' title="bbox 429 1168 1070 1255; baseline -0.009 -17"><span class='ocrx_word' id='word_1_30' title='bbox 429 1181 492 1249; x_wconf 85' lang='lat' dir='ltr'>tae,</span> <span class='ocrx_word' id='word_1_31' title='bbox 517 1171 594 1237; x_wconf 92' lang='lat' dir='ltr'>dum</span> <span class='ocrx_word' id='word_1_32' title='bbox 618 1168 898 1236; x_wconf 86' lang='lat' dir='ltr'>thurificationem</span> <span class='ocrx_word' id='word_1_33' title='bbox 922 1173 1070 1255; x_wconf 84' lang='lat' dir='ltr'>peraget..</span> 
     </span>
    </p>

    <p class='ocr_par' dir='ltr' id='par_1_3' title="bbox 432 1274 1658 1686">
     <span class='ocr_line' id='line_1_6' title="bbox 520 1274 1654 1362; baseline -0.001 -19"><span class='ocrx_word' id='word_1_34' title='bbox 520 1280 573 1344; x_wconf 83' lang='lat'>85.</span> <span class='ocrx_word' id='word_1_35' title='bbox 598 1277 780 1344; x_wconf 84' lang='lat' dir='ltr'>Celebrans</span> <span class='ocrx_word' id='word_1_36' title='bbox 803 1282 975 1362; x_wconf 80' lang='lat' dir='ltr'>postquam</span> <span class='ocrx_word' id='word_1_37' title='bbox 992 1274 1200 1341; x_wconf 89' lang='lat' dir='ltr'>thuribulum</span> <span class='ocrx_word' id='word_1_38' title='bbox 1218 1274 1400 1342; x_wconf 81' lang='lat' dir='ltr'>reddiderit</span> <span class='ocrx_word' id='word_1_39' title='bbox 1416 1275 1566 1342; x_wconf 90' lang='lat' dir='ltr'>secundo</span> <span class='ocrx_word' id='word_1_40' title='bbox 1582 1276 1654 1342; x_wconf 89' lang='lat' dir='ltr'>cle-</span> 
     </span>
     <span class='ocr_line' id='line_1_7' title="bbox 432 1383 1658 1471; baseline -0.002 -19"><span class='ocrx_word' id='word_1_41' title='bbox 432 1390 512 1464; x_wconf 87' lang='lat' dir='ltr'>rico,</span> <span class='ocrx_word' id='word_1_42' title='bbox 536 1387 589 1451; x_wconf 90' lang='lat' dir='ltr'>hic</span> <span class='ocrx_word' id='word_1_43' title='bbox 612 1393 723 1451; x_wconf 87' lang='lat' dir='ltr'>autem</span> <span class='ocrx_word' id='word_1_44' title='bbox 748 1386 862 1471; x_wconf 89' lang='lat' dir='ltr'>primo,</span> <span class='ocrx_word' id='word_1_45' title='bbox 887 1383 1043 1450; x_wconf 85' lang='lat' dir='ltr'>ascendet</span> <span class='ocrx_word' id='word_1_46' title='bbox 1070 1403 1188 1448; x_wconf 88' lang='lat' dir='ltr'>rursus</span> <span class='ocrx_word' id='word_1_47' title='bbox 1212 1385 1246 1448; x_wconf 94' lang='lat' dir='ltr'>in</span> <span class='ocrx_word' id='word_1_48' title='bbox 1270 1383 1531 1470; x_wconf 77' lang='lat' dir='ltr'>suppedaneum,</span> <span class='ocrx_word' id='word_1_49' title='bbox 1554 1403 1658 1470; x_wconf 88' lang='lat' dir='ltr'>genu·</span> 
     </span>
     <span class='ocr_line' id='line_1_8' title="bbox 433 1490 1658 1580; baseline -0.003 -20"><span class='ocrx_word' id='word_1_50' title='bbox 433 1494 555 1570; x_wconf 85' lang='lat' dir='ltr'>flectet,</span> <span class='ocrx_word' id='word_1_51' title='bbox 580 1495 698 1560; x_wconf 87' lang='lat' dir='ltr'>educet</span> <span class='ocrx_word' id='word_1_52' title='bbox 723 1493 976 1559; x_wconf 87' lang='lat' dir='ltr'>Sacramentum</span> <span class='ocrx_word' id='word_1_53' title='bbox 998 1491 1039 1556; x_wconf 91' lang='lat' dir='ltr'>de</span> <span class='ocrx_word' id='word_1_54' title='bbox 1055 1490 1216 1569; x_wconf 89' lang='lat' dir='ltr'>custodia,</span> <span class='ocrx_word' id='word_1_55' title='bbox 1240 1496 1339 1576; x_wconf 91' lang='lat' dir='ltr'>ponet</span> <span class='ocrx_word' id='word_1_56' title='bbox 1357 1493 1464 1578; x_wconf 91' lang='lat' dir='ltr'>ipsum</span> <span class='ocrx_word' id='word_1_57' title='bbox 1481 1511 1585 1580; x_wconf 88' lang='lat' dir='ltr'>super</span> <span class='ocrx_word' id='word_1_58' title='bbox 1601 1491 1658 1558; x_wconf 83' lang='lat' dir='ltr'>Al·</span> 
     </span>
     <span class='ocr_line' id='line_1_9' title="bbox 433 1599 1360 1686; baseline -0.004 -18"><span class='ocrx_word' id='word_1_59' title='bbox 433 1608 506 1668; x_wconf 89' lang='lat' dir='ltr'>tare</span> <span class='ocrx_word' id='word_1_60' title='bbox 531 1604 563 1667; x_wconf 96' lang='lat' dir='ltr'>in</span> <span class='ocrx_word' id='word_1_61' title='bbox 587 1600 694 1666; x_wconf 90' lang='lat' dir='ltr'>medio</span> <span class='ocrx_word' id='word_1_62' title='bbox 717 1600 885 1686; x_wconf 90' lang='lat' dir='ltr'>corporali</span> <span class='ocrx_word' id='word_1_63' title='bbox 908 1604 942 1664; x_wconf 90' lang='lat' dir='ltr'>et</span> <span class='ocrx_word' id='word_1_64' title='bbox 965 1599 1162 1686; x_wconf 86' lang='lat' dir='ltr'>procumbet</span> <span class='ocrx_word' id='word_1_65' title='bbox 1184 1600 1218 1664; x_wconf 94' lang='lat' dir='ltr'>in</span> <span class='ocrx_word' id='word_1_66' title='bbox 1241 1618 1360 1685; x_wconf 88' lang='lat' dir='ltr'>genua.</span> 
     </span>
    </p>

    <p class='ocr_par' dir='ltr' id='par_1_4' title="bbox 435 1706 1661 1903">
     <span class='ocr_line' id='line_1_10' title="bbox 523 1706 1661 1794; baseline -0.002 -20"><span class='ocrx_word' id='word_1_67' title='bbox 523 1711 576 1776; x_wconf 84' lang='grc'>86.</span> <span class='ocrx_word' id='word_1_68' title='bbox 602 1708 774 1776; x_wconf 87' lang='lat' dir='ltr'>Secundus</span> <span class='ocrx_word' id='word_1_69' title='bbox 803 1709 948 1774; x_wconf 86' lang='lat' dir='ltr'>clericus</span> <span class='ocrx_word' id='word_1_70' title='bbox 980 1707 1092 1773; x_wconf 82' lang='lat' dir='ltr'>velum</span> <span class='ocrx_word' id='word_1_71' title='bbox 1122 1706 1296 1773; x_wconf 90' lang='lat' dir='ltr'>humerale</span> <span class='ocrx_word' id='word_1_72' title='bbox 1327 1709 1478 1794; x_wconf 87' lang='lat' dir='ltr'>accipiet,</span> <span class='ocrx_word' id='word_1_73' title='bbox 1512 1709 1661 1794; x_wconf 86' lang='lat' dir='ltr'>imponet</span> 
     </span>
     <span class='ocr_line' id='line_1_11' title="bbox 435 1814 1532 1903; baseline -0.005 -20"><span class='ocrx_word' id='word_1_74' title='bbox 435 1819 584 1883; x_wconf 87' lang='lat' dir='ltr'>humeris</span> <span class='ocrx_word' id='word_1_75' title='bbox 608 1817 817 1882; x_wconf 77' lang='lat' dir='ltr'>celebrantis</span> <span class='ocrx_word' id='word_1_76' title='bbox 841 1823 876 1881; x_wconf 91' lang='lat' dir='ltr'>et</span> <span class='ocrx_word' id='word_1_77' title='bbox 898 1824 977 1882; x_wconf 89' lang='lat' dir='ltr'>ante</span> <span class='ocrx_word' id='word_1_78' title='bbox 1000 1823 1117 1903; x_wconf 91' lang='lat' dir='ltr'>pectus</span> <span class='ocrx_word' id='word_1_79' title='bbox 1141 1817 1212 1880; x_wconf 90' lang='lat' dir='ltr'>eius</span> <span class='ocrx_word' id='word_1_80' title='bbox 1236 1814 1389 1900; x_wconf 80' lang='lat' dir='ltr'>alligabit</span> <span class='ocrx_word' id='word_1_81' title='bbox 1411 1817 1532 1901; x_wconf 88' lang='lat' dir='ltr'>ipsum.</span> 
     </span>
    </p>

    <p class='ocr_par' dir='ltr' id='par_1_5' title="bbox 436 1923 1664 2121">
     <span class='ocr_line' id='line_1_12' title="bbox 523 1923 1662 2011; baseline -0.002 -21"><span class='ocrx_word' id='word_1_82' title='bbox 523 1927 576 1990; x_wconf 81' lang='lat'>87.</span> <span class='ocrx_word' id='word_1_83' title='bbox 602 1925 785 1992; x_wconf 86' lang='lat' dir='ltr'>Celebrans</span> <span class='ocrx_word' id='word_1_84' title='bbox 808 1930 972 2011; x_wconf 85' lang='lat' dir='ltr'>assurget,</span> <span class='ocrx_word' id='word_1_85' title='bbox 987 1926 1126 1991; x_wconf 89' lang='lat' dir='ltr'>sinistra</span> <span class='ocrx_word' id='word_1_86' title='bbox 1149 1925 1289 2010; x_wconf 87' lang='lat' dir='ltr'>accipiet</span> <span class='ocrx_word' id='word_1_87' title='bbox 1306 1923 1450 1992; x_wconf 82' lang='lat' dir='ltr'>Calicem</span> <span class='ocrx_word' id='word_1_88' title='bbox 1466 1923 1509 1989; x_wconf 87' lang='lat' dir='ltr'>ad</span> <span class='ocrx_word' id='word_1_89' title='bbox 1527 1923 1662 2002; x_wconf 91' lang='lat' dir='ltr'>nodum,</span> 
     </span>
     <span class='ocr_line' id='line_1_13' title="bbox 436 2029 1664 2121; baseline -0.002 -21"><span class='ocrx_word' id='word_1_90' title='bbox 436 2035 608 2100; x_wconf 83' lang='lat' dir='ltr'>dexteram</span> <span class='ocrx_word' id='word_1_91' title='bbox 632 2040 743 2098; x_wconf 91' lang='lat' dir='ltr'>autem</span> <span class='ocrx_word' id='word_1_92' title='bbox 768 2034 914 2121; x_wconf 90' lang='lat' dir='ltr'>imponet</span> <span class='ocrx_word' id='word_1_93' title='bbox 929 2039 1080 2120; x_wconf 87' lang='lat' dir='ltr'>patenae:</span> <span class='ocrx_word' id='word_1_94' title='bbox 1099 2032 1265 2099; x_wconf 88' lang='lat' dir='ltr'>secundus</span> <span class='ocrx_word' id='word_1_95' title='bbox 1281 2032 1426 2099; x_wconf 86' lang='lat' dir='ltr'>clericus</span> <span class='ocrx_word' id='word_1_96' title='bbox 1437 2031 1587 2098; x_wconf 90' lang='lat' dir='ltr'>animum</span> <span class='ocrx_word' id='word_1_97' title='bbox 1603 2029 1664 2098; x_wconf 85' lang='lat' dir='ltr'>ad·</span> 
     </span>
    </p>
   </div>
   <div class='ocr_carea' id='block_1_3' title="bbox 438 2136 1664 2318">
    <p class='ocr_par' dir='ltr' id='par_1_6' title="bbox 438 2136 1664 2318">
     <span class='ocr_line' id='line_1_14' title="bbox 438 2136 1664 2228; baseline -0.002 -20"><span class='ocrx_word' id='word_1_98' title='bbox 438 2148 548 2209; x_wconf 80' lang='lat' dir='ltr'>vertet</span> <span class='ocrx_word' id='word_1_99' title='bbox 571 2141 612 2207; x_wconf 90' lang='lat' dir='ltr'>ad</span> <span class='ocrx_word' id='word_1_100' title='bbox 637 2161 752 2208; x_wconf 88' lang='lat' dir='ltr'>manus</span> <span class='ocrx_word' id='word_1_101' title='bbox 776 2141 847 2227; x_wconf 85' lang='lat' dir='ltr'>ejus</span> <span class='ocrx_word' id='word_1_102' title='bbox 872 2140 1111 2228; x_wconf 83' lang='lat' dir='ltr'>cooperiendas</span> <span class='ocrx_word' id='word_1_103' title='bbox 1135 2140 1404 2207; x_wconf 83' lang='lat' dir='ltr'>extremitatibus</span> <span class='ocrx_word' id='word_1_104' title='bbox 1435 2136 1664 2206; x_wconf 78' lang='lat' dir='ltr'>anterioribus</span> 
     </span>
     <span class='ocr_line' id='line_1_15' title="bbox 439 2249 722 2318; baseline 0.011 -3"><span class='ocrx_word' id='word_1_105' title='bbox 439 2252 506 2316; x_wconf 81' lang='lat' dir='ltr'>reli</span> <span class='ocrx_word' id='word_1_106' title='bbox 529 2249 722 2318; x_wconf 85' lang='lat' dir='ltr'>humeralis.</span> 
     </span>
    </p>
   </div>
   <div class='ocr_carea' id='block_1_4' title="bbox 527 2355 1664 2444">
    <p class='ocr_par' dir='ltr' id='par_1_7' title="bbox 527 2355 1664 2444">
     <span class='ocr_line' id='line_1_16' title="bbox 527 2355 1664 2444; baseline -0.002 -22"><span class='ocrx_word' id='word_1_107' title='bbox 527 2358 580 2422; x_wconf 88' lang='lat'>88.</span> <span class='ocrx_word' id='word_1_108' title='bbox 607 2358 789 2423; x_wconf 81' lang='lat' dir='ltr'>Celebrans</span> <span class='ocrx_word' id='word_1_109' title='bbox 813 2363 1032 2424; x_wconf 89' lang='lat' dir='ltr'>convertetur</span> <span class='ocrx_word' id='word_1_110' title='bbox 1055 2357 1096 2422; x_wconf 88' lang='lat' dir='ltr'>ad</span> <span class='ocrx_word' id='word_1_111' title='bbox 1119 2357 1279 2444; x_wconf 89' lang='lat' dir='ltr'>populum</span> <span class='ocrx_word' id='word_1_112' title='bbox 1295 2360 1329 2422; x_wconf 90' lang='lat' dir='ltr'>et</span> <span class='ocrx_word' id='word_1_113' title='bbox 1345 2355 1482 2442; x_wconf 85' lang='lat' dir='ltr'>incipiet</span> <span class='ocrx_word' id='word_1_114' title='bbox 1497 2355 1664 2443; x_wconf 85' lang='lat' dir='ltr'>hymnum</span> 
     </span>
    </p>
   </div>
   <div class='ocr_carea' id='block_1_5' title="bbox 441 2463 1666 2658">
    <p class='ocr_par' dir='ltr' id='par_1_8' title="bbox 441 2463 1666 2658">
     <span class='ocr_line' id='line_1_17' title="bbox 448 2463 1666 2552; baseline 0 -22"><span class='ocrx_word' id='word_1_115' title='bbox 448 2466 586 2532; x_wconf 75' lang='lat' dir='ltr'>Vecillo</span> <span class='ocrx_word' id='word_1_116' title='bbox 608 2465 716 2550; x_wconf 71' lang='lat' dir='ltr'>Regis</span> <span class='ocrx_word' id='word_1_117' title='bbox 739 2473 800 2533; x_wconf 86' lang='lat' dir='ltr'>etc.</span> <span class='ocrx_word' id='word_1_118' title='bbox 825 2485 922 2550; x_wconf 89' lang='lat' dir='ltr'>quem</span> <span class='ocrx_word' id='word_1_119' title='bbox 946 2466 1036 2531; x_wconf 86' lang='lat' dir='ltr'>elata</span> <span class='ocrx_word' id='word_1_120' title='bbox 1060 2485 1142 2531; x_wconf 88' lang='lat' dir='ltr'>voce</span> <span class='ocrx_word' id='word_1_121' title='bbox 1173 2483 1241 2530; x_wconf 89' lang='lat' dir='ltr'>una</span> <span class='ocrx_word' id='word_1_122' title='bbox 1270 2483 1346 2530; x_wconf 90' lang='lat' dir='ltr'>cum</span> <span class='ocrx_word' id='word_1_123' title='bbox 1380 2463 1516 2530; x_wconf 90' lang='lat' dir='ltr'>clericis</span> <span class='ocrx_word' id='word_1_124' title='bbox 1546 2483 1666 2552; x_wconf 81' lang='lat' dir='ltr'>prose-</span> 
     </span>
     <span class='ocr_line' id='line_1_18' title="bbox 441 2580 573 2658; baseline -0.015 -19"><span class='ocrx_word' id='word_1_125' title='bbox 441 2580 573 2658; x_wconf 83' lang='lat' dir='ltr'>quetur.</span> 
     </span>
    </p>
   </div>
   <div class='ocr_carea' id='block_1_6' title="bbox 442 2677 1666 2854">
    <p class='ocr_par' dir='ltr' id='par_1_9' title="bbox 442 2677 1666 2854">
     <span class='ocr_line' id='line_1_19' title="bbox 527 2677 1666 2768; baseline 0 -22"><span class='ocrx_word' id='word_1_126' title='bbox 527 2681 580 2747; x_wconf 85' lang='lat'>89.</span> <span class='ocrx_word' id='word_1_127' title='bbox 606 2679 775 2768; x_wconf 85' lang='lat' dir='ltr'>Hymuum</span> <span class='ocrx_word' id='word_1_128' title='bbox 798 2683 1086 2768; x_wconf 87' lang='lat' dir='ltr'>praenominatum</span> <span class='ocrx_word' id='word_1_129' title='bbox 1112 2683 1145 2746; x_wconf 95' lang='lat' dir='ltr'>in</span> <span class='ocrx_word' id='word_1_130' title='bbox 1162 2679 1369 2748; x_wconf 87' lang='lat' dir='ltr'>commodum</span> <span class='ocrx_word' id='word_1_131' title='bbox 1386 2680 1594 2746; x_wconf 90' lang='lat' dir='ltr'>clericorum</span> <span class='ocrx_word' id='word_1_132' title='bbox 1613 2677 1666 2746; x_wconf 84' lang='lat' dir='ltr'>hic</span> 
     </span>
     <span class='ocr_line' id='line_1_20' title="bbox 442 2789 642 2854; baseline 0 -2"><span class='ocrx_word' id='word_1_133' title='bbox 442 2789 642 2854; x_wconf 79' lang='lat' dir='ltr'>subiicimus.</span> 
     </span>
    </p>
   </div>
   <div class='ocr_carea' id='block_1_7' title="bbox 708 3023 1253 3491">
    <p class='ocr_par' dir='ltr' id='par_1_10' title="bbox 708 3023 1253 3491">
     <span class='ocr_line' id='line_1_21' title="bbox 708 3023 1175 3111; baseline -0.002 -19"><span class='ocrx_word' id='word_1_134' title='bbox 708 3023 850 3092; x_wconf 78' lang='lat' dir='ltr'>Vexilla</span> <span class='ocrx_word' id='word_1_135' title='bbox 873 3025 975 3111; x_wconf 87' lang='lat' dir='ltr'>Regis</span> <span class='ocrx_word' id='word_1_136' title='bbox 1000 3025 1175 3110; x_wconf 81' lang='lat' dir='ltr'>prodeunt,</span> 
     </span>
     <span class='ocr_line' id='line_1_22' title="bbox 756 3151 1252 3240; baseline 0 -22"><span class='ocrx_word' id='word_1_137' title='bbox 756 3152 879 3238; x_wconf 81' lang='lat' dir='ltr'>Fulget</span> <span class='ocrx_word' id='word_1_138' title='bbox 902 3151 1020 3218; x_wconf 78' lang='lat' dir='ltr'>Crucis</span> <span class='ocrx_word' id='word_1_139' title='bbox 1044 3153 1252 3240; x_wconf 75' lang='lat' dir='ltr'>mysterium,</span> 
     </span>
     <span class='ocr_line' id='line_1_23' title="bbox 755 3279 1253 3364; baseline 0.002 -20"><span class='ocrx_word' id='word_1_140' title='bbox 755 3280 828 3354; x_wconf 89' lang='lat' dir='ltr'>Qua</span> <span class='ocrx_word' id='word_1_141' title='bbox 852 3281 922 3344; x_wconf 89' lang='lat' dir='ltr'>vita</span> <span class='ocrx_word' id='word_1_142' title='bbox 945 3285 1085 3344; x_wconf 90' lang='lat' dir='ltr'>mortem</span> <span class='ocrx_word' id='word_1_143' title='bbox 1110 3279 1253 3364; x_wconf 76' lang='lat' dir='ltr'>pertulit</span> 
     </span>
     <span class='ocr_line' id='line_1_24' title="bbox 756 3381 1233 3491; baseline 0 -21"><span class='ocrx_word' id='word_1_144' title='bbox 756 3405 800 3470; x_wconf 83' lang='lat' dir='ltr'>Et.</span> <span class='ocrx_word' id='word_1_145' title='bbox 823 3411 931 3471; x_wconf 86' lang='lat' dir='ltr'>morte</span> <span class='ocrx_word' id='word_1_146' title='bbox 955 3381 1057 3470; x_wconf 88' lang='lat' dir='ltr'>vitam</span> <span class='ocrx_word' id='word_1_147' title='bbox 1081 3405 1233 3491; x_wconf 80' lang='lat' dir='ltr'>protulit.</span> 
     </span>
    </p>
   </div>
   <div class='ocr_carea' id='block_1_8' title="bbox 713 3549 1277 4019">
    <p class='ocr_par' dir='ltr' id='par_1_11' title="bbox 713 3549 1277 4019">
     <span class='ocr_line' id='line_1_25' title="bbox 713 3549 1159 3626; baseline 0.007 -11"><span class='ocrx_word' id='word_1_148' title='bbox 713 3551 792 3626; x_wconf 83' lang='lat' dir='ltr'>Quae</span> <span class='ocrx_word' id='word_1_149' title='bbox 816 3549 997 3616; x_wconf 76' lang='lat' dir='ltr'>vulnerata</span> <span class='ocrx_word' id='word_1_150' title='bbox 1019 3552 1159 3618; x_wconf 80' lang='lat' dir='ltr'>lanceae</span> 
     </span>
     <span class='ocr_line' id='line_1_26' title="bbox 758 3677 1226 3756; baseline 0.004 -14"><span class='ocrx_word' id='word_1_151' title='bbox 758 3679 919 3744; x_wconf 83' lang='lat' dir='ltr'>Mucrdne</span> <span class='ocrx_word' id='word_1_152' title='bbox 942 3677 1024 3756; x_wconf 88' lang='lat' dir='ltr'>diro,</span> <span class='ocrx_word' id='word_1_153' title='bbox 1049 3677 1226 3745; x_wconf 90' lang='lat' dir='ltr'>crlminum</span> 
     </span>
     <span class='ocr_line' id='line_1_27' title="bbox 757 3805 1228 3884; baseline 0.002 -14"><span class='ocrx_word' id='word_1_154' title='bbox 757 3805 801 3870; x_wconf 84' lang='lat' dir='ltr'>Ut</span> <span class='ocrx_word' id='word_1_155' title='bbox 825 3825 885 3870; x_wconf 87' lang='lat' dir='ltr'>uos</span> <span class='ocrx_word' id='word_1_156' title='bbox 908 3805 1042 3871; x_wconf 78' lang='lat' dir='ltr'>lavaret</span> <span class='ocrx_word' id='word_1_157' title='bbox 1065 3806 1228 3884; x_wconf 82' lang='lat' dir='ltr'>sbrdibus‚</span> 
     </span>
     <span class='ocr_line' id='line_1_28' title="bbox 758 3931 1277 4019; baseline 0.002 -23"><span class='ocrx_word' id='word_1_158' title='bbox 758 3933 910 3997; x_wconf 75' lang='lat' dir='ltr'>Manavit</span> <span class='ocrx_word' id='word_1_159' title='bbox 933 3931 1023 3997; x_wconf 90' lang='lat' dir='ltr'>unda</span> <span class='ocrx_word' id='word_1_160' title='bbox 1046 3939 1081 3998; x_wconf 90' lang='lat' dir='ltr'>et</span> <span class='ocrx_word' id='word_1_161' title='bbox 1104 3935 1277 4019; x_wconf 77' lang='lat' dir='ltr'>sanguine.</span> 
     </span>
    </p>
   </div>
   <div class='ocr_carea' id='block_1_9' title="bbox 716 4075 1238 4541">
    <p class='ocr_par' dir='ltr' id='par_1_12' title="bbox 716 4075 1238 4541">
     <span class='ocr_line' id='line_1_29' title="bbox 716 4075 1238 4163; baseline 0 -21"><span class='ocrx_word' id='word_1_162' title='bbox 716 4075 857 4163; x_wconf 81' lang='lat' dir='ltr'>Impleta</span> <span class='ocrx_word' id='word_1_163' title='bbox 880 4082 960 4142; x_wconf 84' lang='lat' dir='ltr'>sunt</span> <span class='ocrx_word' id='word_1_164' title='bbox 982 4095 1068 4161; x_wconf 88' lang='lat' dir='ltr'>quae</span> <span class='ocrx_word' id='word_1_165' title='bbox 1092 4077 1238 4142; x_wconf 82' lang='lat' dir='ltr'>concinit</span> 
     </span>
     <span class='ocr_line' id='line_1_30' title="bbox 757 4201 1158 4278; baseline -0.002 -11"><span class='ocrx_word' id='word_1_166' title='bbox 757 4202 860 4267; x_wconf 76' lang='lat' dir='ltr'>David</span> <span class='ocrx_word' id='word_1_167' title='bbox 885 4201 974 4267; x_wconf 78' lang='lat' dir='ltr'>fideli</span> <span class='ocrx_word' id='word_1_168' title='bbox 999 4204 1158 4278; x_wconf 75' lang='lat' dir='ltr'>cdrmine,</span> 
     </span>
     <span class='ocr_line' id='line_1_31' title="bbox 760 4329 1119 4395; baseline -0.003 -2"><span class='ocrx_word' id='word_1_169' title='bbox 760 4329 905 4394; x_wconf 69' lang='lat' dir='ltr'>Dicendo</span> <span class='ocrx_word' id='word_1_170' title='bbox 930 4330 1119 4395; x_wconf 78' lang='lat' dir='ltr'>nationibus</span> 
     </span>
     <span class='ocr_line' id='line_1_32' title="bbox 760 4455 1210 4541; baseline 0.002 -22"><span class='ocrx_word' id='word_1_171' title='bbox 760 4456 927 4541; x_wconf 80' lang='lat' dir='ltr'>ltegndvit</span> <span class='ocrx_word' id='word_1_172' title='bbox 950 4476 970 4520; x_wconf 90' lang='grc'>9</span> <span class='ocrx_word' id='word_1_173' title='bbox 993 4456 1087 4541; x_wconf 91' lang='lat' dir='ltr'>ligno</span> <span class='ocrx_word' id='word_1_174' title='bbox 1111 4455 1210 4522; x_wconf 89' lang='lat' dir='ltr'>Deus.</span> 
     </span>
    </p>
   </div>
   <div class='ocr_carea' id='block_1_10' title="bbox 718 4598 1194 4685">
    <p class='ocr_par' dir='ltr' id='par_1_13' title="bbox 718 4598 1194 4685">
     <span class='ocr_line' id='line_1_33' title="bbox 718 4598 1194 4685; baseline -0.004 -19"><span class='ocrx_word' id='word_1_175' title='bbox 718 4599 827 4666; x_wconf 85' lang='lat' dir='ltr'>llrbor</span> <span class='ocrx_word' id='word_1_176' title='bbox 850 4599 972 4666; x_wconf 84' lang='lat' dir='ltr'>decora</span> <span class='ocrx_word' id='word_1_177' title='bbox 997 4606 1031 4665; x_wconf 90' lang='lat' dir='ltr'>et</span> <span class='ocrx_word' id='word_1_178' title='bbox 1055 4598 1194 4685; x_wconf 79' lang='lat' dir='ltr'>fiilgida.</span> 
     </span>
    </p>
   </div>
   <div class='ocr_carea' id='block_1_11' title="bbox 764 4726 1201 4816">
    <p class='ocr_par' dir='ltr' id='par_1_14' title="bbox 764 4726 1201 4816">
     <span class='ocr_line' id='line_1_34' title="bbox 764 4726 1201 4816; baseline 0.002 -24"><span class='ocrx_word' id='word_1_179' title='bbox 764 4726 894 4796; x_wconf 76' lang='lat' dir='ltr'>Orntta</span> <span class='ocrx_word' id='word_1_180' title='bbox 918 4730 1019 4814; x_wconf 85' lang='lat' dir='ltr'>Regis</span> <span class='ocrx_word' id='word_1_181' title='bbox 1044 4727 1201 4816; x_wconf 77' lang='lat' dir='ltr'>purpura,</span> 
     </span>
    </p>
   </div>
   <div class='ocr_carea' id='block_1_12' title="bbox 0 0 2135 5717">
    <p class='ocr_par' dir='ltr' id='par_1_15' title="bbox 0 0 2135 5717">
     <span class='ocr_line' id='line_1_35' title="bbox 0 0 2135 5717; baseline 0 0"><span class='ocrx_word' id='word_1_182' title='bbox 0 0 2135 5717; x_wconf 95' lang='lat' dir='ltr'> </span> 
     </span>
    </p>
   </div>
  </div>
 </body>
</html>
