4175 5717
522 677 583 744 186
979 689 1045 744 tre.
1070 693 1092 744 r.

432 825 506 871 cum
530 802 738 880 Celebrante,
755 805 915 870 comitans
931 825 1006 870 eum
1022 811 1057 870 et
1072 804 1207 870 tradens
1225 805 1287 889 ipsi
1302 801 1456 880 biretum,
1474 799 1653 890 omniaque
1704 853 1709 872 .

431 919 643 996 exsequetur,
668 931 752 996 quae
775 914 926 997 superius
949 912 990 977 ad
1014 917 1149 978 cantum
1173 911 1284 997 Kyric
1306 912 1513 998 praescripta
1536 915 1630 978 sunt

518 1021 571 1084 30.
585 1019 669 1084 Dum
687 1025 852 1085 canentur
868 1019 971 1084 verba
986 1019 1190 1086 Adoromus
1207 1025 1248 1086 tc:
1269 1017 1412 1085 (traaas
1428 1019 1568 1104 opimus
1583 1023 1651 1084 919.

431 1135 530 1213 caput
554 1127 691 1193 nudabit
713 1146 838 1213 ponens
861 1127 1003 1193 biretum
1026 1147 1128 1214 prope
1151 1145 1240 1212 genu
1265 1126 1451 1204 dexterum,
1468 1125 1653 1192 advertens

432 1242 469 1302 ut
491 1235 577 1300 hanc
599 1237 763 1301 actionem
787 1234 932 1301 nudandi
955 1234 1189 1321 operiendique
1212 1236 1329 1321 capitis
1353 1234 1467 1300 eodem
1488 1239 1652 1322 tempore

431 1363 506 1409 cum
531 1343 729 1409 Celebrante
753 1349 786 1408 et
810 1341 1016 1408 subdiacono
1039 1341 1227 1428 adimpleat.

519 1451 571 1515 31.
596 1449 663 1516 Sub
687 1451 813 1515 exitum
836 1457 956 1515 cantus
982 1449 1113 1520 1119119.
1138 1457 1239 1534 caput
1261 1448 1586 1536 nudabitassurget,
1604 1447 1653 1514 bi·

432 1564 540 1623 retum
563 1578 583 1622 a
607 1555 805 1623 Celebrante
821 1558 970 1643 accipiet,
988 1557 1148 1622 salutabit
1165 1556 1314 1646 chorum,
1332 1557 1444 1621 veniet
1459 1555 1500 1621 ad
1516 1555 1650 1634 Altare,

431 1666 603 1748 omniaque
627 1684 764 1750 prorsus
788 1684 872 1748 quae
895 1665 1048 1750 superius
1073 1662 1196 1730 tradita
1226 1664 1361 1728 suntin
1394 1661 1492 1729 finem
1525 1663 1651 1750 Kyric,

432 1778 644 1855 exsequetur.

518 1879 571 1944 32.
597 1878 647 1943 Ad
670 1879 842 1946 Dominus
863 1879 1041 1946 vobiscum
1065 1879 1164 1944 stabit
1187 1880 1222 1943 in
1245 1878 1349 1964 gradu
1378 1879 1540 1964 superiori
1571 1883 1651 1964 post

430 1985 673 2063 Celebrantem,
698 1987 877 2071 ipsumque,
902 1988 1015 2051 statim
1038 2006 1078 2051 ac
1101 1985 1162 2051 illa
1185 1987 1287 2050 verba
1302 1987 1470 2063 cecinerit,
1487 1990 1651 2070 sequetur

431 2091 584 2158 incedens
608 2095 641 2157 in
664 2092 770 2179 gradu
793 2092 918 2158 eodem.
944 2093 994 2159 Ad
1018 2100 1152 2159 cantum
1178 2095 1337 2158 orationis
1366 2093 1421 2158 rel
1446 2093 1649 2170 orationum,

429 2201 457 2268 si
487 2201 600 2286 plures
624 2219 763 2265 numero
786 2200 922 2278 fuerint,
947 2201 1152 2286 permanebit
1175 2207 1248 2287 post
1270 2220 1345 2265 eum
1370 2202 1402 2264 in
1425 2187 1531 2286 gradu
1555 2219 1651 2286 9199-

429 2306 527 2383 dicto;
552 2307 755 2372 adverbum
782 2305 930 2374 01911199
954 2308 1170 2374 inclinabitur
1194 2309 1334 2374 Crucem
1357 2328 1485 2385 versus,
1503 2308 1650 2393 itemque

430 2416 456 2478 si
482 2415 515 2479 in
540 2415 690 2480 oratione
713 2414 938 2480 nominabitur
961 2416 1053 2480 lesus
1078 2415 1240 2492 Christus
1266 2416 1317 2480 sin
1341 2415 1445 2481 Beata
1467 2414 1576 2500 Virgo
1593 2413 1649 2480 vel

431 2521 573 2587 Sanctus
597 2521 637 2586 de
660 2541 725 2606 quo
748 2520 941 2588 celebratur
963 2521 1105 2588 officium
1131 2523 1185 2587 vel
1209 2523 1485 2598 commemoratio,
1511 2519 1651 2586 inclina-

430 2628 519 2693 bitur
542 2648 659 2694 versus
683 2628 816 2693 librum.

517 2735 570 2800 33.
596 2736 632 2800 ln
656 2734 720 2800 fine
744 2736 882 2801 ultimae
906 2737 1066 2802 orationis
1091 2739 1162 2804 sine
1185 2735 1417 2824 genuflexione
1441 2735 1598 2802 incedens
1614 2737 1648 2800 in

430 2844 535 2928 gradu
559 2845 672 2910 eodem
696 2843 756 2909 ibit
778 2843 819 2909 ad
842 2844 1015 2912 dexteram
1039 2846 1257 2923 Gelebrantis,
1283 2847 1336 2912 cui
1371 2845 1532 2910 submissa
1566 2863 1649 2910 voce

430 2952 642 3036 respondebit
664 2952 736 3019 Dco
757 2953 897 3036 9191191
921 2955 954 3018 11
978 2951 1042 3018 fine
1067 2953 1246 3039 Epistolae,
1271 2955 1375 3036 eique,
1401 2954 1428 3018 si
1445 2973 1526 3039 opus
1543 2952 1649 3018 fuerit

432 3058 575 3122 blissalis
599 3057 716 3123 folium
740 3059 885 3124 evolvet.

517 3167 570 3230 34.
597 3167 756 3253 Epistola,
789 3167 949 3234 Graduali
973 3175 1008 3234 et
1039 3171 1162 3234 Tractu
1194 3170 1292 3233 etiam
1328 3188 1386 3234 seu
1418 3167 1596 3251 Sequentia
1627 3187 1649 3232 a

432 3272 629 3339 Celebrante
652 3275 759 3350 lectis,
789 3275 931 3341 ulterius
967 3277 1199 3363 progredietur
1222 3283 1256 3340 et
1287 3275 1443 3341 subsistet
1475 3277 1509 3339 in
1539 3275 1675 3340 191919Ι

432 3381 559 3444 Altaris
583 3401 625 3446 ex
649 3381 762 3447 eadem
786 3383 956 3468 Epistolae
980 3393 1085 3469 parte.

519 3488 572 3553 ut.
596 3489 680 3553 llum
705 3488 884 3555 celebrans
908 3490 1168 3556 benedictionem
1200 3493 1408 3576 impertietur
1438 3489 1648 3556 Subdiacono

432 3601 505 3682 post
528 3601 661 3660 cantum
685 3597 865 3683 Epistolae‚
890 3599 969 3681 quin
992 3597 1123 3663 deloco
1141 3607 1323 3673 moveatur,
1341 3598 1382 3663 ad
1403 3596 1648 3663 Subdiaconum

431 3724 466 3768 99
490 3710 611 3777 vertet,
636 3711 705 3768 tum
729 3706 899 3789 pristinam
923 3707 1117 3791 positionem
1141 3707 1288 3790 recipiet.

520 3811 572 3874 311.
598 3808 706 3885 Quum
737 3810 917 3877 Celebrans
948 3813 1039 3897 leget
1070 3813 1298 3898 Evangelium,
1324 3833 1424 3896 seque
1455 3814 1489 3876 in
1523 3812 1647 3886 fronte,

433 3919 466 3982 in
490 3938 549 3982 919
573 3923 607 3982 91
629 3919 663 3982 11
687 3924 821 4002 pectore
845 3919 997 4004 signabit,
1022 3921 1187 3985 Diaconos
1209 3940 1339 4004 quoque
1362 3919 1505 4005 signabit
1525 3939 1599 3984 sese
1614 3925 1650 3984 et

430 4028 541 4092 statim
566 4045 747 4091 conversus
770 4025 982 4092 dextrorsum
1006 4027 1185 4092 descendet
1208 4027 1248 4092 de
1271 4027 1426 4113 gradibus
1450 4026 1589 4102 11119119,
1614 4033 1650 4092 91

431 4135 464 4197 11
487 4134 586 4219 91919
610 4134 789 4217 9911119111
813 4134 1084 4218 Evangeliarium
1108 4136 1247 4219 accipiet.
1262 4155 1282 4198 9
1299 4135 1565 4201 Gaeremoniario
1590 4133 1647 4199 vel

430 4241 470 4304 ab
493 4242 604 4326 aliquo
627 4241 796 4326 acolytho,
811 4249 845 4305 et
867 4245 1087 4317 reverentiae,
1105 4263 1203 4325 quam
1219 4242 1279 4308 ille
1295 4243 1405 4318 199191,
1422 4240 1647 4328 respondebit.

518 4350 571 4413 37.
590 4348 725 4412 Librum
748 4348 925 4412 sustinebit
948 4359 1089 4432 utraque
1114 4369 1212 4414 manu
1236 4349 1392 4435 applicita
1414 4348 1455 4413 ad
1478 4351 1550 4414 eius
1582 4368 1648 4414 ox-

432 4455 615 4520 tremitates
640 4456 825 4531 inferiores,
850 4455 1017 4520 admotum
1034 4458 1169 4542 pectori,
1187 4459 1322 4541 eiusque
1338 4462 1495 4543 apertura
1511 4457 1649 4526 Diaconi

432 4561 533 4646 ipsius
557 4563 646 4627 latus
670 4565 841 4629 sinistrum
866 4564 1028 4649 respiciet.

519 4671 572 4734 38.
596 4671 834 4760 Progredietur
858 4692 975 4738 versus
1005 4680 1133 4759 partem
1159 4675 1361 4740 anteriorem
1392 4673 1531 4752 Altaria,
1556 4673 1649 4739 salu·
