4175 5717
522 715 583 780 100
973 733 1039 778 nra.
1066 733 1100 778 n.

521 843 572 908 13.
588 841 759 926 Acolythi,
776 841 901 926 paratis
917 839 1091 916 Ministris,
1108 841 1272 926 accipient
1287 840 1489 907 candelabra
1499 843 1654 910 accensis

430 951 577 1018 candelis
600 954 635 1014 et
658 949 842 1015 consistent
865 948 899 1011 in
921 946 1029 1012 medio
1052 949 1212 1024 sacrario,
1229 947 1285 1013 vel
1308 946 1394 1034 apud
1414 948 1653 1017 Celebrantem

430 1063 465 1125 et
487 1059 667 1124 Ministros.

522 1166 572 1230 14.
597 1163 886 1238 Gaeremoniarius
907 1159 1107 1247 significabit
1138 1161 1329 1228 Celebranti
1353 1169 1388 1229 et
1417 1163 1589 1242 Ministris,
1615 1171 1657 1230 ut

432 1293 450 1337 e
474 1271 621 1360 sacrario
643 1268 908 1356 proficiscantur
932 1275 968 1334 et
991 1269 1042 1334 illi
1066 1269 1198 1355 dempto
1222 1289 1240 1335 e
1263 1272 1371 1356 capite
1394 1270 1512 1348 bireto,
1537 1270 1655 1338 eloco

431 1381 487 1446 ubi
519 1380 627 1466 parati
659 1378 788 1443 fuerint
818 1376 1000 1463 procedent
1030 1379 1065 1442 in
1099 1376 1242 1442 medium
1272 1379 1466 1455 sacrarium,
1497 1378 1657 1446 adstante

433 1488 577 1553 Diacono
601 1506 621 1551 a
644 1485 782 1560 dextris,
807 1484 1015 1550 Subdiacono
1046 1505 1067 1548 a
1096 1485 1240 1550 sinistris
1272 1484 1490 1552 Celebrantis:
1521 1487 1565 1554 ibi
1598 1506 1657 1554 se-

433 1595 609 1680 quentibus
633 1592 811 1678 Acolythis
835 1613 909 1658 cum
933 1591 1143 1657 candelabris
1167 1594 1316 1658 accensis
1333 1598 1367 1658 et
1382 1599 1456 1679 post
1471 1595 1557 1681 ipsos
1572 1594 1660 1661 -lhu-

432 1703 598 1779 riferario,
623 1701 871 1766 inclinationem
895 1699 1095 1785 profundam
1126 1700 1251 1765 facient
1281 1701 1322 1766 ad
1353 1700 1494 1767 Crucem
1523 1700 1581 1766 vel
1613 1699 1658 1768 ad

434 1811 608 1894 imaginem
632 1810 842 1894 praecipuam
866 1808 1015 1882 sacrarii,
1040 1816 1075 1872 et
1097 1813 1198 1894 caput
1220 1808 1327 1874 bireto
1352 1811 1553 1894 cooperient
1572 1809 1660 1874 thu-

436 1917 609 1981 riferarius
633 1923 668 1980 et
691 1917 761 2000 ipse
784 1916 1008 1980 reverentiam
1033 1915 1135 1980 saciet
1157 1914 1366 2001 profundam,
1382 1935 1450 1982 non
1466 1933 1547 1981 vero
1570 1915 1661 1982 Aco-

434 2023 522 2109 lythi
547 2023 602 2108 qui
626 2042 665 2087 eo
696 2021 782 2106 quod
806 2027 939 2107 gestant
969 2020 1182 2098 candelabra,
1213 2022 1373 2088 modicam
1403 2023 1660 2089 inclinationem

435 2132 551 2216 capitis
574 2127 728 2196 efficient.

527 2236 576 2302 15.
601 2238 708 2302 Porro
724 2221 772 2302 'ad
796 2236 916 2302 Altare
940 2237 1123 2323 procedent
1145 2237 1385 2304 thuriferarius
1410 2239 1531 2304 iunctis
1553 2239 1663 2304 mani·

437 2345 507 2421 bus,
533 2348 607 2430 post
629 2365 704 2410 eum
728 2344 890 2430 Acolythi
912 2351 1083 2430 gestantes
1107 2344 1309 2410 candelabra
1332 2350 1366 2411 et
1389 2347 1593 2411 coniunctim
1609 2345 1664 2411 in·

435 2453 601 2530 'cedentes
626 2452 746 2518 deinde
768 2452 1007 2529 Subdiacouus,
1031 2473 1128 2537 quem
1154 2459 1314 2537 sequetur
1337 2453 1513 2532 Diaconus,
1536 2459 1573 2520 et
1595 2473 1664 2541 po-

435 2569 559 2629 stremo
584 2562 659 2627 loco
683 2561 865 2629 celebrans
891 2581 964 2627 cum
989 2560 1523 2628 Gae1·ernoniariosinistrorsum.

527 2672 577 2736 16.
601 2669 653 2735 nd
676 2669 767 2735 fores
791 2667 929 2735 sacrarii
956 2669 1198 2734 thuriferarius
1228 2665 1379 2747 dextera,
1411 2675 1541 2756 sumpta
1572 2688 1665 2756 aqua

436 2778 620 2855 benedicta
645 2777 791 2863 signabit
812 2797 859 2843 se:
883 2778 1044 2864 acolythi
1069 2783 1181 2842 autem
1204 2795 1270 2842 non
1295 2799 1329 2844 se
1361 2777 1550 2863 signabunt:
1583 2778 1665 2844 Ma-

437 2888 542 2972 gister
566 2888 849 2951 caeremoniarum
874 2891 1036 2972 sumptam
1047 2905 1049 2912 ·
1062 2885 1203 2950 dextera
1225 2905 1343 2969 aquam
1359 2885 1567 2952 benedictam
1583 2883 1667 2954 offe·

437 3001 491 3059 ret
513 2995 653 3079 primum
680 2994 897 3070 Subdiaoono,
921 2999 1037 3078 postea
1067 2991 1224 3069 Diacono,
1256 2994 1311 3077 qui
1344 3012 1525 3059 conversus
1558 3015 1666 3080 super

438 3102 611 3168 dexteram
635 3121 729 3166 suam
753 3102 903 3187 porriget
927 3101 1032 3166 illam·
1045 3099 1247 3166 celebranti.
1267 3101 1448 3167 celebrans
1464 3108 1498 3167 et
1514 3102 1667 3168 Ministri

439 3213 641 3299 accipientes
663 3230 780 3294 aquam
804 3214 963 3286 sanctam,
987 3215 1087 3293 caput
1110 3206 1269 3294 detegent
1291 3210 1436 3286 sinistra,
1461 3228 1559 3293 quam
1583 3229 1665 3275 cum

437 3321 544 3386 bireto
567 3319 783 3405 applicabunt
806 3319 895 3400 infra
917 3323 1043 3404 peel-ua,
1069 3324 1103 3384 et
1126 3339 1161 3384 se
1186 3320 1302 3385 Crucis
1326 3320 1420 3404 signo
1452 3339 1552 3403 quum
1584 3339 1667 3386 mn·

439 3430 572 3503 nicrint,
596 3425 736 3492 dextera
760 3431 928 3512 resumpto
951 3424 1060 3491 bireto
1083 3435 1184 3512 caput
1208 3428 1411 3512 cooperient.

532 3536 581 3598 17.
607 3533 640 3600 si
663 3533 905 3600 transeundum
929 3534 974 3597 sit
1003 3540 1081 3599 ante
1115 3533 1234 3599 Altare
1265 3533 1322 3600 SS.
1355 3517 1574 3611 Sacramenti,
1609 3537 1668 3604 vel

443 3650 520 3708 ante
544 3642 663 3707 Altero
686 3643 792 3706 maius
815 3642 849 3706 in
873 3641 1051 3727 hypothesi
1074 3641 1161 3726 quod
1191 3644 1292 3709 Missa
1322 3641 1472 3708 canenda
1503 3639 1548 3708 slt
1574 3643 1668 3730 apud

441 3750 560 3816 Altare
584 3748 737 3826 laterale,
762 3748 994 3814 observabitur
1018 3748 1105 3833 quod
1129 3750 1286 3816 traditum
1311 3755 1364 3815 est
1386 3749 1668 3835 cap.·1v.huins

442 3858 520 3923 libri
543 3869 632 3922 num'.
656 3856 709 3921 21:

536 3965 586 4028 18.
612 3964 648 4028 ln
673 3963 862 4028 hac'hlissa
886 3965 1031 4028 Ministri
1054 3970 1125 4028 tum
1150 3963 1265 4029 dantes
1282 3972 1354 4030 tum
1370 3965 1570 4051 accipientes
1593 3983 1670 4033 rem

443 4072 587 4156 aliquam
611 4091 630 4134 a
654 4069 866 4148 celebrante,
890 4090 998 4154 neque
1021 4091 1157 4136 manum
1185 4073 1255 4138 eius
1285 4091 1392 4155 neque
1425 4091 1495 4136 rem
1525 4073 1670 4140 oscula·

443 4180 580 4244 buntur.

536 4285 584 4351 19.
610 4285 704 4359 Quod
727 4285 961 4351 ad-accessum
984 4287 1107 4351 attinet
1130 4285 1169 4351 ad
1194 4286 1323 4362 hilare,
1348 4285 1434 4351 adsit
1458 4285 1512 4351 vel
1538 4305 1607 4352 non
1634 4289 1669 4354 in

445 4394 548 4460 choro
574 4393 703 4470 Clarus,
730 4393 782 4458 vel
807 4395 835 4458 si
852 4394 971 4459 Olenus
988 4394 1165 4479 praecedet
1182 4394 1414 4461 Celebrantem
1431 4393 1672 4462 observabitur

445 4502 530 4568 idem
554 4501 639 4585 quod
663 4501 832 4587 praedicto
855 4503 963 4586 capite
986 4502 1167 4568 docuimus.
1576 4579 1580 4586 ι

533 4609 587 4674 20.
613 4608 793 4674 Calabram<
817 4608 1012 4675 exordietur
1035 4612 1167 4674 Missam
1193 4617 1227 4675 et.
1243 4610 1387 4675 llinistri
1403 4609 1671 4696 respondebunt:
