4175 5717
986 803 1053 850 trs.
1080 799 1115 850 ll.

650 1017 700 1076 DE
723 1017 994 1077 PROCESSIONE
1014 1019 1068 1076 SS.
1089 1016 1285 1077 CORPORIS
1301 1015 1445 1076 DOMINI

894 1455 1037 1522 CAPUT
1062 1455 1210 1526 XXXV.

440 1767 469 1830 1.
494 1683 643 1838 Haec
665 1763 840 1829 Processio
863 1763 1005 1828 maxime
1029 1762 1186 1828 solemnis
1211 1763 1299 1828 omni
1322 1782 1397 1828 cum
1413 1757 1669 1848 magnificentia

436 1869 637 1936 celebranda
660 1877 720 1948 est3
745 1869 909 1954 simulque
933 1869 1105 1936 vitandum
1129 1869 1285 1954 quidquid
1306 1875 1417 1955 potest
1449 1868 1669 1956 profanatio-
1693 1867 1695 1872 ’

435 1979 542 2057 nibus,
568 1979 694 2063 iurgiis,
718 1976 884 2042 scandalis
908 1985 942 2042 et
966 1979 1195 2044 irreverentiis
1219 1977 1329 2042 locum
1352 1975 1527 2062 praebere.

524 2085 554 2150 2.
580 2087 616 2148 Iu
640 2085 751 2170 parvis
777 2083 975 2169 regionibus,
1000 2105 1101 2168 quum
1126 2086 1267 2170 exiguus
1292 2085 1335 2149 sit
1357 2103 1539 2170 corporum
1554 2083 1670 2150 eccle·

437 2195 648 2258 siasticorum
672 2213 841 2269 numerus,
865 2189 1046 2258 difficiliter
1070 2194 1151 2259 oriri
1173 2200 1284 2279 potest
1306 2190 1347 2258 de
1371 2190 1487 2258 ordine
1523 2211 1673 2280 praeoe-

436 2300 569 2366 dentiae
592 2302 771 2366 contentio.
796 2301 834 2364 ln
857 2302 986 2385 magnis
1009 2301 1212 2380 civitatibus,
1237 2301 1405 2386 inquibus
1423 2299 1514 2368 Cleri
1532 2307 1570 2368 et
1592 2321 1674 2368 con-

435 2409 685 2474 fraternitatum
708 2408 850 2494 amplior
874 2415 925 2474 est
947 2428 1118 2484 numerus,
1143 2407 1200 2474 liet
1223 2415 1372 2496 tempore
1396 2407 1508 2475 debito
1525 2429 1546 2475 a
1564 2409 1672 2476 Curia

434 2516 624 2603 Episcopali
646 2515 732 2600 quod
763 2515 865 2601 uulgo
896 2515 1020 2582 dicitur
1051 2521 1201 2594 rotulus,
1237 2516 1395 2583 videlicet
1425 2523 1605 2584 statuetur
1637 2525 1674 2586 et

433 2624 659 2709 publicabitur
682 2622 774 2700 ordo,
798 2644 863 2708 quo
899 2626 1126 2709 unusquisque
1159 2627 1193 2690 iu
1228 2627 1473 2710 processionem
1507 2625 1674 2694 incedere

433 2731 540 2808 debet,
567 2739 603 2796 ut
627 2733 734 2798 omnis
757 2731 974 2818 prohibeatur
998 2734 1242 2810 controversia,
1267 2751 1351 2818 quae
1375 2752 1492 2800 sacrae
1521 2733 1676 2800 iunctio-

436 2841 486 2906 nis
510 2845 658 2925 tempore
682 2847 794 2925 posset
817 2841 986 2905 suscitari.

523 2947 554 3010 3.
578 2947 752 3012 Processio
777 2944 833 3010 fiet
857 2965 953 3012 mane
976 2953 1011 3012 et
1034 2949 1171 3033 insuper
1194 2952 1323 3012 mature
1348 2937 1388 3012 ut
1404 2947 1533 3013 vitetur
1549 2953 1673 3016 aestus

436 3056 513 3118 anni
539 3055 704 3139 temporis,
730 3055 763 3120 in
786 3054 874 3138 quod
897 3054 962 3120 hoc
984 3055 1110 3120 festum
1134 3056 1222 3121 solet
1247 3054 1404 3121 incidere.

523 3165 554 3226 4.
578 3161 703 3226 Eadem
727 3161 828 3228 Curia
851 3183 894 3228 ex
918 3163 1073 3250 Episcopi
1091 3165 1294 3229 auctoritate
1311 3165 1439 3228 statuet
1455 3161 1590 3240 horam,
1605 3183 1674 3248 qua

434 3268 620 3353 incipienda
643 3270 708 3333 erit
730 3269 869 3335 iunctio.
895 3269 1001 3334 Huius
1026 3272 1225 3357 principium
1258 3268 1314 3336 fiet
1347 3290 1367 3334 a
1395 3269 1579 3356 principali
1612 3291 1675 3338 eo-

434 3376 538 3442 clesia
561 3377 627 3442 loci
651 3384 685 3442 ct
709 3377 836 3443 reditus
859 3377 901 3442 ad
926 3376 1085 3442 eamdem.
1110 3379 1202 3443 Inter
1227 3377 1360 3444 (iuriam
1377 3383 1411 3444 et
1428 3377 1673 3462 Magistratum

434 3485 578 3548 civitatis
602 3485 779 3550 conveniet
800 3483 841 3550 de
864 3484 1024 3550 munditie
1049 3493 1084 3550 et
1108 3491 1232 3552 ornatu
1256 3487 1396 3563 viarum,
1422 3485 1550 3568 quasit
1577 3491 1673 3552 tran·

433 3591 539 3655 situra
561 3593 739 3676 processio.
756 3591 937 3658 cavebitur
954 3599 1077 3670 autem,
1096 3593 1138 3658 ne
1155 3595 1189 3658 in
1205 3593 1410 3660 ornamentis
1426 3593 1471 3660 sit
1487 3593 1672 3680 quicquam

433 3695 589 3762 indecens
613 3704 673 3763 aut
695 3699 871 3784 profanum
895 3707 929 3764 et
952 3699 1110 3785 quidquid
1134 3720 1154 3765 a
1178 3702 1282 3767 sacris
1298 3699 1528 3766 functionibus
1546 3701 1673 3770 abhor-

432 3813 533 3870 reret.
559 3804 737 3891 Eligentur
759 3807 858 3870 etiam
882 3806 922 3873 ab
947 3807 1110 3894 Episcopo
1137 3809 1207 3873 sive
1234 3808 1274 3874 ab
1310 3809 1380 3874 eius
1418 3805 1519 3873 Curia
1545 3809 1580 3886 ii,
1612 3809 1673 3894 qui

430 3912 545 3978 hastas
570 3913 754 3978 umbraculi
778 3921 911 3997 gestare
935 3915 1114 3992 debebunt,
1139 3935 1260 4000 easque
1284 3915 1446 4001 principio
1478 3919 1670 4002 processio·

432 4022 482 4086 nis
508 4022 541 4084 in
565 4022 658 4086 exitu
682 4019 721 4084 de
745 4020 888 4087 ecclesia
912 4025 1002 4089 etin
1026 4023 1138 4091 reditu
1161 4023 1202 4090 ad
1226 4024 1330 4110 ipsam
1353 4022 1599 4091 substinebunt
1623 4023 1672 4092 di-

433 4131 568 4213 gniores
593 4128 810 4212 reliquorum.
1615 4191 1618 4196 .

517 4236 548 4302 5.
585 4235 830 4326 Interdicentur
864 4241 1187 4322 repraesentationes
1223 4260 1413 4325 puerorum,
1451 4239 1672 4326 Angelorum

431 4362 505 4408 cum
530 4345 697 4430 mysteriis
721 4345 888 4410 Passionis
907 4347 960 4411 rel
978 4347 1178 4412 Sanctorum
1195 4350 1336 4433 speciem
1354 4347 1669 4433 praeseferentium

431 4458 465 4515 et
488 4453 643 4537 quidquid
668 4451 760 4518 aliud
784 4473 900 4538 sapere
924 4461 1034 4539 potest
1059 4476 1181 4522 vanum
1211 4465 1245 4521 et
1269 4457 1378 4522 inane.
1717 4445 1722 4456 ’

522 4561 552 4622 6.
578 4561 649 4625 Non
673 4563 846 4647 erigentur
869 4562 903 4625 in
927 4564 989 4628 viis
1023 4563 1156 4628 Altaria
1180 4565 1250 4630 sire
1281 4565 1419 4643 sacella,
1451 4563 1540 4652 apud
1569 4584 1660 4651 quae

433 4662 589 4732 subsistat
610 4672 789 4752 processio,
814 4671 884 4736 sine
907 4671 1041 4756 speciali
1067 4671 1221 4758 Episcopi
1244 4672 1418 4752 facultate,
1444 4693 1528 4759 quae
1553 4675 1580 4742 si
1615 4675 1673 4744 de·
1727 4673 1729 4678 ’
