4175 5717
519 731 563 796 20
607 749 611 756 ·
976 749 1041 796 1111.
1066 749 1102 796 11.

379 909 392 927 ,
431 855 661 921 Celebrantem
685 856 868 921 incensabit
891 857 1023 939 triplici
1044 857 1155 924 duclu
1177 864 1309 924 etcum
1332 855 1549 926 inclinatione
1565 880 1651 947 pro·

431 962 534 1029 funda
556 969 635 1028 ante
658 967 692 1028 et
714 970 797 1050 poet.
816 963 914 1040 idem,
939 963 1130 1030 thurificato
1154 965 1364 1042 celebrante,
1396 965 1508 1032 tradet
1535 965 1653 1032 thuri-

430 1071 544 1136 bulum
568 1070 686 1135 ultimo
710 1071 932 1156 pluvialistae,
957 1073 985 1136 si
1015 1077 1160 1155 quatuor
1189 1078 1249 1137 aut
1275 1090 1335 1137 sex
1368 1091 1506 1139 numero
1536 1077 1653 1150 arunt,

430 1199 525 1245 secus
541 1178 769 1254 thuriferarim
780 1182 814 1242 et
830 1177 950 1262 reliqui
963 1178 1178 1263 pluvialistae
1193 1178 1235 1244 ad
1250 1179 1361 1245 locum
1374 1200 1468 1246 snum
1481 1179 1652 1246 redibunt.

518 1287 571 1350 49.
604 1285 748 1351 Ultimus
780 1284 985 1370 pluvialista,
1008 1285 1063 1350 vel
1094 1286 1169 1351 loco
1199 1288 1270 1351 eius
1300 1286 1538 1353 thuriferarius
1566 1286 1652 1352 ado-

432 1391 513 1458 lebit
536 1393 720 1458 canonicos
743 1393 879 1474 duplici
899 1393 1012 1460 ductu
1035 1400 1070 1458 et
1092 1411 1168 1457 cum
1191 1393 1406 1458 inclinatione
1429 1393 1470 1458 ad
1498 1394 1653 1480 singulos

431 1508 508 1566 ante
533 1507 673 1587 etpost,
698 1502 827 1565 initium
851 1517 984 1565 sumens
1007 1501 1048 1565 ab
1071 1500 1142 1578 illo,
1167 1502 1222 1584 qui
1255 1503 1425 1587 proximus
1457 1500 1653 1568 celebranti

432 1609 567 1674 sedebit.
594 1610 715 1673 Postea
738 1608 885 1692 reliquos
909 1607 950 1673 de
973 1608 1077 1676 111111
1107 1609 1213 1675 unico
1236 1609 1346 1676 ductu
1373 1609 1565 1698 incensabit,
1596 1609 1654 1672 in·
1715 1687 1721 1700 ι

432 1716 645 1800 clinationem
662 1715 788 1780 faciens
811 1720 889 1779 ante
914 1721 948 1780 et
970 1723 1054 1801 post,
1072 1733 1138 1779 non
1162 1721 1273 1781 111111
1293 1716 1444 1802 singulis,
1461 1715 1520 1782 sed
1543 1715 1656 1781 ordini

309 1889 311 1893 Α
432 1824 530 1890 simul
554 1823 722 1889 universo.
747 1823 921 1888 Postremo
944 1822 1155 1910 pluvialistas
1171 1825 1356 1890 incensabit
1372 1823 1507 1906 duplici
1528 1823 1652 1902 ductu,

433 1933 518 1997 sicut
542 1932 734 2008 Canonicos;
759 1930 987 2016 pluvialistam
1009 1938 1131 2010 1111111,
1160 1934 1214 2016 qui
1249 1931 1527 1998 thurificationem
1550 1951 1655 2018 pere·

432 2041 530 2124 gerit,
555 2039 738 2104 incensabit
760 2038 1009 2116 thuriferarius,
1033 2044 1067 2103 et
1097 2045 1171 2125 post
1188 2060 1263 2104 eum
1297 2039 1483 2125 acolythos,
1508 2039 1653 2124 deniquo

434 2146 591 2233 populum
614 2148 709 2212 iuxta
733 2146 868 2232 regulas
886 2145 959 2211 'alio
982 2145 1058 2211 loco
1082 2146 1233 2211 traditas.
1394 2223 1396 2228 ¹

521 2254 575 2320 50.
592 2253 697 2319 Simul
714 2273 754 2320 ac
768 2252 981 2319 thurificatus
998 2253 1102 2319 fuerit
1117 2253 1268 2340 populus,
1285 2259 1440 2320 cantores
1457 2255 1513 2320 111
1529 2254 1656 2320 chorus
1704 2325 1711 2344 Ι

437 2362 584 2428 cantabit
609 2360 731 2428 curu
754 2363 859 2429 Patri
872 2381 911 2425 ac
926 2361 1165 2426 thuriferarius
1189 2361 1369 2426 inclinatus
1393 2381 1512 2428 uersus
1535 2359 1659 2428 liure

438 2470 597 2536 subsistet
619 2489 658 2534 eo
682 2469 767 2547 loco,
792 2489 856 2553 quo
879 2468 1036 2556 populum
1060 2468 1255 2544 adoleverit,
1280 2475 1397 2556 postea
1411 2468 1532 2535 redibit
1548 2469 1582 2535 in
1607 2487 1662 2534 sa·

439 2579 583 2644 crarium
607 2576 648 2642 ad
672 2576 880 2643 thuribulum
904 2575 1132 2661 deponendum
1155 2577 1219 2641 iam
1243 2576 1380 2642 functus
1403 2567 1509 2641 officio
1532 2593 1604 2642 suo.

408 2685 411 2690 ’
493 2701 496 2708 ·
524 2685 578 2751 51.
605 2683 714 2760 Quum
737 2683 927 2749 cantabitur
951 2683 1048 2751 Sicut
1072 2691 1157 2760 erat,
1175 2703 1288 2749 omnes
1303 2683 1531 2756 considebunt,
1552 2689 1588 2748 et
1607 2701 1663 2749 oa·

438 2800 496 2880 put
519 2793 721 2880 cooperient.
746 2791 817 2856 Hoc
840 2793 910 2878 ipso
933 2797 1091 2877 tempore,
1116 2798 1174 2857 aut
1197 2793 1257 2857 sub
1281 2791 1378 2857 finem
1402 2791 1613 2878 antiphonae,
1631 2793 1663 2858 si

437 2907 538 2967 cantu
563 2905 743 2985 repetetur,
768 2898 919 2984 acolythi
943 2899 1106 2985 recipient
1129 2898 1330 2965 candelabra
1360 2905 1394 2964 11
1422 2905 1501 2965 ante
1537 2897 1662 2980 Altare

437 3009 583 3074 coibunt:
607 3007 820 3094 pluvialistae
843 3024 982 3090 quoque,
1009 3008 1118 3091 capite
1141 3006 1282 3085 detecto,
1307 3012 1511 3092 consurgent
1526 3013 1562 3072 et
1584 3027 1662 3093 pro·

438 3117 559 3182 cedent
582 3123 661 3180 ante
678 3115 805 3190 Altare3
823 3114 974 3200 acolythi
990 3121 1024 3180 et
1041 3114 1254 3199 pluvialistae
1278 3116 1501 3180 reverentiam
1519 3114 1560 3180 ad
1578 3115 1663 3182 Gru·

441 3245 511 3290 cem
535 3245 610 3288 cum
634 3219 866 3308 genuflexione
900 3221 1055 3298 efficient,
1080 3229 1115 3288 et
1141 3213 1277 3287 venient
1305 3229 1383 3287 ante
1413 3221 1665 3300 (lelebrantem,

440 3353 535 3416 quem
567 3331 756 3396 reverentia
789 3329 1010 3395 honorabunt.
1047 3329 1267 3395 Pluvialistae
1294 3330 1476 3395 subsistent
1498 3330 1532 3394 in
1556 3329 1662 3416 plano

444 3440 548 3515 chori,
574 3440 666 3503 utin
690 3438 851 3524 principio
875 3436 998 3502 dictum
1023 3443 1083 3512 est;
1108 3436 1258 3521 acolythi
1282 3457 1362 3502 vero
1392 3436 1433 3501 ad
1464 3436 1574 3502 latera
1604 3437 1667 3504 Oe·

443 3547 606 3612 lebrantis
632 3543 800 3621 accedent,
825 3545 934 3628 ibique
957 3545 1044 3609 facie
1060 3544 1148 3609 alter
1171 3549 1288 3608 contra
1308 3543 1452 3610 alterurn
1476 3563 1575 3610 versa
1597 3563 1669 3612 ma·

445 3656 580 3719 nebunt..

529 3762 582 3826 52.
608 3761 799 3847 Antiphone
822 3762 973 3848 repetita,
999 3759 1181 3826 Celebrans
1205 3766 1305 3846 caput
1326 3759 1460 3844 deteget
1490 3766 1590 3844 atque
1614 3779 1670 3828 as·

444 3877 570 3956 surget,
584 3875 619 3935 et
641 3870 763 3934 chorus
787 3870 964 3934 universus
988 3888 1062 3933 cum
1088 3887 1137 3933 eo.
1163 3866 1342 3933 Celebrans
1367 3868 1486 3932 iunctis
1509 3866 1668 3935 manibus

445 3978 592 4044 cantabit
618 3973 790 4044 Dominus
805 3977 984 4044 1111111111
998 3981 1033 4040 11
1049 3976 1241 4040 orationem.
1259 3975 1341 4040 Post
1356 3975 1539 4039 orat-ionem
1564 3973 1666 4042 officii

445 4085 531 4171 quod
555 4085 591 4150 lit
615 4086 648 4149 in
672 4084 733 4161 die,
759 4086 785 4149 si
810 4090 843 4149 11
859 4084 946 4149 aliae
968 4082 1050 4148 flent
1072 4083 1409 4159 commemorationes,
1430 4080 1623 4148 cantabitur
1646 4103 1668 4150 a

442 4196 546 4260 choro
569 4194 755 4279 respectiva
779 4192 968 4277 antiphona,
994 4209 1078 4274 quae
1102 4189 1179 4255 dum
1196 4195 1345 4265 canetur,
1363 4188 1428 4255 duo
1448 4187 1666 4276 pluvialistae

446 4303 564 4378 ultimi,
590 4303 616 4366 si
641 4301 755 4386 plures
779 4304 880 4364 erunt
902 4315 999 4381 quam
1017 4297 1092 4375 dno,
1110 4317 1205 4363 secus
1230 4297 1294 4362 duo
1312 4302 1476 4374 cantores
1493 4302 1666 4383 utsupra,

450 4409 631 4495 procedent
652 4411 686 4473 in
708 4407 850 4473 medium
874 4406 1022 4481 chorum3
1048 4411 1117 4469 turn
1142 4404 1325 4470 cantabunt
1340 4425 1484 4481 versum,
1501 4403 1542 4468 ad
1566 4423 1667 4488 quam

447 4518 568 4582 chorus
592 4515 813 4602 respondebit,
839 4520 873 4579 et
897 4512 1077 4578 celebrans
1101 4514 1285 4577 orationem
1302 4512 1466 4577 recitabit.
1486 4510 1568 4577 Post
1589 4531 1669 4578 ora·

447 4625 569 4690 tionem
594 4625 753 4700 ultimam,
779 4621 959 4687 Celebrans
983 4618 1115 4686 adiiciet
1138 4620 1310 4687 Dominus
1332 4619 1512 4686 noliacum
1534 4624 1569 4684 et
1591 4621 1670 4707 plu·

449 4731 610 4797 vialistae
633 4733 689 4796 111
713 4735 869 4796 cantores
892 4728 1050 4815 praedicti
1074 4734 1195 4792 canent
1218 4727 1472 4793 Benedicomus
1496 4724 1655 4798 Domino.
