4175 5717
527 731 572 799 ⁶22
982 747 1049 800 nis.
1074 753 1109 802 11.

524 860 579 925 60.
602 860 663 926 Ubi
687 861 875 926 intonatum
897 863 963 927 erit
984 859 1202 949 Meym'ficot,
1227 861 1410 930 celebrans
1441 862 1613 929 discedens
1637 881 1657 928 e
1739 845 1757 866 '

438 968 513 1034 loco
536 989 596 1036 suo
619 968 776 1055 procedet
791 977 868 1035 ante
883 968 1012 1046 Altare,
1030 989 1066 1035 se
1081 968 1205 1035 locabit
1228 971 1318 1035 inter
1340 970 1562 1057 pluviulistas,
1579 989 1657 1036 cum

438 1077 555 1161 quibus
579 1077 668 1142 iacta
690 1076 731 1142 ad
755 1076 873 1143 Altare
897 1081 931 1142 et
958 1077 1097 1142 chorum
1130 1077 1329 1155 reverentia,
1354 1075 1585 1162 proficiscetur
1614 1075 1657 1142 ad

437 1186 562 1250 aditum
584 1185 784 1271 presbyterii
806 1187 913 1270 capite
937 1184 1078 1250 detecto.
1096 1184 1256 1271 Acolythi
1277 1182 1503 1270 genuflectent
1525 1183 1567 1250 ad
1591 1183 1656 1250 Al·

437 1300 511 1359 tare
534 1301 569 1359 et
590 1293 786 1359 salutabunt
808 1293 946 1358 chorum
970 1311 1036 1357 una
1060 1312 1135 1358 cum
1160 1292 1361 1359 celebrante
1384 1299 1418 1358 et
1441 1290 1655 1378 pluvialistis.

525 1401 578 1466 61.
603 1401 636 1468 Si
659 1422 729 1467 mos
752 1401 827 1478 erit,
852 1407 890 1465 ut
912 1399 1042 1484 quidam
1068 1399 1224 1466 canonici
1248 1402 1317 1465 sive
1340 1399 1399 1464 alii
1415 1399 1455 1464 de
1472 1399 1572 1466 clero
1597 1399 1657 1465 ce·

436 1508 686 1598 lebrantemad
710 1506 989 1574 thurificationem
1013 1515 1207 1592 sequantur,
1232 1508 1394 1594 spectabit
1411 1507 1452 1573 ad
1477 1507 1657 1573 caeremo-

406 1607 409 1612 ’
437 1619 579 1682 niarium
602 1636 658 1683 eos
683 1616 870 1694 admonere,
895 1627 1064 1701 quumque¹
1084 1615 1124 1681 de
1154 1615 1229 1681 loco
1259 1605 1438 1682 descendet
1462 1613 1658 1694 celebrans,

436 1732 471 1791 et
493 1727 554 1812 ipsi
577 1725 617 1790 de
641 1724 740 1790 stallo
764 1746 825 1790 suo
847 1723 1087 1790 descendentes
1103 1722 1286 1810 procedent
1304 1725 1337 1789 in
1353 1721 1496 1790 medium
1516 1721 1657 1790 chorum

436 1839 510 1919 post
544 1832 785 1909 celebrantem,
818 1834 1039 1898 reverentiam
1075 1839 1133 1896 aut
1163 1828 1433 1916 genuflexionem
1463 1829 1506 1896 ad
1536 1829 1657 1898 Altero

437 1937 591 2018 efficient,
615 1939 732 2006 deinde
755 1937 952 2006 salutabunt
974 1940 1114 2004 chorum
1133 1939 1232 2003 simul
1256 1958 1332 2004 cum
1356 1937 1566 2016 Celebrante,
1584 1941 1657 2004 tum

437 2050 470 2112 in
493 2048 585 2113 binas
608 2049 680 2114 elas
703 2048 912 2124 dirimentur,
937 2052 975 2111 ut
998 2045 1078 2111 dent
1102 2045 1295 2112 Celebranti
1311 2045 1422 2111 locum
1438 2045 1543 2112 libere
1565 2051 1660 2112 trum

436 2155 564 2220 seundi.
1497 2211 1499 2216 .

523 2263 577 2328 62.
602 2261 783 2330 celebrans
807 2283 882 2328 oum
905 2261 1117 2348 pluvialistis,
1143 2260 1356 2345 sequentibus
1389 2261 1564 2328 Canoniois
1596 2281 1657 2329 seu

435 2371 528 2436 clero
551 2368 804 2455 proficiscentur
827 2369 868 2435 ad
899 2371 1025 2435 exitum
1049 2369 1154 2444 chori,
1183 2387 1248 2452 quo
1280 2387 1381 2452 quum
1414 2371 1578 2448 venerint,
1603 2370 1658 2436 bi·

435 2485 509 2543 reto
534 2479 685 2563 operient
707 2485 816 2564 caput.

523 2587 576 2652 63.
601 2586 750 2651 Anteibit
778 2584 1018 2650 thuriferarius
1042 2603 1117 2649 cum
1148 2583 1332 2660 thuribulo,
1363 2589 1546 2668 sequentur
1575 2603 1660 2650 aco-

435 2693 523 2780 lythi
547 2714 621 2759 cum
646 2691 864 2770 candelabris,
888 2697 963 2778 post
986 2711 1043 2756 eos
1066 2691 1281 2777 pluvialistae
1304 2691 1368 2757 duo
1391 2693 1512 2757 iunctis
1548 2693 1659 2758 mani-

435 2800 496 2866 bus
520 2805 554 2865 et
577 2801 685 2885 capite
707 2799 817 2865 bireto
840 2803 966 2885 operto,
990 2805 1062 2865 tum
1085 2798 1143 2863 alii
1166 2797 1471 2885 duopluvielistae,
1489 2803 1657 2885 utsupra,

435 2912 603 2992 postremo
635 2906 816 2972 celebrans
848 2898 955 2992 capi'to
985 2913 1143 2993 cooperto
1171 2912 1205 2971 et
1228 2904 1354 2971 medius
1387 2907 1476 2971 inter
1506 2897 1658 2992 reliquo's

435 3013 517 3078 duos
541 3013 761 3099 pluvialistas,
786 3015 840 3098 qui
864 3021 899 3079 et
923 3015 983 3099 ipsi
1006 3013 1149 3079 biretum
1173 3016 1281 3100 capite
1296 3019 1476 3099 gestantes,
1492 3011 1658 3082 fimbriam

435 3121 591 3207 pluvialis
616 3121 824 3187 Celebrantls
852 3120 1075 3187 sustinebunt.
1108 3122 1190 3186 Post
1224 3120 1284 3186 hos
1315 3119 1469 3186 incedent
1496 3105 1658 3188 canonici

433 3228 499 3294 bini
524 3228 700 3313 digniores,
730 3229 801 3293 sive
831 3230 979 3294 seniores
1014 3235 1198 3312 sequentur
1228 3229 1379 3314 proxime
1409 3227 1656 3308 celebrantem,
1695 3285 1700 3298 .

434 3335 552 3401 deinde
576 3335 696 3420 reliqui
719 3338 827 3401 minus
850 3335 951 3420 digni.
1011 3390 1012 3394 ,

521 3442 650 3509 64.Αά
681 3442 800 3509 Altare
820 3442 888 3509 =SS.
913 3441 1119 3508 Sacram'enti
1154 3462 1253 3527 quum
1285 3444 1449 3520 venerint,
1474 3444 1659 3511 thurifera·

433 3553 503 3617 rius
527 3572 614 3637 genu
638 3549 751 3618 flectet
773 3558 807 3618 et
830 3551 965 3617 recedet
992 3550 1033 3617 ad
1062 3551 1152 3616 latus
1184 3551 1352 3637 Epistolae
1382 3571 1483 3638 prope
1517 3552 1657 3638 gradus:

433 3659 594 3744 acolythi,
618 3659 715 3724 nulla
737 3660 828 3725 facta
843 3656 1077 3744 genuflexione
1101 3658 1224 3724 vadent
1239 3658 1280 3724 ad
1296 3659 1405 3724 latera
1421 3660 1549 3725 Altaris
1574 3667 1658 3728 ante

432 3765 567 3851 gradus,
591 3766 802 3851 pluvialistae
827 3766 1000 3832 nudabunt
1015 3774 1124 3853 caput,
1142 3766 1340 3831 dirimentur
1357 3787 1454 3831 unam
1471 3764 1656 3836 efficientes

432 3874 555 3939 lineam
579 3894 653 3939 cum
676 3874 844 3959 acolythis
868 3880 947 3939 ante
970 3873 1099 3940 Altero:
1124 3893 1189 3958 quo
1220 3875 1276 3940 ubi
1307 3877 1438 3939 venerit
1470 3874 1656 3942 celebrans

433 3989 533 4067 caput
556 3984 691 4069 aperiet.
715 3981 859 4048 biretum
883 3981 995 4048 tradet
1009 3982 1224 4067 pluvialistae
1240 3981 1453 4048 dextrorsum
1470 3984 1655 4062 assistenti,

431 4090 625 4176 pluvialista
648 4096 759 4156 autern
783 4089 894 4156 tradet
918 4089 1001 4154 illud
1026 4089 1292 4156 Caeremoniario
1309 4071 1376 4155 una
1400 4110 1475 4156 cum
1491 4112 1561 4169 suo;
1580 4098 1655 4158 tum

432 4197 531 4261 simul
554 4217 628 4262 oum
653 4196 828 4263 canonicis
851 4195 1066 4280 sequentibus
1090 4197 1332 4274 celebrantem,
1364 4201 1419 4283 qui
1450 4218 1517 4264 non
1540 4197 1656 4266 absce-

432 4304 512 4369 dent
535 4304 574 4370 de
597 4306 672 4370 loco
696 4325 767 4383 suo,
791 4302 1019 4390 genuflectent
1042 4325 1155 4369 ornnes
1180 4304 1220 4369 ad
1245 4306 1301 4372 SS.
1328 4307 1589 4376 Sacramentum.

519 4412 571 4477 65.
597 4412 777 4479 celebrans
802 4432 877 4477 cum
900 4410 1027 4476 duobus
1052 4411 1254 4497 pluvialistis
1278 4415 1519 4492 assistentibus,
1537 4414 1578 4481 ad
1594 4415 1653 4481 Al-

433 4525 505 4583 tare
528 4519 694 4594 ascendet,
719 4525 753 4584 et
777 4518 860 4583 illud
884 4519 917 4583 in
942 4517 1047 4584 medio
1071 4519 1285 4597 osculabitur,
1311 4523 1456 4609 imponet
1478 4524 1651 4589 incensum

432 4630 467 4688 et
489 4625 608 4691 Altare
631 4625 786 4703 adolebit,
813 4632 849 4690 ut
873 4646 983 4711 sepias
1008 4645 1178 4692 monemus
1202 4633 1313 4693 autern
1329 4636 1367 4694 ut
1383 4627 1650 4715 genuflexionem

431 4731 541 4808 iaciat,
559 4753 624 4798 nen
648 4752 729 4798 vere
753 4735 985 4800 reverentiam.
