4175 5717
992 692 1058 742 Lis.
1084 693 1104 740 1.
1227 703 1232 728 ¹

801 910 833 991 5.
861 907 910 972 l8.
934 907 979 974 19
998 907 1296 990 processionibus.

531 1122 602 1189 190.
626 1121 664 1188 In
693 1121 955 1208 processionibus
988 1122 1150 1188 maiorum
1180 1123 1409 1207 minorumque
1436 1121 1653 1202 Litaniarum,

441 1235 613 1317 postquam
637 1228 817 1296 Celebrans
840 1235 876 1293 et
897 1228 1042 1294 Ministri
1065 1231 1169 1295 sacris
1193 1231 1394 1315 paramentis
1417 1236 1518 1296 erunt
1548 1230 1655 1298 induti

441 1345 572 1405 sument
595 1336 794 1403 candelabra
817 1338 965 1402 accensis
989 1336 1137 1402 candelis
1161 1344 1196 1403 et
1219 1340 1409 1404 reverentia
1441 1338 1483 1404 ad
1513 1338 1654 1406 Crucem

441 1447 497 1513 vel
519 1446 692 1530 imaginem
716 1446 924 1531 praecipuam
948 1440 1074 1521 effecta,
1099 1444 1279 1530 procedent
1301 1444 1342 1510 ad
1365 1445 1495 1523 Altare,
1519 1453 1654 1512 etanta

440 1558 546 1640 ipsum
569 1552 757 1629 manebunt,
782 1558 820 1617 ut
843 1570 1007 1617 unacum
1031 1551 1283 1618 celebrantem
1297 1552 1457 1620 Ministris
1473 1572 1562 1638 genu
1576 1551 1655 1619 flec-

440 1667 523 1739 tant,
548 1666 585 1725 ut
607 1659 717 1726 solent
740 1660 774 1724 in
797 1659 906 1725 Missis
928 1658 1141 1725 solemnibus.

530 1768 601 1833 191.
627 1763 866 1834 Genuflexione
889 1786 964 1832 cum
988 1767 1188 1832 Celebrante
1211 1772 1246 1832 et
1269 1767 1429 1833 Ministris
1463 1767 1504 1833 ad
1534 1767 1654 1834 Altero

440 1872 565 1951 effecta,
588 1874 684 1940 ibunt
704 1873 746 1938 ad
768 1873 908 1942 abacum
932 1881 970 1940 ut
992 1873 1193 1940 candelabra
1214 1873 1392 1959 deponant,
1405 1881 1440 1940 et
1453 1881 1532 1941 ante
1547 1876 1654 1959 ipsum

441 1983 633 2049 consistent.

529 2089 601 2154 192.
625 2089 686 2156 Ubi
710 2088 838 2154 initium
861 2088 918 2155 fiet
941 2088 1081 2155 canendi
1104 2089 1261 2165 Litanias,
1285 2088 1524 2172 geniculabunt
1539 2089 1654 2156 eodem

439 2197 513 2262 loco
536 2203 667 2282 etpost
690 2196 895 2262 versiculum
917 2196 1048 2266 Sancta
1069 2197 1191 2264 Maria
1214 2204 1427 2281 consurgent,
1452 2196 1654 2262 candelabra

438 2311 617 2379 resument,
639 2302 764 2370 clerico
788 2303 927 2370 Crucem
961 2306 1108 2389 gestanti
1132 2322 1168 2369 sa
1202 2302 1393 2389 adiungent,
1423 2311 1457 2371 et
1490 2324 1578 2391 genu
1611 2306 1653 2373 ad

437 2412 555 2476 Altare
578 2406 675 2486 flexo,
700 2429 736 2475 se
759 2409 919 2478 locabunt
941 2413 976 2476 in
999 2412 1148 2478 ordinem
1172 2412 1391 2498 processionis
1414 2419 1493 2479 ante
1517 2414 1653 2480 Clarum

438 2518 654 2584 saecularem.

526 2625 597 2690 193.
622 2623 743 2708 Siqua
766 2626 801 2689 in
824 2624 977 2690 Ecclesia
1000 2629 1170 2711 processio
1194 2628 1351 2694 subsistet
1375 2629 1409 2692 in
1443 2629 1573 2705 itinere,
1598 2630 1653 2694 in·

435 2733 542 2815 gressi
565 2751 665 2815 quum
688 2736 798 2809 erunt,
822 2750 910 2817 genu
923 2731 975 2798 ad
999 2733 1119 2799 Altare
1142 2731 1289 2809 flectent,
1313 2742 1348 2800 et
1363 2755 1400 2801 se
1415 2737 1535 2801 sistent
1550 2755 1652 2821 prope

436 2837 526 2904 latus
549 2838 727 2924 Evangelii
751 2838 807 2904 vel
828 2838 896 2904 alio
919 2839 1004 2916 loco,
1029 2842 1085 2923 qui
1109 2842 1157 2907 eis
1180 2841 1430 2917 monstrabitur,
1455 2842 1553 2907 simul
1576 2861 1653 2907 cum

434 2945 558 3011 elerico
581 2966 714 3013 crucem
738 2952 900 3031 gestante,
924 2953 959 3013 et
981 2947 1137 3014 absoluta
1160 2950 1355 3015 recitatione
1379 2950 1434 3014 vel
1458 2956 1560 3016 cantu
1579 2970 1653 3017 ora·

434 3054 532 3117 tionis
555 3051 595 3117 de
619 3052 741 3119 Sancto
765 3053 923 3131 Patrone,
954 3052 1221 3138 genuflexionem
1255 3056 1296 3121 ad
1327 3057 1447 3122 Altare
1476 3059 1649 3135 iterantes,

436 3180 552 3224 rursus
577 3159 732 3225 redibunt
754 3161 787 3224 in
812 3159 961 3225 ordinem
985 3164 1217 3246 processionis.

523 3267 594 3332 194.
620 3266 728 3340 Quum
751 3274 887 3333 ventum
910 3270 976 3334 erit
998 3269 1039 3334 ad
1064 3271 1258 3346 Ecclesiam,
1284 3273 1318 3335 in
1342 3292 1406 3355 qua
1430 3270 1503 3337 finis
1519 3292 1654 3356 proces·

433 3375 534 3440 sionis
557 3372 623 3450 fiat,
647 3393 735 3458 genu
750 3371 838 3440 flexo
853 3382 932 3441 ante
955 3375 1075 3442 Altara
1098 3379 1320 3463 praecipuum,
1346 3378 1441 3445 ibunt
1455 3378 1497 3443 ad
1512 3379 1651 3445 abacum

434 3480 488 3545 ubi
522 3479 724 3546 candelabra
757 3481 991 3567 deponentes
1025 3491 1151 3549 stantes
1186 3485 1410 3569 expectabunt
1441 3485 1651 3552 celebrantis

432 3587 626 3653 adventum.

522 3698 594 3763 195.
618 3698 865 3764 Geniculabunt
893 3698 935 3764 ad
959 3705 1094 3765 cantum
1124 3720 1259 3785 precum
1270 3707 1321 3771 „et
1351 3703 1545 3781 orationem,
1573 3711 1649 3788 post

431 3826 512 3891 quas
536 3808 711 3891 resumptis
736 3805 955 3882 candelabris,
980 3826 1054 3871 cum
1080 3806 1282 3875 Celebranta
1306 3816 1341 3874 et
1363 3811 1526 3876 Ministris
1550 3812 1583 3875 in
1600 3830 1651 3875 sa·

432 3915 576 3979 crarium
601 3919 826 3980 revertentur.

612 4134 643 4211 ἓ.
670 4129 787 4195 1919
805 4129 1031 4211 processione
1055 4129 1115 4198 88.
1143 4132 1310 4215 Corporis
1337 4136 1469 4204 Christi

694 4245 726 4305 at
748 4239 932 4305 incederit
955 4259 1036 4306 cum
1059 4239 1119 4308 88.
1144 4242 1382 4313 Sacramenta.

520 4453 591 4521 196.
604 4454 670 4520 Sub
682 4451 781 4518 finem
797 4453 892 4518 Sacri
906 4462 1039 4540 praesto
1054 4467 1156 4525 erunt
1172 4460 1258 4545 apud
1269 4461 1407 4527 abacum
1420 4463 1645 4540 Oelabrantis,

429 4568 466 4625 ut
489 4562 692 4646 manipulum
715 4561 893 4626 detrahant
916 4563 1085 4641 Ministris,
1111 4587 1207 4650 quem
1231 4589 1332 4654 super
1348 4572 1417 4657 ipso
1435 4591 1570 4637 scamno
1589 4571 1647 4638 rel

430 4671 463 4732 in
486 4669 590 4733 abaco
615 4674 786 4752 reponent.
