4175 5717
539 775 600 848 154
995 795 1062 848 are.
1089 793 1122 846 n.

446 887 512 974 alio
536 909 726 984 Sacerdote,
751 908 1004 995 praeparabitur
1027 907 1115 973 stola
1139 907 1289 973 violacea
1318 911 1353 972 et
1387 901 1672 994 superpelliceum

445 1039 505 1104 pro
529 1019 608 1103 ipso,
634 1022 668 1082 et
693 1016 761 1080 alia
783 1015 952 1102 pelvicula
976 1017 1009 1080 in
1043 1035 1108 1099 quo
1140 1020 1284 1102 ponetur
1307 1033 1384 1100 pars
1415 1015 1577 1088 cinerum,
1613 1013 1673 1098 qui

445 1125 693 1192 benedicentur.

922 1231 967 1299 In
988 1231 1182 1316 functione.

530 1451 561 1514 6.
586 1451 623 1514 In
648 1448 808 1514 Ecclesiis
831 1467 915 1532 quae
939 1467 1101 1534 peragere
1124 1445 1267 1512 officium
1283 1450 1452 1522 tenentur,
1476 1443 1561 1510 haec
1594 1443 1673 1509 iun·

441 1558 507 1622 ctio
530 1557 707 1641 incipietur
730 1561 805 1640 post
828 1556 1001 1621 recitatam
1026 1555 1151 1621 Horam
1182 1573 1301 1619 nonam
1333 1559 1403 1618 tum
1428 1541 1527 1618 officii
1549 1549 1671 1628 divini,

441 1670 511 1729 turn
535 1663 576 1729 de
599 1662 697 1728 beata
720 1663 875 1748 Virgine.

528 1773 558 1835 7.
583 1770 674 1835 Hora
708 1771 892 1836 constituta
923 1769 1220 1856 congregabuntur
1251 1769 1366 1836 clerici
1399 1770 1433 1834 in
1466 1769 1671 1846 sacrarium,

439 1877 720 1965 superpelliceum
744 1876 885 1942 induent
908 1877 969 1942 sibi
993 1882 1028 1943 et
1052 1877 1218 1963 parabunt
1242 1876 1472 1942 Celebrantem
1500 1894 1539 1942 ac
1570 1875 1674 1942 Mini-

438 1994 537 2064 stros,
562 1992 600 2051 ut
623 2006 693 2072 cap.
718 1987 775 2052 IV.
801 2006 891 2050 num.
919 1986 968 2050 14.
993 1985 1196 2073 descriptum
1220 1991 1282 2050 est.
1308 1983 1490 2050 celebrans
1514 1985 1673 2050 circum-

437 2094 515 2161 data
545 2093 634 2159 collo
666 2092 763 2170 stola,
789 2093 948 2159 induetur
979 2093 1119 2181 pluviali
1150 2092 1311 2169 violaceo,
1337 2098 1371 2158 et
1404 2092 1552 2158 Ministri
1589 2089 1672 2160 loco

437 2201 634 2266 dalmaticae
657 2220 697 2266 ac
721 2201 902 2267 tunicellae
930 2201 1119 2266 vestientur
1149 2201 1295 2286 planetis
1328 2199 1459 2284 plicatis
1490 2199 1672 2286 violaceis,

437 2307 611 2374 dummodo
636 2309 685 2374 uti
707 2307 823 2373 licebit
845 2309 879 2372 in
911 2307 1064 2374 Ecclesia
1090 2309 1124 2372 in
1152 2327 1216 2392 qua
1247 2307 1399 2372 facienda
1433 2312 1485 2373 est
1518 2307 1670 2386 functio,

437 2436 533 2482 secus
558 2414 794 2480 ministrabunt
820 2414 897 2479 alba
927 2419 1058 2481 tantum
1092 2413 1209 2494 induti,
1233 2413 1398 2481 Diaconus
1428 2423 1542 2481 autem
1576 2415 1672 2482 stola

437 2522 602 2588 diaconali
626 2522 722 2587 albae
745 2523 963 2608 superposita.

524 2631 554 2694 8.
580 2629 863 2696 Praecedentibus
887 2629 1066 2716 Acolythis
1083 2651 1157 2696 curn
1174 2630 1383 2698 candelabris
1406 2631 1569 2714 accensis,
1583 2625 1686 2718 pro-'

433 2738 551 2805 cedent
575 2738 616 2804 ad
639 2739 759 2804 Altare
783 2737 965 2804 celebrans
981 2745 1016 2805 et
1039 2739 1185 2804 Ministri
1213 2759 1233 2804 a
1256 2739 1419 2806 lateribus
1448 2741 1530 2818 eius,
1558 2743 1671 2808 susti-

336 2885 338 2889 ·
434 2853 552 2912 nentes
575 2844 721 2912 fimbrias
745 2845 914 2932 pluvialis,
939 2847 1048 2932 capite
1071 2845 1178 2912 bireto
1202 2855 1370 2934 cooperto.

522 2955 553 3017 9.
579 2954 612 3019 Si
636 2953 877 3019 transeundum
901 2955 1047 3018 sitente
1072 2953 1190 3019 Altare
1215 2955 1271 3021 SS.
1305 2955 1512 3021 Sacramenti
1548 2955 1670 3024 obser·

435 3064 568 3129 rabitur
592 3061 677 3146 quod
703 3081 773 3148 cap.
799 3063 857 3128 lV.
882 3082 971 3127 num.
995 3061 1035 3128 21
1064 3068 1216 3128 notatum
1240 3069 1302 3130 est.

524 3171 573 3234 10.
598 3170 636 3234 In
660 3168 752 3234 aditu
785 3170 879 3234 chori
910 3166 968 3233 fiet
999 3170 1099 3234 etiam
1123 3170 1209 3253 quod
1234 3190 1323 3235 num.
1347 3171 1402 3238 22.
1427 3169 1576 3238 eiusdem
1602 3193 1668 3240 ca-

433 3277 509 3362 pitis
534 3276 641 3342 relate
665 3275 705 3340 ad
731 3277 939 3342 reverentias
963 3275 1169 3361 peragendas
1193 3279 1390 3344 monuimus.

525 3383 575 3447 ll.
600 3383 745 3448 Ministri
770 3384 910 3448 chorum
933 3382 1162 3468 ingredientes
1193 3383 1360 3470 deponent
1392 3385 1502 3451 bireta
1526 3393 1561 3452 et
1584 3393 1668 3456 tra·

431 3490 511 3554 <lent
536 3489 810 3567 Caerernoniario;
837 3489 1046 3556 Celebrantis
1072 3490 1216 3556 biretum
1232 3494 1372 3579 accipiet
1389 3493 1556 3559 Diaconus
1581 3515 1665 3564 cum

431 3596 565 3674 osculis,
583 3603 618 3662 et
639 3599 847 3663 transmittet
872 3597 1148 3675 Caeremoniario‚
1166 3600 1223 3683 qui
1246 3599 1302 3666 vel
1318 3601 1388 3686 ipse
1403 3604 1505 3686 ponet
1529 3599 1588 3668 vel
1607 3623 1668 3690 po-

432 3703 541 3770 nenda
564 3704 695 3794 curabit
718 3706 751 3768 in
775 3724 909 3771 scamno
934 3704 1126 3771 Gelebranti
1150 3711 1184 3771 et
1207 3706 1369 3772 Ministris
1392 3713 1609 3793 praeparato.

522 3811 572 3877 12.
598 3811 779 3878 Celebrans
802 3832 1000 3898 progressus
1024 3833 1100 3878 cum
1124 3813 1286 3879 Ministris
1310 3819 1388 3879 ante
1413 3812 1535 3881 Altare
1562 3837 1666 3886 reve-

431 3922 573 3986 rentiam
597 3919 697 3984 faciet
719 3918 760 3983 ad
785 3919 936 3996 Grucem,
969 3920 1115 3985 Ministri
1149 3918 1427 4006 genuflexionem,
1452 3923 1507 4006 qui
1543 3929 1665 3994 tamen

430 4031 456 4093 si
482 4028 608 4093 luerint
631 4025 788 4092 Canonici
805 4028 889 4091 etin
905 4047 966 4092 sua
983 4027 1127 4093 ecclesia
1143 4030 1418 4106 ministraverint,
1444 4036 1478 4096 et
1500 4029 1565 4097 hac
1584 4035 1663 4102 vice

431 4145 465 4203 et
488 4137 641 4220 deinceps
665 4134 888 4200 reverentiam
911 4154 1050 4221 semper,
1076 4155 1141 4200 non
1165 4133 1432 4221 genuflexionem
1456 4138 1595 4206 facient.

520 4244 571 4308 13.
597 4241 778 4310 Celebrans
802 4261 876 4306 cum
901 4242 1063 4308 Ministris
1094 4242 1252 4309 ascendet
1275 4243 1315 4310 ad
1341 4244 1459 4311 Altare
1495 4253 1530 4312 et
1560 4267 1663 4316 oscu-

430 4350 556 4416 labitur
580 4350 675 4416 illud:
698 4350 843 4415 Ministri
875 4370 941 4413 non
971 4348 1207 4435 genuflectent.
1234 4352 1416 4419 Celebrans
1439 4355 1580 4422 accedet
1617 4357 1660 4424 ad

430 4457 573 4523 blissale:
605 4459 749 4524 Ministri
783 4457 962 4523 adstabunt
986 4458 1148 4524 lateribus
1181 4461 1251 4525 eius
1286 4481 1417 4546 passum
1445 4462 1519 4528 fere
1548 4484 1658 4532 unum

430 4570 504 4649 post
526 4587 611 4644 euin,
636 4589 697 4634 nec
720 4566 865 4633 fimbrias
888 4566 1045 4653 pluvialis
1062 4569 1283 4635 sustinebunt.
1301 4569 1467 4636 Diaconus
1489 4577 1586 4639 stare
1599 4595 1659 4662 po·

429 4672 510 4736 terit
533 4674 567 4736 in
590 4677 694 4758 primo
717 4676 823 4760 gradu
839 4677 1002 4761 superiori
1026 4677 1053 4740 si
1077 4675 1172 4742 locus
1190 4679 1222 4742 in
1240 4678 1450 4764 suppedaneo
1478 4697 1544 4744 non
1570 4683 1658 4750 satis

430 4783 528 4844 esset.
