4175 5717
607 733 646 795 14
1061 749 1127 794 mn.
1153 750 1188 795 n.

518 877 619 945 super
642 857 830 943 pavimento
853 874 992 939 parvum
1016 861 1164 941 tapetum
1188 860 1368 932 stornatum
1393 863 1471 923 ante
1493 877 1663 924 scamnum
1683 859 1739 945 ip-

519 989 590 1032 sum
613 964 867 1052 praeparabitur
890 963 993 1050 legile
1016 964 1122 1028 maius
1147 983 1222 1029 cum
1245 964 1419 1029 Breviario
1442 964 1569 1032 formae
1590 967 1738 1033 maioris:

517 1074 619 1159 legile
643 1079 754 1139 autem
777 1077 903 1137 tectum
927 1072 993 1136 crit
1016 1090 1125 1156 panno
1149 1071 1256 1136 serico
1280 1071 1402 1136 coloris
1419 1073 1618 1158 praestituti,
1638 1074 1740 1140 item-

518 1203 582 1268 que
606 1181 815 1246 Breriarium
839 1197 943 1265 parvo
966 1183 1160 1263 tegumento
1183 1177 1329 1244 ciusdem
1352 1178 1474 1244 coloris
1496 1178 1659 1246 indutum.

605 1291 636 1355 3.
661 1289 695 1354 Si
720 1287 901 1353 Celebrans
926 1289 959 1351 in
984 1288 1091 1373 primo
1115 1287 1208 1351 chori
1232 1285 1335 1352 stallo
1358 1307 1415 1352 seu
1440 1286 1653 1354 dextrorsum
1677 1305 1740 1354 sau

517 1400 756 1472 sinistrorsum,
782 1401 880 1480 prout
903 1394 1028 1460 assolet
1052 1395 1086 1458 in
1111 1413 1307 1478 unaquaque
1330 1395 1483 1472 ecclesia,
1508 1393 1634 1460 sedabit
1648 1413 1688 1460 ac
1710 1395 1741 1460 si

447 1541 450 1546 ·
518 1512 596 1571 ante
620 1502 817 1570 subsellium
832 1503 903 1567 sive
919 1500 1057 1567 stallum
1074 1500 1290 1588 praedictum,
1308 1503 1450 1587 positum
1467 1503 1533 1567 erit
1546 1497 1742 1588 genuflexo-

519 1615 613 1688 rium,
641 1631 740 1697 super
765 1611 829 1675 hoc
845 1609 1012 1674 locabitur
1027 1614 1171 1674 stratum
1188 1608 1243 1674 vol
1259 1615 1406 1696 tapetum
1419 1609 1562 1675 sericum
1579 1607 1741 1676 concolor

519 1719 626 1797 officii,
651 1722 704 1785 cui
728 1722 919 1806 imponetur
943 1719 1098 1783 cussinus
1122 1737 1226 1802 aeque
1250 1738 1289 1784 ac
1316 1719 1524 1784 Breviarium
1552 1724 1739 1796 contectus,

520 1830 552 1893 in
578 1828 672 1894 sedili
689 1833 802 1892 autem
815 1825 966 1892 subsellii
982 1825 1155 1913 parabitur
1171 1827 1323 1891 cussinos
1339 1845 1399 1911 pro
1417 1825 1625 1891 celebrante.
1643 1825 1741 1903 Quod

520 1939 547 2002 si
571 1933 839 2022 genuflexerinm
863 1954 930 1999 non
954 1939 1052 2010 esset,
1077 1933 1331 2021 praeparabitur
1363 1953 1428 2018 quo
1458 1933 1554 1999 modo
1585 1935 1740 2021 superius

521 2043 561 2110 de
584 2063 717 2109 scamno
740 2063 784 2108 ex
807 2042 915 2108 latero
939 2042 1110 2128 Epistolae
1132 2042 1293 2108 traditum
1316 2047 1376 2108 est.

612 2153 642 2216 4.
667 2152 705 2216 ln
728 2151 828 2238 plano
853 2150 949 2214 chori
965 2149 1043 2214 hinc
1060 2156 1093 2215 et
1110 2149 1185 2215 inde
1201 2156 1279 2216 ante
1296 2150 1414 2216 Altero
1430 2149 1648 2236 disponentur
1663 2148 1742 2215 bina

522 2279 655 2325 scamna
679 2261 750 2324 sine
772 2257 965 2344 postergali,
990 2276 1100 2343 panno
1124 2258 1237 2324 viridis
1261 2259 1393 2334 coloris,
1418 2263 1581 2334 contecta,
1605 2259 1641 2324 in
1664 2258 1741 2344 qui-

522 2369 583 2432 bus
607 2366 769 2432 sedebunt
792 2365 1014 2451 pluvialistae.
1040 2365 1132 2442 Quae
1156 2386 1290 2432 scamna
1312 2367 1360 2432 ita
1382 2371 1460 2452 apta
1481 2372 1591 2444 erunt,
1615 2370 1654 2431 ut
1670 2365 1742 2432 sina

522 2477 604 2561 gula
627 2495 745 2561 capere
769 2480 838 2542 tres
862 2493 1022 2560 personas
1046 2476 1181 2560 possint.
1207 2474 1327 2540 Libelli
1357 2475 1400 2539 ibi
1433 2474 1497 2539 duo
1520 2472 1740 2561 parabuntur,

522 2586 576 2669 qui
601 2583 872 2669 pluvialistarum
896 2580 1119 2646 commoditati
1142 2582 1398 2678 antiphonarum
1422 2582 1644 2648 intonationes
1664 2600 1743 2648 con·

522 2694 661 2758 tineent.

611 2798 641 2863 5.
667 2799 703 2862 ln
728 2796 874 2862 sacrario
898 2795 1046 2882 pluviale
1071 2795 1260 2862 Celebranti
1284 2797 1359 2863 loco
1382 2797 1538 2863 distincto
1559 2796 1742 2884 parabitur.

524 2908 560 2971 ln
584 2911 736 2991 promptu
761 2906 861 2969 etiam
884 2909 985 2969 erunt
1008 2901 1073 2968 duo
1106 2904 1162 2969 vel
1186 2904 1407 2989 quatuorvel
1438 2905 1537 2969 etiam
1568 2925 1629 2970 sex
1660 2906 1742 2992 plu-

524 3015 625 3078 vialia
648 3033 708 3098 pro
724 3012 926 3098 pluvialistis
944 3009 1002 3097 (a);
1021 3016 1055 3076 et
1070 3011 1315 3098 superpellicea
1331 3033 1390 3098 pro
1407 3011 1640 3089 servientibus,
1657 3032 1744 3078 can·

525 3121 662 3186 dolabra
686 3140 760 3185 cum
785 3119 932 3184 candelis
955 3138 1015 3205 pro
1040 3119 1218 3205 acolythis,
1243 3119 1452 3185 thuribulum
1476 3139 1551 3185 cum
1574 3121 1744 3199 navicula,

526 3237 559 3294 et
582 3229 755 3294 curabitur
779 3233 816 3293 ut
838 3233 987 3314 tempore
1010 3226 1120 3293 debito
1144 3227 1178 3292 in
1202 3234 1355 3315 promptu
1379 3229 1421 3294 sit
1443 3229 1538 3314 ignis,
1567 3228 1745 3296 thuribulo

525 3334 738 3401 adhibendus.

613 3443 643 3507 6.
669 3444 706 3506 ln
730 3442 842 3507 Altari
866 3441 923 3509 SS.
949 3442 1165 3520 Sacramenti,
1190 3442 1216 3506 si
1240 3461 1310 3509 mos
1333 3444 1400 3508 crit
1428 3442 1514 3510 illud
1537 3442 1744 3522 incensandi,

526 3555 693 3638 ponentur
716 3569 776 3615 sex
799 3549 1029 3616 accendendas
1061 3549 1220 3616 candelae
1250 3553 1283 3615 in
1315 3550 1523 3617 candelabris
1553 3551 1744 3628 maioribus,

525 3679 565 3724 ac
588 3664 736 3743 ternpore
761 3662 947 3745 opportuno
969 3658 1039 3724 tela
1062 3641 1216 3744 stragula
1239 3676 1323 3743 quac
1345 3677 1491 3724 mensam
1514 3659 1671 3742 cooperit,
1693 3677 1747 3726 re·

528 3766 725 3832 movebitur.

985 3873 1049 3939 'Ic
1074 3874 1259 3958 functione

617 4090 646 4153 7.
672 4089 763 4153 Hora
786 4090 983 4174 praestituta
1007 4094 1082 4174 post
1104 4053 1338 4175 campanarum
1361 4109 1479 4155 sonum
1511 4089 1629 4155 clerus
1659 4109 1746 4156 con·

529 4197 723 4283 gregabitur
739 4197 771 4260 in
788 4197 945 4274 sacrario,
963 4202 996 4261 et
1012 4198 1237 4282 unusquisque
1253 4198 1368 4264 induet
1384 4197 1444 4263 sibi
1465 4196 1746 4284 superpelliceum

600 4375 642 4444 (o)
661 4374 746 4441 Quod
765 4374 803 4430 ad
822 4391 974 4430 numerum
995 4373 1226 4446 pluvialistarum
1246 4376 1273 4432 in
1295 4376 1447 4450 Vesperis,
1461 4395 1518 4433 non
1533 4375 1675 4434 maiorem
1689 4393 1746 4434 sex

529 4482 584 4520 uec
603 4465 745 4521 minorem
764 4464 886 4524 duobus.
906 4462 1079 4535 inspiciatur
1097 4464 1248 4537 dispositio
1274 4467 1507 4524 caeremonialia
1531 4466 1746 4540 Episcoporum

528 4553 574 4609 lib.
593 4559 618 4608 2.
638 4570 702 4626 cap.
720 4555 746 4609 3.
766 4570 843 4609 num.
865 4556 904 4608 lo.
924 4557 954 4609 ct
975 4555 1015 4608 17.
1032 4553 1155 4611 Maioris
1169 4553 1300 4612 utilitatis
1314 4573 1421 4614 caussa
1433 4555 1652 4630 dispositionem
1667 4555 1747 4615 hanc

531 4644 695 4700 referemus
715 4661 792 4699 num.
811 4647 853 4700 68.
873 4650 903 4699 et
920 4646 964 4698 69.
983 4642 1087 4716 cepitis
1106 4643 1236 4700 huiusce.
