<?xml version="1.0" encoding="UTF-8"?>
<!DOCTYPE html PUBLIC "-//W3C//DTD XHTML 1.0 Transitional//EN"
    "http://www.w3.org/TR/xhtml1/DTD/xhtml1-transitional.dtd">
<html xmlns="http://www.w3.org/1999/xhtml" xml:lang="en" lang="en">
 <head>
  <title>
</title>
<meta http-equiv="Content-Type" content="text/html;charset=utf-8" />
  <meta name='ocr-system' content='tesseract 3.04.00' />
  <meta name='ocr-capabilities' content='ocr_page ocr_carea ocr_par ocr_line ocrx_word'/>
</head>
<body>
  <div class='ocr_page' id='page_1' title='image "./manualesacrarum00martgoog_0394.png"; bbox 0 0 4175 5717; ppageno 0'>
   <div class='ocr_carea' id='block_1_1' title="bbox 520 749 1143 813">
    <p class='ocr_par' dir='ltr' id='par_1_1' title="bbox 520 749 1143 813">
     <span class='ocr_line' id='line_1_1' title="bbox 520 749 1143 813; baseline 0.002 -2"><span class='ocrx_word' id='word_1_1' title='bbox 520 749 540 811; x_wconf 81' lang='lat'><strong><em>4</em></strong></span> <span class='ocrx_word' id='word_1_2' title='bbox 944 800 946 804; x_wconf 62' lang='grc'>,</span> <span class='ocrx_word' id='word_1_3' title='bbox 975 766 1041 813; x_wconf 84' lang='lat' dir='ltr'><strong>mu.</strong></span> <span class='ocrx_word' id='word_1_4' title='bbox 1065 767 1099 812; x_wconf 93' lang='lat'><strong>11.</strong></span> <span class='ocrx_word' id='word_1_5' title='bbox 1135 753 1143 763; x_wconf 84' lang='lat'>&#39;</span> 
     </span>
    </p>
   </div>
   <div class='ocr_carea' id='block_1_2' title="bbox 429 873 1710 4722">
    <p class='ocr_par' dir='ltr' id='par_1_2' title="bbox 430 873 1651 1174">
     <span class='ocr_line' id='line_1_2' title="bbox 518 873 1651 962; baseline 0 -22"><span class='ocrx_word' id='word_1_6' title='bbox 518 874 548 940; x_wconf 89' lang='grc'><strong>3.</strong></span> <span class='ocrx_word' id='word_1_7' title='bbox 573 873 776 958; x_wconf 84' lang='lat' dir='ltr'><strong>Quicumque</strong></span> <span class='ocrx_word' id='word_1_8' title='bbox 799 875 833 938; x_wconf 92' lang='lat' dir='ltr'><strong>in</strong></span> <span class='ocrx_word' id='word_1_9' title='bbox 856 874 960 940; x_wconf 92' lang='lat' dir='ltr'><strong>choro</strong></span> <span class='ocrx_word' id='word_1_10' title='bbox 981 873 1160 940; x_wconf 85' lang='lat' dir='ltr'><strong>adiuturus</strong></span> <span class='ocrx_word' id='word_1_11' title='bbox 1183 875 1257 950; x_wconf 91' lang='lat' dir='ltr'><strong>erit,</strong></span> <span class='ocrx_word' id='word_1_12' title='bbox 1281 874 1455 942; x_wconf 85' lang='lat' dir='ltr'><strong>ecclesiam</strong></span> <span class='ocrx_word' id='word_1_13' title='bbox 1472 877 1651 962; x_wconf 88' lang='lat' dir='ltr'><strong>ingressus</strong></span> 
     </span>
     <span class='ocr_line' id='line_1_3' title="bbox 430 979 1651 1066; baseline -0.001 -18"><span class='ocrx_word' id='word_1_14' title='bbox 430 1003 465 1048; x_wconf 91' lang='lat' dir='ltr'><strong>se</strong></span> <span class='ocrx_word' id='word_1_15' title='bbox 488 1000 574 1065; x_wconf 91' lang='lat' dir='ltr'><strong>aqua</strong></span> <span class='ocrx_word' id='word_1_16' title='bbox 595 979 769 1046; x_wconf 84' lang='lat' dir='ltr'><strong>benedicta</strong></span> <span class='ocrx_word' id='word_1_17' title='bbox 790 980 943 1066; x_wconf 78' lang='lat' dir='ltr'>signabit,</span> <span class='ocrx_word' id='word_1_18' title='bbox 959 980 1054 1046; x_wconf 89' lang='lat' dir='ltr'><strong>brevi</strong></span> <span class='ocrx_word' id='word_1_19' title='bbox 1070 979 1178 1046; x_wconf 88' lang='lat' dir='ltr'><strong>orabit</strong></span> <span class='ocrx_word' id='word_1_20' title='bbox 1199 987 1278 1046; x_wconf 87' lang='lat' dir='ltr'><strong>aute</strong></span> <span class='ocrx_word' id='word_1_21' title='bbox 1305 979 1362 1048; x_wconf 88' lang='lat' dir='ltr'><strong>SS.</strong></span> <span class='ocrx_word' id='word_1_22' title='bbox 1380 981 1651 1060; x_wconf 80' lang='lat' dir='ltr'><strong>Sacramentum,</strong></span> 
     </span>
     <span class='ocr_line' id='line_1_4' title="bbox 432 1086 1552 1174; baseline 0 -20"><span class='ocrx_word' id='word_1_23' title='bbox 432 1095 549 1174; x_wconf 84' lang='lat' dir='ltr'>perget</span> <span class='ocrx_word' id='word_1_24' title='bbox 571 1086 647 1152; x_wconf 91' lang='lat' dir='ltr'><strong>inde</strong></span> <span class='ocrx_word' id='word_1_25' title='bbox 669 1088 710 1153; x_wconf 94' lang='lat' dir='ltr'><strong>ad</strong></span> <span class='ocrx_word' id='word_1_26' title='bbox 735 1088 917 1152; x_wconf 87' lang='lat' dir='ltr'><strong>sacrarium</strong></span> <span class='ocrx_word' id='word_1_27' title='bbox 940 1093 975 1152; x_wconf 89' lang='lat' dir='ltr'><strong>et</strong></span> <span class='ocrx_word' id='word_1_28' title='bbox 997 1092 1124 1154; x_wconf 84' lang='lat' dir='ltr'><strong>vestem</strong></span> <span class='ocrx_word' id='word_1_29' title='bbox 1147 1087 1318 1154; x_wconf 89' lang='lat' dir='ltr'><strong>choralem</strong></span> <span class='ocrx_word' id='word_1_30' title='bbox 1342 1089 1457 1155; x_wconf 80' lang='lat' dir='ltr'><strong>induet</strong></span> <span class='ocrx_word' id='word_1_31' title='bbox 1479 1089 1552 1156; x_wconf 90' lang='lat' dir='ltr'><strong>sibi.</strong></span> 
     </span>
    </p>

    <p class='ocr_par' dir='ltr' id='par_1_3' title="bbox 429 1193 1654 1601">
     <span class='ocr_line' id='line_1_5' title="bbox 518 1193 1654 1282; baseline 0.003 -23"><span class='ocrx_word' id='word_1_32' title='bbox 518 1197 548 1259; x_wconf 79' lang='lat'><strong>4.</strong></span> <span class='ocrx_word' id='word_1_33' title='bbox 574 1194 681 1269; x_wconf 87' lang='lat' dir='ltr'><strong>Quum</strong></span> <span class='ocrx_word' id='word_1_34' title='bbox 708 1201 837 1279; x_wconf 88' lang='lat' dir='ltr'><strong>tempus</strong></span> <span class='ocrx_word' id='word_1_35' title='bbox 864 1195 1099 1279; x_wconf 87' lang='lat' dir='ltr'><strong>praestitutum</strong></span> <span class='ocrx_word' id='word_1_36' title='bbox 1132 1193 1249 1272; x_wconf 85' lang='lat' dir='ltr'><strong>aderit,</strong></span> <span class='ocrx_word' id='word_1_37' title='bbox 1274 1195 1363 1261; x_wconf 86' lang='lat' dir='ltr'><strong>lacta</strong></span> <span class='ocrx_word' id='word_1_38' title='bbox 1392 1197 1528 1262; x_wconf 90' lang='lat' dir='ltr'><strong>achori</strong></span> <span class='ocrx_word' id='word_1_39' title='bbox 1553 1215 1654 1282; x_wconf 89' lang='lat' dir='ltr'><strong>prae-</strong></span> 
     </span>
     <span class='ocr_line' id='line_1_6' title="bbox 430 1301 1652 1388; baseline 0 -20"><span class='ocrx_word' id='word_1_40' title='bbox 430 1304 518 1368; x_wconf 87' lang='lat' dir='ltr'><strong>fecto</strong></span> <span class='ocrx_word' id='word_1_41' title='bbox 541 1302 686 1378; x_wconf 88' lang='lat' dir='ltr'><strong>licentia,</strong></span> <span class='ocrx_word' id='word_1_42' title='bbox 711 1302 800 1366; x_wconf 91' lang='lat' dir='ltr'><strong>cerei</strong></span> <span class='ocrx_word' id='word_1_43' title='bbox 822 1301 951 1368; x_wconf 82' lang='lat' dir='ltr'><strong>Altaria</strong></span> <span class='ocrx_word' id='word_1_44' title='bbox 973 1303 1108 1366; x_wconf 90' lang='lat' dir='ltr'><strong>maioris</strong></span> <span class='ocrx_word' id='word_1_45' title='bbox 1132 1301 1186 1367; x_wconf 89' lang='lat' dir='ltr'><strong>vel</strong></span> <span class='ocrx_word' id='word_1_46' title='bbox 1211 1301 1303 1368; x_wconf 90' lang='lat' dir='ltr'><strong>illius</strong></span> <span class='ocrx_word' id='word_1_47' title='bbox 1327 1304 1360 1368; x_wconf 92' lang='lat' dir='ltr'><strong>in</strong></span> <span class='ocrx_word' id='word_1_48' title='bbox 1383 1322 1448 1388; x_wconf 94' lang='lat' dir='ltr'><strong>quo</strong></span> <span class='ocrx_word' id='word_1_49' title='bbox 1463 1309 1652 1388; x_wconf 74' lang='lat' dir='ltr'><strong>peragetur</strong></span> 
     </span>
     <span class='ocr_line' id='line_1_7' title="bbox 431 1409 1652 1496; baseline 0.001 -21"><span class='ocrx_word' id='word_1_50' title='bbox 431 1410 572 1476; x_wconf 90' lang='lat' dir='ltr'><strong>officium</strong></span> <span class='ocrx_word' id='word_1_51' title='bbox 595 1409 635 1474; x_wconf 90' lang='lat' dir='ltr'><strong>ab</strong></span> <span class='ocrx_word' id='word_1_52' title='bbox 659 1409 817 1495; x_wconf 85' lang='lat' dir='ltr'><strong>acolytho</strong></span> <span class='ocrx_word' id='word_1_53' title='bbox 852 1409 1088 1486; x_wconf 88' lang='lat' dir='ltr'><strong>accendentur;</strong></span> <span class='ocrx_word' id='word_1_54' title='bbox 1113 1409 1236 1493; x_wconf 51' lang='lat' dir='ltr'><strong>deinde,</strong></span> <span class='ocrx_word' id='word_1_55' title='bbox 1257 1411 1386 1496; x_wconf 87' lang='lat' dir='ltr'><strong>siguum</strong></span> <span class='ocrx_word' id='word_1_56' title='bbox 1418 1409 1652 1496; x_wconf 86' lang='lat' dir='ltr'><strong>proficiscendi</strong></span> 
     </span>
     <span class='ocr_line' id='line_1_8' title="bbox 429 1515 1537 1601; baseline -0.001 -18"><span class='ocrx_word' id='word_1_57' title='bbox 429 1518 470 1583; x_wconf 90' lang='lat' dir='ltr'><strong>ad</strong></span> <span class='ocrx_word' id='word_1_58' title='bbox 494 1518 632 1582; x_wconf 91' lang='lat' dir='ltr'><strong>chorum</strong></span> <span class='ocrx_word' id='word_1_59' title='bbox 655 1518 793 1582; x_wconf 86' lang='lat' dir='ltr'><strong>sacrarii</strong></span> <span class='ocrx_word' id='word_1_60' title='bbox 817 1515 1014 1601; x_wconf 87' lang='lat' dir='ltr'><strong>campanula</strong></span> <span class='ocrx_word' id='word_1_61' title='bbox 1036 1517 1217 1587; x_wconf 87' lang='lat' dir='ltr'><strong>nunciabit.</strong></span> <span class='ocrx_word' id='word_1_62' title='bbox 1534 1531 1537 1536; x_wconf 89' lang='grc'><strong><em>·</em></strong></span> 
     </span>
    </p>

    <p class='ocr_par' dir='ltr' id='par_1_4' title="bbox 430 1622 1654 2678">
     <span class='ocr_line' id='line_1_9' title="bbox 519 1622 1654 1710; baseline 0.002 -21"><span class='ocrx_word' id='word_1_63' title='bbox 519 1624 549 1689; x_wconf 89' lang='grc'><strong>5.</strong></span> <span class='ocrx_word' id='word_1_64' title='bbox 576 1623 769 1710; x_wconf 86' lang='lat' dir='ltr'><strong>Gappellani</strong></span> <span class='ocrx_word' id='word_1_65' title='bbox 794 1622 868 1700; x_wconf 92' lang='lat' dir='ltr'><strong>duo,</strong></span> <span class='ocrx_word' id='word_1_66' title='bbox 893 1626 1086 1710; x_wconf 76' lang='lat' dir='ltr'><strong>reverentia</strong></span> <span class='ocrx_word' id='word_1_67' title='bbox 1108 1623 1149 1689; x_wconf 93' lang='lat' dir='ltr'><strong>ad</strong></span> <span class='ocrx_word' id='word_1_68' title='bbox 1174 1625 1313 1691; x_wconf 82' lang='lat' dir='ltr'><strong>Crucem</strong></span> <span class='ocrx_word' id='word_1_69' title='bbox 1329 1623 1384 1690; x_wconf 85' lang='lat' dir='ltr'><strong>vel</strong></span> <span class='ocrx_word' id='word_1_70' title='bbox 1407 1624 1449 1692; x_wconf 88' lang='lat' dir='ltr'><strong>ad</strong></span> <span class='ocrx_word' id='word_1_71' title='bbox 1471 1625 1654 1710; x_wconf 79' lang='lat' dir='ltr'><strong>imaginem</strong></span> 
     </span>
     <span class='ocr_line' id='line_1_10' title="bbox 430 1731 1653 1817; baseline 0.002 -22"><span class='ocrx_word' id='word_1_72' title='bbox 430 1732 618 1817; x_wconf 85' lang='lat' dir='ltr'><strong>primariam</strong></span> <span class='ocrx_word' id='word_1_73' title='bbox 640 1733 778 1796; x_wconf 89' lang='lat' dir='ltr'><strong>sacrarii</strong></span> <span class='ocrx_word' id='word_1_74' title='bbox 808 1731 907 1809; x_wconf 85' lang='lat' dir='ltr'><strong>facta,</strong></span> <span class='ocrx_word' id='word_1_75' title='bbox 931 1731 1109 1817; x_wconf 88' lang='lat' dir='ltr'><strong>praeibunt</strong></span> <span class='ocrx_word' id='word_1_76' title='bbox 1138 1734 1259 1798; x_wconf 87' lang='lat' dir='ltr'><strong>ceteris</strong></span> <span class='ocrx_word' id='word_1_77' title='bbox 1289 1732 1449 1798; x_wconf 86' lang='lat' dir='ltr'><strong>omnibus.</strong></span> <span class='ocrx_word' id='word_1_78' title='bbox 1482 1731 1653 1798; x_wconf 86' lang='lat' dir='ltr'><strong>Procedet</strong></span> 
     </span>
     <span class='ocr_line' id='line_1_11' title="bbox 430 1819 1653 1924; baseline 0.001 -21"><span class='ocrx_word' id='word_1_79' title='bbox 430 1845 504 1924; x_wconf 88' lang='lat' dir='ltr'><strong>post</strong></span> <span class='ocrx_word' id='word_1_80' title='bbox 526 1840 612 1924; x_wconf 90' lang='lat' dir='ltr'><strong>ipsos</strong></span> <span class='ocrx_word' id='word_1_81' title='bbox 636 1837 766 1923; x_wconf 83' lang='lat' dir='ltr'><strong>dignior</strong></span> <span class='ocrx_word' id='word_1_82' title='bbox 792 1840 879 1903; x_wconf 91' lang='lat' dir='ltr'><strong>inter</strong></span> <span class='ocrx_word' id='word_1_83' title='bbox 910 1839 1049 1916; x_wconf 91' lang='lat' dir='ltr'><strong>clerum,</strong></span> <span class='ocrx_word' id='word_1_84' title='bbox 1074 1841 1169 1904; x_wconf 89' lang='lat' dir='ltr'><strong>cuius</strong></span> <span class='ocrx_word' id='word_1_85' title='bbox 1188 1819 1346 1905; x_wconf 81' lang='lat' dir='ltr'><strong>&#39;dexteris</strong></span> <span class='ocrx_word' id='word_1_86' title='bbox 1376 1839 1520 1905; x_wconf 86' lang='lat' dir='ltr'><strong>adstabit</strong></span> <span class='ocrx_word' id='word_1_87' title='bbox 1543 1838 1653 1904; x_wconf 90' lang='lat' dir='ltr'><strong>ebdo-</strong></span> 
     </span>
     <span class='ocr_line' id='line_1_12' title="bbox 432 1944 1652 2031; baseline 0.002 -22"><span class='ocrx_word' id='word_1_88' title='bbox 432 1944 607 2021; x_wconf 86' lang='lat' dir='ltr'><strong>madarius,</strong></span> <span class='ocrx_word' id='word_1_89' title='bbox 631 1965 712 2028; x_wconf 84' lang='lat' dir='ltr'><strong>quos</strong></span> <span class='ocrx_word' id='word_1_90' title='bbox 737 1946 857 2030; x_wconf 88' lang='lat' dir='ltr'><strong>reliqui</strong></span> <span class='ocrx_word' id='word_1_91' title='bbox 881 1945 997 2013; x_wconf 89' lang='lat' dir='ltr'><strong>deinde</strong></span> <span class='ocrx_word' id='word_1_92' title='bbox 1030 1965 1142 2012; x_wconf 90' lang='lat' dir='ltr'><strong>omnes</strong></span> <span class='ocrx_word' id='word_1_93' title='bbox 1173 1947 1241 2012; x_wconf 90' lang='lat' dir='ltr'><strong>bini</strong></span> <span class='ocrx_word' id='word_1_94' title='bbox 1271 1947 1525 2031; x_wconf 87' lang='lat' dir='ltr'><strong>subsequentur.</strong></span> <span class='ocrx_word' id='word_1_95' title='bbox 1551 1945 1652 2022; x_wconf 92' lang='lat' dir='ltr'><strong>Quod</strong></span> 
     </span>
     <span class='ocr_line' id='line_1_13' title="bbox 432 2052 1653 2143; baseline 0.003 -29"><span class='ocrx_word' id='word_1_96' title='bbox 432 2054 458 2115; x_wconf 84' lang='lat' dir='ltr'><strong>si</strong></span> <span class='ocrx_word' id='word_1_97' title='bbox 481 2052 669 2136; x_wconf 84' lang='lat' dir='ltr'><strong>praelectus</strong></span> <span class='ocrx_word' id='word_1_98' title='bbox 693 2053 787 2118; x_wconf 89' lang='lat' dir='ltr'><strong>chori</strong></span> <span class='ocrx_word' id='word_1_99' title='bbox 811 2053 1033 2119; x_wconf 88' lang='lat' dir='ltr'><strong>ebdomadarii</strong></span> <span class='ocrx_word' id='word_1_100' title='bbox 1057 2074 1186 2138; x_wconf 91' lang='lat' dir='ltr'><strong>quoque</strong></span> <span class='ocrx_word' id='word_1_101' title='bbox 1209 2053 1315 2143; x_wconf 79' lang='lat' dir='ltr'><strong>officio</strong></span> <span class='ocrx_word' id='word_1_102' title='bbox 1338 2054 1509 2140; x_wconf 85' lang='lat' dir='ltr'><strong>fungatur,</strong></span> <span class='ocrx_word' id='word_1_103' title='bbox 1534 2053 1576 2118; x_wconf 85' lang='lat' dir='ltr'><strong>ad</strong></span> <span class='ocrx_word' id='word_1_104' title='bbox 1602 2054 1653 2118; x_wconf 91' lang='lat' dir='ltr'><strong>si-</strong></span> 
     </span>
     <span class='ocr_line' id='line_1_14' title="bbox 434 2159 1652 2246; baseline 0.004 -22"><span class='ocrx_word' id='word_1_105' title='bbox 434 2161 571 2224; x_wconf 88' lang='lat' dir='ltr'><strong>nistram</strong></span> <span class='ocrx_word' id='word_1_106' title='bbox 595 2160 665 2225; x_wconf 91' lang='lat' dir='ltr'><strong>eius</strong></span> <span class='ocrx_word' id='word_1_107' title='bbox 689 2159 829 2226; x_wconf 87' lang='lat' dir='ltr'><strong>addetur</strong></span> <span class='ocrx_word' id='word_1_108' title='bbox 854 2161 1039 2227; x_wconf 81' lang='lat' dir='ltr'><strong>Canonicus</strong></span> <span class='ocrx_word' id='word_1_109' title='bbox 1063 2163 1239 2246; x_wconf 90' lang='lat' dir='ltr'><strong>antiquior.</strong></span> <span class='ocrx_word' id='word_1_110' title='bbox 1264 2161 1310 2227; x_wconf 81' lang='lat' dir='ltr'><strong>At</strong></span> <span class='ocrx_word' id='word_1_111' title='bbox 1337 2163 1364 2227; x_wconf 90' lang='lat' dir='ltr'><strong>si</strong></span> <span class='ocrx_word' id='word_1_112' title='bbox 1397 2159 1652 2230; x_wconf 84' lang='lat' dir='ltr'><strong>ebdomadarius</strong></span> 
     </span>
     <span class='ocr_line' id='line_1_15' title="bbox 433 2267 1653 2336; baseline 0.004 -5"><span class='ocrx_word' id='word_1_113' title='bbox 433 2287 497 2332; x_wconf 90' lang='lat' dir='ltr'><strong>non</strong></span> <span class='ocrx_word' id='word_1_114' title='bbox 522 2268 566 2331; x_wconf 88' lang='lat' dir='ltr'><strong>sit</strong></span> <span class='ocrx_word' id='word_1_115' title='bbox 589 2267 774 2334; x_wconf 79' lang='lat' dir='ltr'><strong>Cancriicus</strong></span> <span class='ocrx_word' id='word_1_116' title='bbox 799 2267 855 2334; x_wconf 87' lang='lat' dir='ltr'><strong>sed</strong></span> <span class='ocrx_word' id='word_1_117' title='bbox 880 2289 921 2334; x_wconf 82' lang='lat' dir='ltr'><strong>ex</strong></span> <span class='ocrx_word' id='word_1_118' title='bbox 947 2268 1061 2335; x_wconf 92' lang='lat' dir='ltr'><strong>ordine</strong></span> <span class='ocrx_word' id='word_1_119' title='bbox 1093 2268 1387 2335; x_wconf 89' lang='lat' dir='ltr'><strong>Beneficiariorum</strong></span> <span class='ocrx_word' id='word_1_120' title='bbox 1415 2275 1475 2334; x_wconf 90' lang='lat' dir='ltr'><strong>aut</strong></span> <span class='ocrx_word' id='word_1_121' title='bbox 1506 2269 1653 2336; x_wconf 90' lang='lat' dir='ltr'><strong>Mansio·</strong></span> 
     </span>
     <span class='ocr_line' id='line_1_16' title="bbox 433 2374 1653 2451; baseline 0.004 -14"><span class='ocrx_word' id='word_1_122' title='bbox 433 2375 557 2451; x_wconf 84' lang='lat' dir='ltr'><strong>narius,</strong></span> <span class='ocrx_word' id='word_1_123' title='bbox 582 2374 712 2440; x_wconf 85' lang='lat' dir='ltr'><strong>incedet</strong></span> <span class='ocrx_word' id='word_1_124' title='bbox 742 2395 817 2441; x_wconf 91' lang='lat' dir='ltr'><strong>cum</strong></span> <span class='ocrx_word' id='word_1_125' title='bbox 847 2375 1072 2443; x_wconf 84' lang='lat' dir='ltr'><strong>Beneficiariis</strong></span> <span class='ocrx_word' id='word_1_126' title='bbox 1094 2383 1153 2442; x_wconf 92' lang='lat' dir='ltr'><strong>aut</strong></span> <span class='ocrx_word' id='word_1_127' title='bbox 1176 2377 1409 2442; x_wconf 90' lang='lat' dir='ltr'><strong>Mansionariis</strong></span> <span class='ocrx_word' id='word_1_128' title='bbox 1443 2376 1555 2441; x_wconf 92' lang='lat' dir='ltr'><strong>locum</strong></span> <span class='ocrx_word' id='word_1_129' title='bbox 1586 2377 1653 2444; x_wconf 88' lang='lat' dir='ltr'><strong>sibi</strong></span> 
     </span>
     <span class='ocr_line' id='line_1_17' title="bbox 433 2482 1653 2569; baseline 0.004 -24"><span class='ocrx_word' id='word_1_130' title='bbox 433 2501 564 2546; x_wconf 89' lang='lat' dir='ltr'><strong>sumens</strong></span> <span class='ocrx_word' id='word_1_131' title='bbox 588 2482 643 2546; x_wconf 88' lang='lat' dir='ltr'><strong>vel</strong></span> <span class='ocrx_word' id='word_1_132' title='bbox 666 2484 807 2568; x_wconf 84' lang='lat' dir='ltr'><strong>primum</strong></span> <span class='ocrx_word' id='word_1_133' title='bbox 830 2485 919 2549; x_wconf 89' lang='lat' dir='ltr'><strong>inter</strong></span> <span class='ocrx_word' id='word_1_134' title='bbox 942 2484 1078 2561; x_wconf 85' lang='lat' dir='ltr'><strong>eos,vel</strong></span> <span class='ocrx_word' id='word_1_135' title='bbox 1102 2486 1156 2569; x_wconf 93' lang='lat' dir='ltr'><strong>qui</strong></span> <span class='ocrx_word' id='word_1_136' title='bbox 1180 2483 1220 2550; x_wconf 90' lang='lat' dir='ltr'><strong>ad</strong></span> <span class='ocrx_word' id='word_1_137' title='bbox 1245 2486 1351 2569; x_wconf 90' lang='lat' dir='ltr'><strong>ipsum</strong></span> <span class='ocrx_word' id='word_1_138' title='bbox 1374 2488 1569 2568; x_wconf 71' lang='lat' dir='ltr'><strong>spectator</strong></span> <span class='ocrx_word' id='word_1_139' title='bbox 1595 2503 1653 2550; x_wconf 84' lang='lat' dir='ltr'><strong>an·</strong></span> 
     </span>
     <span class='ocr_line' id='line_1_18' title="bbox 434 2589 1480 2678; baseline 0 -24"><span class='ocrx_word' id='word_1_140' title='bbox 434 2589 596 2672; x_wconf 86' lang='lat' dir='ltr'><strong>tiquitate,</strong></span> <span class='ocrx_word' id='word_1_141' title='bbox 621 2591 716 2655; x_wconf 82' lang='lat' dir='ltr'><strong>iuxta</strong></span> <span class='ocrx_word' id='word_1_142' title='bbox 739 2611 847 2657; x_wconf 92' lang='lat' dir='ltr'><strong>mores</strong></span> <span class='ocrx_word' id='word_1_143' title='bbox 871 2599 905 2657; x_wconf 88' lang='lat' dir='ltr'><strong>et</strong></span> <span class='ocrx_word' id='word_1_144' title='bbox 927 2591 1020 2678; x_wconf 89' lang='lat' dir='ltr'><strong>leges</strong></span> <span class='ocrx_word' id='word_1_145' title='bbox 1046 2593 1302 2676; x_wconf 90' lang='lat' dir='ltr'><strong>uniuscuiusque</strong></span> <span class='ocrx_word' id='word_1_146' title='bbox 1327 2590 1480 2676; x_wconf 84' lang='lat' dir='ltr'><strong>Capituli.</strong></span> 
     </span>
    </p>

    <p class='ocr_par' dir='ltr' id='par_1_5' title="bbox 433 2697 1657 3430">
     <span class='ocr_line' id='line_1_19' title="bbox 522 2697 1652 2786; baseline 0.005 -24"><span class='ocrx_word' id='word_1_147' title='bbox 522 2699 552 2762; x_wconf 87' lang='grc'><strong>6.</strong></span> <span class='ocrx_word' id='word_1_148' title='bbox 578 2697 727 2772; x_wconf 87' lang='lat' dir='ltr'><strong>Quidue</strong></span> <span class='ocrx_word' id='word_1_149' title='bbox 751 2698 946 2785; x_wconf 77' lang='lat' dir='ltr'><strong>cappellani</strong></span> <span class='ocrx_word' id='word_1_150' title='bbox 970 2699 1159 2785; x_wconf 87' lang='lat' dir='ltr'><strong>Gapitulum</strong></span> <span class='ocrx_word' id='word_1_151' title='bbox 1182 2719 1241 2766; x_wconf 90' lang='lat' dir='ltr'><strong>seu</strong></span> <span class='ocrx_word' id='word_1_152' title='bbox 1266 2699 1400 2766; x_wconf 81' lang='lat' dir='ltr'><strong>Clarum</strong></span> <span class='ocrx_word' id='word_1_153' title='bbox 1431 2699 1652 2786; x_wconf 86' lang='lat' dir='ltr'><strong>praecedunt,</strong></span> 
     </span>
     <span class='ocr_line' id='line_1_20' title="bbox 435 2803 1654 2892; baseline 0.006 -25"><span class='ocrx_word' id='word_1_154' title='bbox 435 2805 602 2890; x_wconf 85' lang='lat' dir='ltr'><strong>progressi</strong></span> <span class='ocrx_word' id='word_1_155' title='bbox 625 2810 703 2870; x_wconf 89' lang='lat' dir='ltr'><strong>ante</strong></span> <span class='ocrx_word' id='word_1_156' title='bbox 727 2804 845 2871; x_wconf 84' lang='lat' dir='ltr'><strong>Altare</strong></span> <span class='ocrx_word' id='word_1_157' title='bbox 860 2808 966 2872; x_wconf 87' lang='lat' dir='ltr'><strong>maius</strong></span> <span class='ocrx_word' id='word_1_158' title='bbox 982 2827 1041 2874; x_wconf 90' lang='lat' dir='ltr'><strong>seu</strong></span> <span class='ocrx_word' id='word_1_159' title='bbox 1057 2808 1162 2882; x_wconf 92' lang='lat' dir='ltr'><strong>chori,</strong></span> <span class='ocrx_word' id='word_1_160' title='bbox 1178 2803 1444 2892; x_wconf 77' lang='lat' dir='ltr'><strong>genuflexionem</strong></span> <span class='ocrx_word' id='word_1_161' title='bbox 1459 2827 1654 2892; x_wconf 85' lang='lat' dir='ltr'><strong>exsequen-</strong></span> 
     </span>
     <span class='ocr_line' id='line_1_21' title="bbox 434 2912 1654 3000; baseline 0.002 -21"><span class='ocrx_word' id='word_1_162' title='bbox 434 2920 501 2988; x_wconf 88' lang='lat' dir='ltr'><strong>tur,</strong></span> <span class='ocrx_word' id='word_1_163' title='bbox 518 2912 644 2996; x_wconf 92' lang='lat' dir='ltr'><strong>sibique</strong></span> <span class='ocrx_word' id='word_1_164' title='bbox 660 2920 775 2978; x_wconf 88' lang='lat' dir='ltr'><strong>mutua</strong></span> <span class='ocrx_word' id='word_1_165' title='bbox 792 2914 881 2979; x_wconf 84' lang='lat' dir='ltr'><strong>lacta</strong></span> <span class='ocrx_word' id='word_1_166' title='bbox 896 2916 1096 2989; x_wconf 85' lang='lat' dir='ltr'><strong>reverentia,</strong></span> <span class='ocrx_word' id='word_1_167' title='bbox 1114 2934 1210 2980; x_wconf 92' lang='lat' dir='ltr'><strong>suum</strong></span> <span class='ocrx_word' id='word_1_168' title='bbox 1226 2913 1337 2980; x_wconf 91' lang='lat' dir='ltr'><strong>locum</strong></span> <span class='ocrx_word' id='word_1_169' title='bbox 1353 2913 1499 2992; x_wconf 68' lang='lat' dir='ltr'><strong>adibunt</strong></span> <span class='ocrx_word' id='word_1_170' title='bbox 1509 2913 1654 3000; x_wconf 94' lang='lat' dir='ltr'><strong>idipsum</strong></span> 
     </span>
     <span class='ocr_line' id='line_1_22' title="bbox 435 3019 1657 3107; baseline 0.004 -23"><span class='ocrx_word' id='word_1_171' title='bbox 435 3019 492 3086; x_wconf 88' lang='lat' dir='ltr'><strong>fiet</strong></span> <span class='ocrx_word' id='word_1_172' title='bbox 514 3040 534 3084; x_wconf 89' lang='lat' dir='ltr'><strong>a</strong></span> <span class='ocrx_word' id='word_1_173' title='bbox 558 3021 651 3085; x_wconf 92' lang='lat' dir='ltr'><strong>chori</strong></span> <span class='ocrx_word' id='word_1_174' title='bbox 674 3021 844 3106; x_wconf 83' lang='lat' dir='ltr'><strong>praelecto</strong></span> <span class='ocrx_word' id='word_1_175' title='bbox 866 3029 901 3087; x_wconf 92' lang='lat' dir='ltr'><strong>et</strong></span> <span class='ocrx_word' id='word_1_176' title='bbox 923 3042 944 3086; x_wconf 93' lang='lat' dir='ltr'><strong>a</strong></span> <span class='ocrx_word' id='word_1_177' title='bbox 966 3021 1114 3106; x_wconf 90' lang='lat' dir='ltr'><strong>reliquis,</strong></span> <span class='ocrx_word' id='word_1_178' title='bbox 1139 3023 1360 3088; x_wconf 85' lang='lat' dir='ltr'><strong>reverentiam</strong></span> <span class='ocrx_word' id='word_1_179' title='bbox 1376 3022 1431 3088; x_wconf 88' lang='lat' dir='ltr'><strong>vel</strong></span> <span class='ocrx_word' id='word_1_180' title='bbox 1447 3019 1657 3107; x_wconf 86' lang='lat' dir='ltr'><strong>genuflexio-</strong></span> 
     </span>
     <span class='ocr_line' id='line_1_23' title="bbox 433 3127 1656 3214; baseline 0.006 -23"><span class='ocrx_word' id='word_1_181' title='bbox 433 3145 512 3191; x_wconf 87' lang='lat' dir='ltr'><strong>nem</strong></span> <span class='ocrx_word' id='word_1_182' title='bbox 535 3127 714 3204; x_wconf 89' lang='lat' dir='ltr'><strong>efficiendo,</strong></span> <span class='ocrx_word' id='word_1_183' title='bbox 741 3130 835 3194; x_wconf 83' lang='lat' dir='ltr'><strong>iuxta</strong></span> <span class='ocrx_word' id='word_1_184' title='bbox 856 3128 995 3214; x_wconf 90' lang='lat' dir='ltr'><strong>gradum</strong></span> <span class='ocrx_word' id='word_1_185' title='bbox 1018 3129 1060 3194; x_wconf 95' lang='lat' dir='ltr'><strong>ad</strong></span> <span class='ocrx_word' id='word_1_186' title='bbox 1084 3147 1180 3213; x_wconf 91' lang='lat' dir='ltr'><strong>quem</strong></span> <span class='ocrx_word' id='word_1_187' title='bbox 1202 3135 1364 3214; x_wconf 66' lang='lat' dir='ltr'><strong>spectant</strong></span> <span class='ocrx_word' id='word_1_188' title='bbox 1383 3128 1656 3198; x_wconf 84' lang='lat' dir='ltr'><strong>animadvertent</strong></span> 
     </span>
     <span class='ocr_line' id='line_1_24' title="bbox 436 3236 1656 3324; baseline 0.005 -24"><span class='ocrx_word' id='word_1_189' title='bbox 436 3241 546 3300; x_wconf 88' lang='lat' dir='ltr'><strong>autem</strong></span> <span class='ocrx_word' id='word_1_190' title='bbox 563 3256 604 3300; x_wconf 92' lang='lat' dir='ltr'><strong>ne</strong></span> <span class='ocrx_word' id='word_1_191' title='bbox 619 3255 728 3320; x_wconf 87' lang='lat' dir='ltr'><strong>genua</strong></span> <span class='ocrx_word' id='word_1_192' title='bbox 740 3239 772 3300; x_wconf 92' lang='lat' dir='ltr'><strong>in</strong></span> <span class='ocrx_word' id='word_1_193' title='bbox 790 3257 850 3301; x_wconf 91' lang='lat' dir='ltr'><strong>suo</strong></span> <span class='ocrx_word' id='word_1_194' title='bbox 862 3236 964 3301; x_wconf 89' lang='lat' dir='ltr'><strong>stallo</strong></span> <span class='ocrx_word' id='word_1_195' title='bbox 976 3245 1054 3301; x_wconf 88' lang='lat' dir='ltr'><strong>ante</strong></span> <span class='ocrx_word' id='word_1_196' title='bbox 1071 3237 1268 3303; x_wconf 79' lang='lat' dir='ltr'><strong>submittant</strong></span> <span class='ocrx_word' id='word_1_197' title='bbox 1279 3257 1375 3320; x_wconf 87' lang='lat' dir='ltr'><strong>quam</strong></span> <span class='ocrx_word' id='word_1_198' title='bbox 1388 3237 1497 3302; x_wconf 92' lang='lat' dir='ltr'><strong>locum</strong></span> <span class='ocrx_word' id='word_1_199' title='bbox 1511 3238 1656 3324; x_wconf 90' lang='lat' dir='ltr'><strong>quisque</strong></span> 
     </span>
     <span class='ocr_line' id='line_1_25' title="bbox 437 3345 973 3430; baseline 0 -22"><span class='ocrx_word' id='word_1_200' title='bbox 437 3365 532 3409; x_wconf 91' lang='lat' dir='ltr'><strong>suum</strong></span> <span class='ocrx_word' id='word_1_201' title='bbox 556 3345 703 3410; x_wconf 84' lang='lat' dir='ltr'><strong>universi</strong></span> <span class='ocrx_word' id='word_1_202' title='bbox 727 3345 973 3430; x_wconf 86' lang='lat' dir='ltr'><strong>occupaverint.</strong></span> 
     </span>
    </p>

    <p class='ocr_par' dir='ltr' id='par_1_6' title="bbox 439 3451 1710 3737">
     <span class='ocr_line' id='line_1_26' title="bbox 525 3451 1710 3538; baseline 0.006 -24"><span class='ocrx_word' id='word_1_203' title='bbox 525 3453 555 3514; x_wconf 88' lang='lat'><strong>7.</strong></span> <span class='ocrx_word' id='word_1_204' title='bbox 580 3452 673 3517; x_wconf 85' lang='lat' dir='ltr'><strong>Tunc</strong></span> <span class='ocrx_word' id='word_1_205' title='bbox 697 3451 985 3538; x_wconf 83' lang='lat' dir='ltr'><strong>adgeniculabitur</strong></span> <span class='ocrx_word' id='word_1_206' title='bbox 1008 3453 1197 3537; x_wconf 82' lang='lat' dir='ltr'><strong>praelectus</strong></span> <span class='ocrx_word' id='word_1_207' title='bbox 1220 3453 1313 3518; x_wconf 89' lang='lat' dir='ltr'><strong>chori</strong></span> <span class='ocrx_word' id='word_1_208' title='bbox 1341 3473 1479 3538; x_wconf 91' lang='lat' dir='ltr'><strong>cumque</strong></span> <span class='ocrx_word' id='word_1_209' title='bbox 1502 3473 1541 3520; x_wconf 89' lang='lat' dir='ltr'><strong>eo</strong></span> <span class='ocrx_word' id='word_1_210' title='bbox 1566 3455 1657 3520; x_wconf 92' lang='lat' dir='ltr'><strong>reli·</strong></span> <span class='ocrx_word' id='word_1_211' title='bbox 1707 3523 1710 3528; x_wconf 79' lang='grc'><strong>,</strong></span> 
     </span>
     <span class='ocr_line' id='line_1_27' title="bbox 439 3560 1658 3644; baseline 0.005 -19"><span class='ocrx_word' id='word_1_212' title='bbox 439 3562 493 3644; x_wconf 93' lang='lat' dir='ltr'><strong>qui</strong></span> <span class='ocrx_word' id='word_1_213' title='bbox 517 3580 639 3637; x_wconf 88' lang='lat' dir='ltr'><strong>omnes,</strong></span> <span class='ocrx_word' id='word_1_214' title='bbox 665 3562 912 3644; x_wconf 81' lang='lat' dir='ltr'><strong>orationemque</strong></span> <span class='ocrx_word' id='word_1_215' title='bbox 936 3560 1056 3644; x_wconf 81' lang='lat' dir='ltr'><strong>Aperi,</strong></span> <span class='ocrx_word' id='word_1_216' title='bbox 1080 3560 1236 3638; x_wconf 80' lang='lat' dir='ltr'><strong>Domine,</strong></span> <span class='ocrx_word' id='word_1_217' title='bbox 1260 3579 1298 3628; x_wconf 77' lang='lat' dir='ltr'><strong>os</strong></span> <span class='ocrx_word' id='word_1_218' title='bbox 1322 3566 1482 3628; x_wconf 78' lang='lat' dir='ltr'><strong>nostrum</strong></span> <span class='ocrx_word' id='word_1_219' title='bbox 1512 3565 1576 3626; x_wconf 90' lang='lat' dir='ltr'><strong>etc.</strong></span> <span class='ocrx_word' id='word_1_220' title='bbox 1602 3583 1658 3632; x_wconf 87' lang='lat' dir='ltr'><strong>re-</strong></span> 
     </span>
     <span class='ocr_line' id='line_1_28' title="bbox 439 3670 598 3737; baseline -0.025 -1"><span class='ocrx_word' id='word_1_221' title='bbox 439 3670 598 3737; x_wconf 87' lang='lat' dir='ltr'><strong>citabunt.</strong></span> 
     </span>
    </p>

    <p class='ocr_par' dir='ltr' id='par_1_7' title="bbox 437 3774 1656 4171">
     <span class='ocr_line' id='line_1_29' title="bbox 525 3774 1656 3862; baseline 0.003 -21"><span class='ocrx_word' id='word_1_222' title='bbox 525 3778 555 3841; x_wconf 90' lang='lat'><strong>8.</strong></span> <span class='ocrx_word' id='word_1_223' title='bbox 580 3777 650 3841; x_wconf 90' lang='lat' dir='ltr'><strong>Hac</strong></span> <span class='ocrx_word' id='word_1_224' title='bbox 673 3777 822 3840; x_wconf 87' lang='lat' dir='ltr'><strong>oratione</strong></span> <span class='ocrx_word' id='word_1_225' title='bbox 845 3776 1010 3862; x_wconf 86' lang='lat' dir='ltr'><strong>completa</strong></span> <span class='ocrx_word' id='word_1_226' title='bbox 1032 3781 1236 3862; x_wconf 84' lang='lat' dir='ltr'><strong>consurgent</strong></span> <span class='ocrx_word' id='word_1_227' title='bbox 1258 3793 1370 3840; x_wconf 89' lang='lat' dir='ltr'><strong>omnes</strong></span> <span class='ocrx_word' id='word_1_228' title='bbox 1393 3793 1432 3839; x_wconf 90' lang='lat' dir='ltr'><strong>ac</strong></span> <span class='ocrx_word' id='word_1_229' title='bbox 1455 3774 1656 3844; x_wconf 86' lang='lat' dir='ltr'><strong>brevissimo</strong></span> 
     </span>
     <span class='ocr_line' id='line_1_30' title="bbox 437 3881 1655 3972; baseline -0.004 -18"><span class='ocrx_word' id='word_1_230' title='bbox 437 3887 593 3972; x_wconf 85' lang='lat' dir='ltr'><strong>temporis</strong></span> <span class='ocrx_word' id='word_1_231' title='bbox 616 3886 721 3970; x_wconf 86' lang='lat' dir='ltr'><strong>spatio</strong></span> <span class='ocrx_word' id='word_1_232' title='bbox 745 3883 971 3963; x_wconf 90' lang='lat' dir='ltr'><strong>considebunt;</strong></span> <span class='ocrx_word' id='word_1_233' title='bbox 995 3889 1192 3971; x_wconf 89' lang='lat' dir='ltr'><strong>assurgente</strong></span> <span class='ocrx_word' id='word_1_234' title='bbox 1215 3888 1325 3948; x_wconf 90' lang='lat' dir='ltr'><strong>autem</strong></span> <span class='ocrx_word' id='word_1_235' title='bbox 1349 3882 1442 3947; x_wconf 90' lang='lat' dir='ltr'><strong>chori</strong></span> <span class='ocrx_word' id='word_1_236' title='bbox 1469 3881 1655 3972; x_wconf 86' lang='lat' dir='ltr'><strong>praefecto,</strong></span> 
     </span>
     <span class='ocr_line' id='line_1_31' title="bbox 438 3989 1656 4077; baseline 0.001 -16"><span class='ocrx_word' id='word_1_237' title='bbox 438 3996 541 4062; x_wconf 88' lang='lat' dir='ltr'><strong>ceteri</strong></span> <span class='ocrx_word' id='word_1_238' title='bbox 572 4011 684 4058; x_wconf 90' lang='lat' dir='ltr'><strong>omnes</strong></span> <span class='ocrx_word' id='word_1_239' title='bbox 715 3999 928 4077; x_wconf 87' lang='lat' dir='ltr'><strong>consurgent,</strong></span> <span class='ocrx_word' id='word_1_240' title='bbox 952 3999 986 4058; x_wconf 91' lang='lat' dir='ltr'><strong>et</strong></span> <span class='ocrx_word' id='word_1_241' title='bbox 1009 3997 1139 4058; x_wconf 89' lang='lat' dir='ltr'><strong>secreto</strong></span> <span class='ocrx_word' id='word_1_242' title='bbox 1167 3990 1356 4056; x_wconf 86' lang='lat' dir='ltr'><strong>recitabunt</strong></span> <span class='ocrx_word' id='word_1_243' title='bbox 1378 3989 1487 4058; x_wconf 81' lang='lat' dir='ltr'><strong>Pater</strong></span> <span class='ocrx_word' id='word_1_244' title='bbox 1519 3995 1656 4072; x_wconf 77' lang='lat' dir='ltr'><strong>noster,</strong></span> 
     </span>
     <span class='ocr_line' id='line_1_32' title="bbox 438 4081 1514 4171; baseline -0.009 0"><span class='ocrx_word' id='word_1_245' title='bbox 438 4105 510 4171; x_wconf 75' lang='lat' dir='ltr'><strong>Ave</strong></span> <span class='ocrx_word' id='word_1_246' title='bbox 532 4101 653 4168; x_wconf 70' lang='lat' dir='ltr'><strong>nana</strong></span> <span class='ocrx_word' id='word_1_247' title='bbox 676 4106 711 4165; x_wconf 78' lang='lat' dir='ltr'><strong>et</strong></span> <span class='ocrx_word' id='word_1_248' title='bbox 737 4100 857 4167; x_wconf 73' lang='lat' dir='ltr'><strong>oredo.</strong></span> <span class='ocrx_word' id='word_1_249' title='bbox 890 4081 896 4094; x_wconf 81' lang='grc'><em>“</em></span> <span class='ocrx_word' id='word_1_250' title='bbox 1512 4092 1514 4096; x_wconf 90' lang='grc'><strong><em>·</em></strong></span> 
     </span>
    </p>

    <p class='ocr_par' dir='ltr' id='par_1_8' title="bbox 435 4205 1657 4722">
     <span class='ocr_line' id='line_1_33' title="bbox 523 4205 1656 4292; baseline -0.002 -17"><span class='ocrx_word' id='word_1_251' title='bbox 523 4210 553 4275; x_wconf 86' lang='grc'><strong>9.</strong></span> <span class='ocrx_word' id='word_1_252' title='bbox 579 4207 837 4274; x_wconf 84' lang='lat' dir='ltr'><strong>Ebdomadarius</strong></span> <span class='ocrx_word' id='word_1_253' title='bbox 862 4208 1078 4273; x_wconf 89' lang='lat' dir='ltr'><strong>inclinabitur</strong></span> <span class='ocrx_word' id='word_1_254' title='bbox 1100 4208 1141 4273; x_wconf 89' lang='lat' dir='ltr'><strong>ad</strong></span> <span class='ocrx_word' id='word_1_255' title='bbox 1165 4208 1258 4272; x_wconf 94' lang='lat' dir='ltr'><strong>chori</strong></span> <span class='ocrx_word' id='word_1_256' title='bbox 1292 4206 1508 4292; x_wconf 85' lang='lat' dir='ltr'><strong>praelectum,</strong></span> <span class='ocrx_word' id='word_1_257' title='bbox 1532 4205 1656 4274; x_wconf 88' lang='lat' dir='ltr'><strong>deinde</strong></span> 
     </span>
     <span class='ocr_line' id='line_1_34' title="bbox 436 4313 1656 4409; baseline -0.002 -25"><span class='ocrx_word' id='word_1_258' title='bbox 436 4318 551 4384; x_wconf 82' lang='lat' dir='ltr'><strong>Crucis</strong></span> <span class='ocrx_word' id='word_1_259' title='bbox 576 4319 670 4401; x_wconf 85' lang='lat' dir='ltr'><strong>signo</strong></span> <span class='ocrx_word' id='word_1_260' title='bbox 694 4317 727 4379; x_wconf 93' lang='lat' dir='ltr'><strong>in</strong></span> <span class='ocrx_word' id='word_1_261' title='bbox 750 4316 854 4409; x_wconf 84' lang='lat' dir='ltr'><strong>labris</strong></span> <span class='ocrx_word' id='word_1_262' title='bbox 878 4335 913 4379; x_wconf 91' lang='lat' dir='ltr'><strong>se</strong></span> <span class='ocrx_word' id='word_1_263' title='bbox 937 4316 1059 4400; x_wconf 93' lang='lat' dir='ltr'><strong>pollice</strong></span> <span class='ocrx_word' id='word_1_264' title='bbox 1083 4316 1243 4388; x_wconf 86' lang='lat' dir='ltr'><strong>muniens,</strong></span> <span class='ocrx_word' id='word_1_265' title='bbox 1268 4314 1355 4379; x_wconf 83' lang='lat' dir='ltr'><strong>dicet.</strong></span> <span class='ocrx_word' id='word_1_266' title='bbox 1378 4314 1523 4380; x_wconf 82' lang='lat' dir='ltr'><strong>Domine</strong></span> <span class='ocrx_word' id='word_1_267' title='bbox 1558 4313 1656 4381; x_wconf 64' lang='lat' dir='ltr'><strong>bobia</strong></span> 
     </span>
     <span class='ocr_line' id='line_1_35' title="bbox 435 4421 1655 4508; baseline -0.002 -20"><span class='ocrx_word' id='word_1_268' title='bbox 435 4443 512 4489; x_wconf 84' lang='lat' dir='ltr'><strong>mea</strong></span> <span class='ocrx_word' id='word_1_269' title='bbox 536 4429 598 4489; x_wconf 86' lang='lat' dir='ltr'><strong>etc.</strong></span> <span class='ocrx_word' id='word_1_270' title='bbox 620 4424 654 4490; x_wconf 90' lang='lat' dir='ltr'><strong>Si</strong></span> <span class='ocrx_word' id='word_1_271' title='bbox 670 4421 920 4488; x_wconf 87' lang='lat' dir='ltr'><strong>ebdomadarius</strong></span> <span class='ocrx_word' id='word_1_272' title='bbox 936 4429 1025 4487; x_wconf 90' lang='lat' dir='ltr'><strong>esset</strong></span> <span class='ocrx_word' id='word_1_273' title='bbox 1049 4424 1117 4508; x_wconf 91' lang='lat' dir='ltr'><strong>ipse</strong></span> <span class='ocrx_word' id='word_1_274' title='bbox 1141 4423 1233 4487; x_wconf 92' lang='lat' dir='ltr'><strong>chori</strong></span> <span class='ocrx_word' id='word_1_275' title='bbox 1249 4421 1447 4507; x_wconf 84' lang='lat' dir='ltr'><strong>praelectus,</strong></span> <span class='ocrx_word' id='word_1_276' title='bbox 1472 4425 1655 4504; x_wconf 90' lang='lat' dir='ltr'><strong>antequam</strong></span> 
     </span>
     <span class='ocr_line' id='line_1_36' title="bbox 436 4527 1655 4617; baseline 0.002 -24"><span class='ocrx_word' id='word_1_277' title='bbox 436 4531 565 4594; x_wconf 87' lang='lat' dir='ltr'><strong>intonet</strong></span> <span class='ocrx_word' id='word_1_278' title='bbox 587 4531 790 4617; x_wconf 88' lang='lat' dir='ltr'><strong>praedictum</strong></span> <span class='ocrx_word' id='word_1_279' title='bbox 815 4529 1027 4605; x_wconf 89' lang='lat' dir='ltr'><strong>versiculum,</strong></span> <span class='ocrx_word' id='word_1_280' title='bbox 1053 4550 1087 4595; x_wconf 92' lang='lat' dir='ltr'><strong>se</strong></span> <span class='ocrx_word' id='word_1_281' title='bbox 1116 4527 1213 4595; x_wconf 90' lang='lat' dir='ltr'><strong>officii</strong></span> <span class='ocrx_word' id='word_1_282' title='bbox 1248 4549 1365 4595; x_wconf 86' lang='lat' dir='ltr'><strong>caussa</strong></span> <span class='ocrx_word' id='word_1_283' title='bbox 1394 4527 1434 4593; x_wconf 90' lang='lat' dir='ltr'><strong>ad</strong></span> <span class='ocrx_word' id='word_1_284' title='bbox 1466 4528 1655 4614; x_wconf 86' lang='lat' dir='ltr'><strong>digniorem</strong></span> 
     </span>
     <span class='ocr_line' id='line_1_37' title="bbox 440 4635 1657 4722; baseline 0.004 -23"><span class='ocrx_word' id='word_1_285' title='bbox 440 4635 620 4701; x_wconf 88' lang='lat' dir='ltr'><strong>inclinabit.</strong></span> <span class='ocrx_word' id='word_1_286' title='bbox 646 4639 725 4703; x_wconf 90' lang='lat' dir='ltr'><strong>Post</strong></span> <span class='ocrx_word' id='word_1_287' title='bbox 748 4640 831 4704; x_wconf 91' lang='lat' dir='ltr'><strong>haec</strong></span> <span class='ocrx_word' id='word_1_288' title='bbox 853 4638 986 4721; x_wconf 83' lang='lat' dir='ltr'><strong>signans</strong></span> <span class='ocrx_word' id='word_1_289' title='bbox 1010 4656 1083 4702; x_wconf 86' lang='lat' dir='ltr'><strong>sese</strong></span> <span class='ocrx_word' id='word_1_290' title='bbox 1106 4644 1327 4722; x_wconf 86' lang='lat' dir='ltr'><strong>prosequetur</strong></span> <span class='ocrx_word' id='word_1_291' title='bbox 1343 4636 1545 4703; x_wconf 85' lang='lat' dir='ltr'><strong>versiculum</strong></span> <span class='ocrx_word' id='word_1_292' title='bbox 1569 4635 1657 4704; x_wconf 85' lang='lat' dir='ltr'><strong>alte-</strong></span> 
     </span>
    </p>
   </div>
   <div class='ocr_carea' id='block_1_3' title="bbox 0 0 2096 5717">
    <p class='ocr_par' dir='ltr' id='par_1_9' title="bbox 0 0 2096 5717">
     <span class='ocr_line' id='line_1_38' title="bbox 0 0 2096 5717; baseline 0 0"><span class='ocrx_word' id='word_1_293' title='bbox 0 0 2096 5717; x_wconf 95' lang='lat' dir='ltr'><strong> </strong></span> 
     </span>
    </p>
   </div>
  </div>
 </body>
</html>
