4175 5717
517 761 581 822 279
981 779 1044 824 nra.
1071 777 1091 824 1.

516 887 590 951 398.
616 887 649 950 Si
672 887 727 969 qui
750 892 860 950 autem
884 895 985 950 erunt
1009 886 1201 970 baptizandi,
1227 887 1422 971 baptismum
1445 888 1513 952 illis
1546 887 1651 952 mini·

430 994 546 1060 strabit
572 996 638 1058 ritu
663 1001 776 1058 notato
799 996 834 1058 in
858 993 984 1058 Rituali
1007 993 1167 1058 Romano.

517 1101 592 1167 399.
618 1102 698 1166 Post
721 1101 980 1167 benedictionem
1005 1100 1106 1165 fontis
1130 1109 1165 1165 et
1188 1101 1339 1186 baptismi
1369 1103 1654 1168 ministrationem

430 1210 549 1275 redibit
571 1207 613 1273 ad
643 1208 762 1273 Altare
791 1209 879 1273 inter
909 1208 1089 1282 Ministros,
1114 1208 1220 1293 capite
1251 1215 1409 1293 cooperto
1443 1207 1654 1292 subsequens

433 1317 577 1382 Olenum.

518 1425 593 1489 400.
618 1423 661 1489 Ut
684 1429 820 1488 ventum
844 1425 908 1488 erit
931 1428 1008 1488 ante
1032 1422 1161 1497 Altero,
1187 1422 1325 1489 nudabit
1348 1431 1458 1509 caput,
1485 1441 1654 1489 reveren-

430 1536 509 1598 tiam
532 1530 728 1618 profundam
752 1531 852 1597 Gruci
867 1528 996 1606 efficiet,
1014 1529 1169 1624 vadetad
1186 1550 1355 1603 scamnum
1372 1531 1480 1615 ibique
1496 1529 1654 1618 pluviale

432 1639 593 1705 demittet.
1193 1695 1196 1702 .

519 1748 593 1810 401.
617 1744 749 1811 Redibit
775 1765 851 1810 cum
879 1745 1040 1811 Ministris
1073 1744 1114 1810 ad
1145 1744 1276 1820 Altare,
1300 1743 1590 1829 adgeniculabitur
1619 1749 1656 1809 et

431 1854 623 1940 procumbet
645 1872 769 1939 ponens
792 1859 892 1938 caput
914 1860 947 1918 et
971 1853 1106 1918 brachia
1130 1854 1162 1934 in
1186 1853 1320 1918 cossino
1344 1856 1514 1939 apparato.

520 1963 594 2027 402.
620 1962 653 2028 Si
677 1962 829 2027 Ecclesia
852 1960 945 2026 fonte
962 1961 1148 2047 baptismali
1164 1962 1299 2036 carebit,
1318 1967 1394 2045 post
1409 1965 1560 2026 cantatas
1579 1979 1657 2046 pro-

430 2071 567 2156 phetias,
594 2070 774 2150 Celebrans
794 2076 910 2154 perget
933 2067 974 2133 ad
997 2089 1177 2145 scamnum,
1193 2068 1363 2153 planetam
1388 2072 1422 2132 et
1444 2065 1654 2153 manipulum

432 2178 573 2263 deponet
595 2197 634 2242 ac
657 2178 768 2242 veniet
790 2181 868 2241 ante
893 2176 1020 2252 ditare,
1041 2176 1096 2241 ubi
1120 2197 1155 2240 se
1178 2182 1382 2262 prosternet.

520 2285 594 2350 403.
620 2284 680 2349 Ubi
708 2284 888 2350 celebrans
916 2304 990 2349 eum
1021 2284 1183 2349 Ministris
1207 2283 1297 2347 humi
1327 2303 1362 2346 se
1393 2282 1652 2368 prostraverint,

432 2398 584 2457 cantores
608 2390 673 2456 duo
697 2391 843 2455 Litanias
867 2392 901 2455 in
925 2390 1051 2456 Missali
1076 2396 1207 2455 notatas
1231 2409 1353 2454 canere
1379 2389 1548 2475 incipient.

520 2498 594 2561 404.
619 2497 669 2561 nd
694 2502 724 2571 l.
742 2497 948 2564 Peccatores
963 2507 1128 2582 assurget,
1145 2498 1368 2562 reverentiam
1386 2493 1585 2582 profundam
1606 2493 1657 2560 ra-

431 2609 497 2671 ciet
514 2605 622 2684 Cruci,
639 2625 658 2668 a
675 2604 818 2669 Diacono
833 2606 973 2689 accipiet
989 2604 1141 2680 biretum,
1158 2623 1222 2686 quo
1238 2611 1337 2690 caput
1355 2605 1482 2689 operiet
1502 2604 1535 2690 in
1558 2602 1653 2668 aditu

432 2712 640 2798 presbyterii,
658 2709 804 2777 discedet
819 2710 860 2775 ad
875 2713 1069 2788 sacrarium,
1094 2719 1128 2776 et
1151 2711 1292 2776 demissa
1316 2710 1405 2776 stola
1422 2710 1582 2784 violacea,
1599 2711 1655 2774 in-

431 2819 553 2884 duetur
577 2820 776 2904 paramentis
800 2817 894 2893 albis,
919 2838 1034 2904 nempe
1059 2818 1237 2903 manipulo,
1261 2819 1349 2884 stola
1373 2827 1408 2883 et
1430 2818 1568 2903 planeta
1590 2835 1654 2905 pro

435 2927 536 2991 Missa
558 2925 768 2991 celebranda.

522 3033 596 3097 405.
621 3033 753 3098 Redibit
782 3032 823 3098 ad
851 3034 969 3099 Altare
996 3041 1030 3100 et
1057 3035 1303 3120 presbyterium
1332 3032 1519 3118 ingrediens
1550 3039 1656 3118 caput

433 3143 568 3226 operiet,
593 3141 751 3207 salutabit
773 3142 908 3208 Clerum
931 3145 964 3208 in
988 3145 1101 3218 choro,
1118 3143 1276 3228 procedet
1291 3152 1370 3207 ante
1388 3141 1507 3207 Altare
1524 3147 1559 3206 et
1576 3141 1657 3208 blis-

436 3270 504 3313 sam
528 3248 731 3314 exordietur.

522 3358 595 3420 4116.
621 3357 657 3420 In
682 3358 888 3422 confessione
909 3359 1062 3423 recitabit
1078 3358 1241 3443 psalmum
1258 3357 1383 3423 Iudico
1401 3376 1454 3422 rae
1472 3356 1570 3422 Deua
1586 3362 1654 3422 etc.

434 3469 468 3529 et
491 3465 591 3528 rit-um
615 3484 674 3548 pro
699 3465 800 3529 Missa
822 3466 962 3529 solemni
986 3470 1148 3530 statutum
1173 3464 1328 3530 servabit.

521 3571 595 3639 407.
621 3571 798 3655 Postquam
814 3571 854 3636 ad
871 3573 1042 3636 introitum
1068 3570 1346 3637 thurificationem
1363 3571 1539 3656 acceperit,
1557 3575 1655 3636 stans

435 3681 467 3742 in
491 3697 595 3742 cornu
621 3677 788 3762 Epistolae
814 3678 854 3742 ad
884 3678 1027 3754 Missale,
1055 3679 1207 3744 recitabit
1232 3673 1346 3765 'Kysis
1373 3697 1447 3742 cum
1477 3677 1654 3744 Ministris:

436 3786 469 3848 in
493 3785 555 3848 hac
578 3786 665 3849 enim
689 3784 790 3848 Missa
813 3785 969 3851 introitus
994 3786 1103 3851 locum
1128 3805 1194 3851 non
1218 3786 1327 3851 babet.

523 3891 598 3954 408.
621 3889 732 3976 Kys-ic
754 3899 898 3968 cantato,
923 3895 956 3956 in
979 3892 1084 3958 medio
1109 3893 1235 3958 Altaris
1266 3892 1430 3958 intonabit
1460 3889 1583 3958 emta
1614 3893 1655 3958 in

436 3998 583 4064 carebas
607 3997 687 4064 Deo.
1566 4077 1571 4086 ¹

524 4105 597 4170 4119.
624 4105 794 4190 Completo
819 4106 989 4192 Epistolae
1017 4117 1128 4183 cantu,
1159 4114 1193 4171 et
1224 4107 1407 4173 osculanda
1442 4105 1655 4175 Subdiacono

437 4232 535 4277 manu
560 4214 646 4290 data,
671 4221 723 4278 ter
747 4222 844 4279 canet
881 4215 1158 4291 illelola,voce1n
1183 4216 1323 4301 singulis
1340 4216 1467 4281 vicibus
1488 4215 1654 4280 attollens

437 4320 626 4386 hemitonio.
652 4323 700 4387 Ac
722 4322 862 4407 singulis
887 4324 1013 4389 vicibus
1037 4325 1159 4390 chorus
1183 4324 1395 4410 respondebit
1422 4325 1584 4391 Alleluia.
1712 4341 1715 4346 ·

526 4431 599 4493 410.
625 4431 705 4495 Post
728 4431 810 4496 Poro
833 4431 974 4497 Domini
995 4434 1126 4497 omittet
1142 4433 1267 4518 Apsus
1283 4433 1356 4509 Dei,
1376 4452 1437 4498 nec
1453 4433 1541 4519 pacis
1559 4453 1658 4500 oscu-

439 4532 507 4597 lum
531 4534 629 4614 dabit,
655 4539 712 4604 sed
735 4549 804 4606 tres
829 4541 967 4605 usitatas
991 4542 1158 4606 orationes
1181 4542 1344 4607 recitabit.

527 4645 600 4708 411.
626 4646 732 4720 Qnrrm
756 4668 837 4713 vero
862 4653 1141 4716 consummaverit
1165 4658 1199 4715 et
1221 4651 1423 4748 ablutionem
1448 4652 1547 4716 etiam
1568 4671 1659 4716 sum·
