4175 5717
529 685 595 754 218
990 703 1058 752 111.
1083 703 1105 753 1.

437 819 472 880 11
493 817 568 898 post
591 810 726 877 clerum
749 829 786 876 se
807 808 908 876 addet
931 809 1124 877 Celebranti
1147 811 1387 886 sinistrorsum,
1412 809 1467 876 cui
1495 805 1664 878 fimbriam

435 920 591 1008 pluvialis
615 918 801 994 sustinebit,
825 925 859 984 et
881 916 923 983 ad
945 923 1075 1005 portam
1099 917 1271 984 Ecclesiae
1295 915 1463 1004 procedet

522 1027 598 1093 309.
623 1025 824 1094 celebrante
847 1023 889 1090 ad
913 1024 1086 1091 Ecclesiae
1110 1031 1239 1111 portam
1263 1024 1476 1104 subsistente,
1490 1023 1663 1094 ciaconus

437 1141 538 1222 caput
559 1134 709 1210 nudabit,
732 1153 894 1217 suumque
917 1132 1060 1199 biretum
1077 1131 1345 1198 caeremoniario
1362 1133 1482 1210 tradet,
1499 1131 1664 1200 transibit

434 1250 513 1309 ante
536 1241 772 1309 celebrantem
793 1261 829 1306 se
853 1240 905 1305 illi
928 1240 1104 1316 inclinans,
1129 1246 1163 1305 et
1185 1259 1206 1303 a
1229 1238 1359 1306 dextris
1382 1241 1453 1306 eius
1484 1241 1661 1308 consistet

523 1350 598 1415 310.
622 1349 773 1415 Biretum
796 1367 872 1414 cum
895 1346 1019 1412 osculis
1041 1346 1083 1412 ab
1107 1347 1177 1434 ipso
1202 1333 1351 1434 accipiet,
1368 1353 1404 1414 et
1419 1345 1582 1414 fimbriam
1605 1345 1663 1416 de·

435 1464 566 1524 xteram
589 1456 747 1544 pluvialis
770 1456 841 1520 eius
864 1453 1032 1530 sustollet,
1058 1473 1159 1538 quum
1182 1474 1301 1522 versus
1325 1455 1434 1540 ignem
1457 1459 1519 1521 aut
1536 1473 1662 1536 versus

434 1585 540 1652 grana
562 1565 673 1631 thuris
697 1563 814 1630 crucis
837 1563 967 1648 signum
989 1561 1131 1628 dextera
1155 1563 1265 1629 iaciat.

522 1673 598 1739 311.
622 1672 799 1737 incensum
821 1669 899 1736 inde
922 1671 990 1736 ritu
1013 1671 1137 1736 usitato
1160 1670 1191 1736 ei
1207 1669 1417 1748 ministrabit,
1431 1669 1659 1757 naviculaque

435 1779 654 1848 thuriferario
678 1775 817 1854 reddita,
840 1777 1066 1862 aspersorium
1100 1781 1209 1842 sumet
1232 1775 1319 1862 quod
1350 1774 1544 1844 celebranti
1572 1797 1659 1866 por-

435 1890 532 1973 riget·
557 1891 693 1972 recepto
715 1884 790 1951 dein
824 1885 1024 1970 aspersorio,
1049 1883 1161 1950 tradet
1184 1885 1214 1949 ei
1243 1884 1465 1962 thuribulum,
1496 1883 1584 1970 quod
1616 1883 1659 1952 ab

436 1997 506 2082 ipso
522 1999 726 2080 resumptum
742 1977 961 2058 thuriferario
977 1993 1144 2057 restituet.
1161 1990 1198 2056 In
1216 1992 1407 2078 aspersione
1425 1997 1539 2058 autem
1554 1997 1661 2078 atque

435 2104 469 2168 in
493 2099 741 2168 thurificatione
763 2098 927 2175 advertet,
951 2104 990 2164 ut
1005 2098 1198 2165 celebranti
1215 2096 1378 2166 fimbriam
1393 2099 1568 2166 dexteram
1584 2099 1661 2188 plu·

435 2209 533 2274 vialis
557 2207 726 2274 sustollat.

522 2315 598 2382 312,
622 2315 726 2381 Facta
749 2315 842 2401 prius
866 2312 1059 2382 celebranti
1094 2314 1294 2392 reverentia,
1318 2312 1419 2381 vadet
1439 2313 1482 2382 ad
1516 2313 1660 2382 abacum

433 2444 535 2511 prope
565 2429 695 2510 portam
729 2427 892 2508 paratum,
925 2420 1035 2504 ibique
1064 2417 1212 2486 demissis
1247 2423 1449 2507 paramentis
1483 2421 1659 2502 violaceis,

433 2531 650 2618 manipulum,
674 2529 794 2596 stolam
818 2535 852 2594 et
874 2527 1085 2594 dalmaticam
1108 2527 1175 2592 albi
1199 2527 1322 2596 coloris
1346 2528 1463 2595 induet
1491 2529 1564 2596 sibi.

521 2639 596 2705 313.
621 2639 752 2704 Rursus
774 2635 818 2702 ad
840 2634 1075 2702 Celebrantem
1099 2633 1230 2711 redibit,
1262 2637 1358 2720 eique
1387 2635 1478 2703 iacta
1507 2637 1660 2708 inclina-

433 2750 533 2824 tione,
558 2747 728 2813 incensum
752 2742 962 2809 ministrabit.
1434 2821 1441 2836 ·

520 2857 595 2922 314.
621 2851 835 2921 abscondens
858 2872 878 2917 a
901 2850 1112 2930 celebrante,
1135 2851 1332 2918 arundinem
1356 2859 1466 2920 sumet
1488 2873 1565 2920 cum
1590 2855 1659 2922 tri·

433 2982 542 3038 cereo,
566 2969 601 3027 et
623 2962 803 3027 comitante
826 2961 1055 3024 sinistrorsum
1079 2958 1238 3044 acolytho
1255 2961 1311 3044 qui
1327 2980 1463 3046 parvam
1479 2959 1658 3029 candelam

432 3090 605 3136 accensam
629 3068 727 3145 11111,
752 3073 830 3132 ante
854 3065 1087 3132 celebrantem
1111 3066 1267 3132 incedens
1280 3067 1466 3134 Ecclesiam
1489 3068 1658 3136 introibit.

521 3177 596 3242 315.
621 3176 795 3261 Ingressus
819 3175 853 3239 in
877 3173 1073 3250 Ecclesiam,
1098 3172 1295 3239 arundinem
1318 3172 1480 3252 demittet,
1509 3176 1659 3244 alteram

327 3301 329 3310 ·
434 3304 477 3349 ex
500 3284 607 3349 tribus
632 3281 778 3348 candelis
802 3282 937 3346 tricerei
959 3279 1204 3345 accendendam
1237 3280 1327 3346 dabit
1356 3281 1517 3369 acolytho
1547 3303 1659 3370 eaque

432 3411 572 3457 accensa
588 3389 734 3455 elevabit
751 3388 957 3465 arundinem,
970 3384 1174 3473 genuflectet
1188 3394 1223 3454 et
1238 3394 1336 3454 canet
1351 3388 1489 3457 Leaen
1510 3389 1656 3462 curba·

518 3497 594 3562 316.
630 3496 795 3580 assurget
827 3501 862 3561 et
885 3493 1046 3582 procedet
1078 3495 1112 3559 in
1142 3493 1282 3561 mediam
1313 3495 1510 3572 Ecclesiam,
1542 3497 1658 3566 altera

432 3603 635 3670 accendetur
658 3602 797 3669 candela
819 3609 929 3688 atque,
955 3607 993 3668 ut
1015 3607 1125 3680 antea,
1150 3602 1298 3668 cantabit
1312 3602 1449 3674 humen
1467 3604 1606 3676 christi
1619 3611 1656 3674 et

432 3709 647 3800 genuflectet.

518 3818 594 3885 317.
619 3819 708 3883 Ante
731 3816 850 3882 Altare
873 3818 1052 3882 maximum
1075 3819 1209 3884 tertiam
1233 3799 1406 3884 ca'ndelam
1435 3819 1566 3890 iubebit
1595 3841 1657 3890 ac-

433 3928 538 4005 cendi,
563 3946 602 3992 ac
624 3926 727 3991 tertio
750 3921 952 4009 genuflectet
976 3931 1138 4009 canatque
1161 3924 1299 3994 Lumen
1325 3926 1465 3996 Christi.

520 4035 595 4102 318.
621 4030 826 4098 arundinem
850 4030 973 4096 clerico
997 4032 1118 4108 tradet,
1143 4039 1251 4098 sumet
1280 4032 1402 4100 librum
1432 4033 1522 4102 unde
1551 4043 1656 4106 canat

431 4143 586 4218 Excitet,
611 4136 815 4225 geniculabit
835 4143 915 4202 ante
939 4137 1171 4205 celebrantem
1196 4141 1229 4205 in
1253 4147 1405 4206 extremo
1426 4142 1651 4230 suppedaneo,

431 4253 472 4318 ab
505 4270 609 4336 eoque
644 4245 907 4313 benedict-ionem
940 4251 1031 4330 petet
1065 4246 1177 4312 dicens
1201 4248 1297 4325 Iube,
1329 4249 1472 4326 Domae,
1502 4249 1648 4320 benedt·

430 4380 519 4426 cere.
543 4355 779 4424 Benedictione
802 4359 948 4438 accepta,
977 4353 1176 4419 deosculans
1200 4375 1332 4422 manum
1361 4356 1584 4437 celebrantis,
1608 4359 1649 4428 de

431 4467 542 4532 Alteri
575 4451 762 4541 descendet,
786 4458 989 4548 genuflectet
1012 4468 1047 4526 11
1069 4460 1109 4528 11
1144 4462 1245 4547 legile
1280 4463 1439 4551 procedet
1472 4487 1538 4553 quo
1573 4467 1661 4536 loco-

431 4575 563 4639 canitur
586 4573 816 4659 Evangelium.
841 4566 956 4636 Posito
979 4575 1013 4633 11
1035 4574 1151 4654 apert-0
1174 4569 1260 4636 libro
1284 4592 1384 4660 super
1406 4573 1512 4660 legili,
1536 4573 1648 4644 thuri-
