4175 5717
523 755 589 818 276
983 775 1048 820 nra.
1077 775 1112 820 11.

432 881 505 946 dem
521 877 664 946 officium
679 879 719 945 de
737 880 829 946 Domi
837 880 920 957 nica,
935 880 992 946 sed
1009 880 1093 945 haec
1109 879 1270 946 incideret
1294 881 1384 945 intra
1406 879 1553 964 aliquam
1570 885 1662 946 octa·

429 1011 505 1054 vam
528 989 597 1054 sive
622 989 792 1054 Ecclesiae
818 990 1027 1066 universalis,
1053 991 1123 1070 sive
1146 989 1322 1076 partialem
1346 987 1518 1054 cuiusdam
1550 987 1660 1054 eccle·

430 1098 507 1172 siae,
531 1117 591 1184 pro
615 1095 729 1163 colore
754 1095 851 1162 viridi
875 1095 1087 1162 adhibebitur
1110 1096 1206 1162 color
1229 1101 1368 1161 octavae
1392 1113 1596 1182 congruens.

780 1419 833 1475 DE
854 1417 990 1474 FESTlS
1011 1417 1323 1482 PRINCIPALIBUS,

700 1527 811 1592 QUAE
832 1527 954 1585 INTRA
972 1526 1121 1585 ANNUM
1141 1527 1394 1586 OCCURRUNT.

876 1833 1018 1900 CAPUT
1048 1833 1224 1900 XXXVII.

441 2072 469 2137 l.
495 1988 709 2188 Quaedam
733 2072 887 2157 superius
912 2070 1101 2135 notavimus
1125 2088 1167 2134 ex
1192 2065 1286 2135 festis
1310 2067 1485 2134 mobilibus
1510 2087 1575 2154 pro
1608 2087 1671 2134 sua

438 2178 663 2244 celebratione
686 2178 902 2245 solemnibus.
928 2177 1146 2243 convenienti
1163 2196 1280 2264 pompa
1298 2175 1564 2242 celebrabuntur
1582 2161 1688 2242 festa¹

438 2288 562 2372 primae
586 2286 713 2362 classis,
739 2284 899 2351 videlicet
923 2286 1080 2351 nativitas
1109 2284 1140 2350 S.
1165 2285 1302 2350 Joannis
1337 2283 1516 2371 Baptistae,
1540 2283 1671 2350 festum

441 2395 473 2460 S.
498 2393 619 2480 Joseph
643 2395 753 2480 sponsi
779 2394 815 2457 B.
848 2393 893 2458 M.
924 2393 967 2457 V.
1003 2392 1177 2458 Ecclesiae
1209 2393 1395 2458 catholicae
1424 2393 1572 2478 patroni,
1610 2389 1669 2458 SS.

444 2501 681 2587 Apostolorum
705 2502 798 2566 Petri
821 2505 856 2565 et
878 2500 976 2566 Pauli
999 2499 1108 2566 almae
1132 2501 1228 2566 Urbis
1251 2502 1485 2566 Protectorum
1502 2499 1674 2590 principa·

445 2609 538 2685 lium,
562 2609 809 2694 Assumptionis
833 2608 870 2671 B.
894 2608 1021 2672 Mariae
1044 2609 1194 2696 Virginis
1218 2614 1252 2674 et
1275 2609 1419 2674 omnium
1443 2607 1661 2676 Sanctorum.

530 2716 562 2782 2.
587 2716 707 2780 Maiori
730 2735 847 2802 pompa
870 2715 1095 2782 celebrabitur
1119 2715 1240 2782 festum
1264 2717 1413 2792 Patroni,
1438 2716 1605 2784 Titularis
1619 2739 1675 2786 eo-

447 2823 569 2894 clesiae
586 2828 620 2888 et
635 2823 901 2888 anniversarium
924 2822 1148 2900 dedicationis,
1162 2829 1277 2910 utpote
1299 2823 1435 2910 propria
1458 2823 1525 2890 loci
1551 2831 1589 2893 et
1612 2847 1674 2894 ec·

443 2931 565 2996 clesiae
588 2931 759 3014 cuiusque.

475 3051 479 3060 '
527 3039 559 3104 3.
594 3038 631 3103 ln
671 3039 901 3104 anniuersario
923 3043 1034 3104 autem
1068 3039 1285 3106 dedicationis
1319 3040 1480 3106 ecclesiae
1512 3043 1676 3129 propriae

445 3167 466 3211 a
489 3147 602 3232 primis
625 3148 774 3231 vesperis
797 3166 836 3212 ac
860 3153 930 3212 toto
954 3146 1006 3214 die
1029 3147 1115 3214 festo
1139 3148 1274 3214 accendi
1291 3148 1402 3214 solent
1417 3147 1580 3216 candelae
1591 3155 1676 3218 ante

450 3274 567 3320 cruces
590 3255 764 3341 parietum,
777 3255 811 3320 in
834 3255 952 3340 quibus
975 3275 1072 3321 sacra
1087 3258 1211 3333 unctio,
1228 3257 1489 3322 consecrationis
1505 3263 1674 3346 tempore,

442 3363 482 3426 ab
507 3362 668 3449 Episcopo
690 3369 826 3448 peracta
848 3363 923 3428 tuit.

535 3471 566 3533 4.
590 3470 628 3533 ln
651 3468 829 3556 praedictis
851 3470 967 3536 diebus
991 3469 1134 3536 officium
1157 3477 1286 3558 spectat
1308 3471 1349 3537 ad
1372 3471 1582 3558 superiorem
1612 3493 1676 3542 seu

445 3576 628 3662 digniorem
653 3577 754 3642 Cleri.

533 3684 563 3749 5.
591 3684 711 3750 Cetera
727 3684 891 3751 secundae
904 3685 1020 3751 classis
1037 3686 1123 3752 festa
1139 3688 1256 3752 minori
1272 3665 1393 3774 pompa
1405 3686 1677 3758 celebrabuntur

452 3813 552 3878 quum
576 3812 717 3876 aequum
740 3794 783 3857 sit
818 3800 855 3858 ut
878 3794 966 3860 inter
988 3794 1095 3881 prima
1118 3801 1151 3860 et
1186 3794 1332 3861 secunda
1365 3794 1500 3880 aliquod
1536 3797 1678 3866 intersit

447 3901 633 3968 discrimen.

533 4008 564 4074 6.
589 4008 629 4073 ln
654 4009 799 4072 omnium
822 4007 1021 4075 Sanctorum
1037 4009 1124 4074 festo
1147 4015 1222 4095 post
1236 4008 1404 4095 Vesperas
1421 4015 1588 4077 canentur
1605 4011 1676 4080 Ve-

445 4136 561 4202 sperae
585 4136 644 4201 pro
668 4117 812 4180 omnium
836 4115 1069 4182 defunctorum
1086 4118 1396 4183 commemoratione
1413 4117 1481 4182 ritu
1497 4115 1672 4206 descripto

446 4244 516 4311 cap.
540 4225 597 4290 IX.
622 4223 720 4289 huius
745 4223 832 4288 libri.
