4175 5717
972 689 1037 738 LlB.
1063 689 1097 738 11.

805 901 901 974 Quae
924 904 994 971 siat
1014 906 1272 989 praeparanda

525 1119 575 1182 11.
602 1117 639 1181 ln
662 1117 801 1182 sacrario
824 1119 897 1182 eius
920 1118 1091 1190 ecclcsiae.
1118 1139 1161 1186 ex
1183 1138 1248 1204 qua
1270 1119 1489 1205 processionis
1512 1119 1647 1186 initium

432 1224 499 1302 fiet,
524 1220 804 1310 praeparabuntur
826 1231 1021 1310 paramenta
1043 1226 1164 1293 coloris
1188 1227 1327 1293 violacei
1350 1245 1410 1314 pro
1441 1225 1647 1294 celebranto

434 1340 468 1399 et
491 1332 662 1404 blinistris‚
678 1329 835 1395 videlicet
858 1331 1007 1416 pluviale
1026 1352 1101 1398 cum
1117 1333 1213 1411 stola,
1230 1332 1407 1400 dalmatica
1422 1339 1457 1400 et
1472 1333 1563 1400 stola
1577 1332 1650 1400 dia-

434 1439 570 1514 conalis,
594 1437 757 1513 tunicella,
781 1439 847 1503 tria
877 1439 1022 1524 cingula,
1047 1447 1115 1506 tres
1138 1440 1244 1517 albae,
1268 1447 1337 1508 tres
1367 1443 1507 1508 amictus
1533 1447 1569 1508 et
1590 1441 1650 1510 bi-

433 1553 516 1622 reta;
535 1544 920 1631 insupersuperpellicea
941 1567 1001 1632 pro
1024 1547 1290 1626 inservientibus,
1307 1549 1442 1616 ritualia
1457 1569 1517 1616 seu
1533 1547 1648 1616 libelli

438 1656 471 1719 in
494 1673 590 1719 usum
613 1657 778 1717 cartorum
801 1671 861 1738 pro
884 1653 1071 1739 antiphonis
1095 1659 1130 1720 et
1153 1654 1302 1720 Litaniis.

523 1761 573 1825 12.
598 1759 633 1825 Si
656 1761 812 1844 processio
836 1759 994 1826 subsistet
1017 1762 1051 1825 in
1076 1761 1188 1846 aliqua
1211 1763 1362 1840 ecclesia,
1386 1782 1471 1848 quae
1501 1769 1648 1830 occurat

433 1875 466 1934 in
490 1869 618 1940 itinere,
643 1867 672 1931 in
689 1864 814 1932 libellis
837 1867 1014 1952 praedictis
1038 1875 1138 1934 erunt
1154 1870 1352 1955 antiphonae
1368 1875 1402 1937 et
1417 1869 1579 1936 versiculi
1604 1869 1648 1936 de

435 1980 557 2046 Sancto
582 1976 712 2043 Titulari
737 1978 994 2061 uniuscuiusque
1029 1978 1200 2044 ecclesiae.
1236 1979 1455 2064 Antiphonae,
1480 1979 1647 2045 versiculi

433 2097 468 2154 et
490 2087 657 2152 orationes
670 2082 885 2150 desumentur
908 2083 947 2149 de
971 2080 1136 2170 suffragiis
1155 2087 1187 2150 in
1205 2083 1320 2152 Officio
1336 2085 1456 2162 divino,
1474 2105 1543 2152 non
1559 2104 1647 2154 vero

434 2194 473 2260 de
496 2193 548 2258 die
579 2193 665 2258 festo
688 2192 946 2278 praeparabitur
969 2193 1068 2257 etiam
1092 2192 1156 2258 hoc
1179 2211 1257 2258 casu
1281 2193 1367 2258 liber
1397 2194 1589 2260 orationum
1625 2213 1647 2260 a

435 2302 632 2369 celebrante
655 2299 887 2366 recitandarum
910 2301 944 2363 in
967 2300 1117 2366 ecclesiis
1141 2300 1328 2386 praedictis.

524 2409 573 2472 13.
597 2405 701 2472 Adeit
725 2406 816 2473 Crux
839 2407 874 2471 in
895 2407 994 2472 hasta
1015 2427 1075 2493 pro
1107 2407 1215 2484 Glero,
1240 2407 1304 2473 duo
1332 2405 1536 2476 candelabra
1563 2429 1645 2476 cum

431 2514 577 2582 candelis
601 2534 659 2600 pro
673 2513 858 2600 acolythis.

523 2623 573 2686 14.
597 2622 634 2684 ln
658 2621 756 2686 lltari
779 2621 894 2686 maiori
918 2627 1086 2707 ponentur
1101 2640 1161 2688 sex
1177 2620 1467 2690 candelabrorum
1486 2621 1644 2690 candelis

432 2737 466 2796 ct
490 2730 580 2797 Crux
603 2729 714 2804 simiis,
739 2728 876 2812 pallium
895 2728 1081 2794 violaceum
1104 2748 1143 2793 ac
1166 2735 1324 2814 tapetum.

521 2836 571 2902 15.
596 2837 633 2899 ln
656 2835 754 2902 edem
777 2836 919 2901 ecclesia
944 2836 1232 2921 praeparabuntur
1254 2834 1405 2920 singulae
1430 2833 1557 2902 Cruces
1590 2856 1647 2905 re·

430 2945 597 3030 gularium
620 2961 683 3006 cun
703 2962 809 3028 panno
832 2962 977 3028 appenso
1000 2943 1122 3008 coloris
1147 2941 1288 3007 violacei
1311 2947 1344 3006 et
1367 2942 1462 3026 signa
1493 2943 1643 3010 confra-

433 3053 627 3117 ternitatum
644 3049 807 3124 letalium,
832 3051 859 3114 si
883 3050 1083 3115 intererunt.

520 3158 571 3223 16.
596 3156 754 3222 Statutur
777 3157 881 3232 locus,
902 3157 939 3226 in
963 3176 1027 3240 quo
1050 3158 1155 3242 possit
1176 3155 1334 3221 decenter
1357 3155 1427 3222 suis
1448 3155 1642 3242 insignibus

432 3264 521 3330 indui
545 3263 663 3329 clerus
687 3271 705 3328 t
728 3263 1028 3328 (tonfraternitates
1052 3265 1151 3329 etiam
1174 3261 1320 3328 laicales.
1338 3261 1567 3330 Praeciliores
1586 3263 1643 3332 di-

432 3371 626 3455 spositiones
649 3371 822 3446 omttimus,
846 3391 946 3454 quum
969 3369 1176 3456 dependeant
1199 3389 1243 3435 ex
1265 3371 1524 3436 circumstantiis
1541 3374 1644 3440 cuiu-

433 3496 513 3559 sque
537 3477 612 3553 loci,
636 3496 705 3559 qua·
726 3482 911 3563 opportuno
934 3483 1082 3562 tempore
1106 3483 1207 3542 erunt
1229 3475 1483 3564 praevidendae.

522 3584 572 3646 17.
597 3584 634 3647 ln
657 3604 756 3667 qurus
780 3584 928 3650 ecclesiis
951 3585 1118 3670 processio
1141 3585 1317 3649 stationem
1340 3583 1450 3662 faciet,
1466 3585 1502 3650 in
1520 3583 1639 3654 Altari

433 3689 547 3756 maiori
569 3689 716 3758 ardeburt
738 3711 798 3756 sex
821 3689 1030 3768 candelabra,
1055 3691 1307 3776 praeparabitur
1330 3690 1505 3756 vasculum
1525 3711 1640 3780 aquae

432 3796 622 3862 benedictae
645 3817 706 3863 cun
725 3799 906 3884 aspergillo
930 3805 964 3864 et
986 3798 1265 3884 superpelliceum
1288 3817 1349 3883 pro
1373 3797 1557 3884 Superiora
1593 3799 1642 3866 il·

436 3904 555 3970 larum.

525 4013 574 4078 18.
598 4012 635 4078 In
659 4013 782 4080 eccesia
804 4019 925 4092 autem,
949 4017 983 4080 in
1013 4036 1078 4100 qua
1111 4016 1277 4102 processio
1306 4014 1542 4102 complebitur,
1571 4015 1640 4084 At-

430 4131 503 4192 tare
527 4121 630 4186 maius
653 4122 822 4187 insuetur
845 4141 905 4188 sex
929 4121 1136 4188 candelabris
1160 4143 1234 4188 cum
1258 4121 1421 4198 candelis,
1454 4121 1565 4190 Cruce
1595 4124 1643 4190 si.

432 4232 511 4306 mili,
536 4229 637 4315 pallio
661 4228 791 4293 vioaceo
814 4235 848 4294 et
871 4236 991 4314 tapeto.
1017 4229 1054 4293 ln
1077 4230 1179 4294 abaco
1202 4235 1337 4314 praeter
1362 4248 1411 4306 ea,
1436 4247 1520 4313 quae
1550 4249 1637 4316 opus

432 4344 532 4404 erunt
554 4335 595 4401 ad
619 4335 733 4400 blissen
764 4335 953 4412 solemnem,
979 4343 1017 4402 ut
1047 4356 1116 4422 cap.
1142 4335 1199 4400 IV.
1223 4334 1424 4421 descriptum
1456 4342 1516 4413 est,
1541 4355 1640 4424 prae.

431 4446 602 4531 parabitur
626 4445 713 4508 etian
730 4442 864 4528 planeta
887 4446 1036 4510 violacea
1060 4464 1135 4510 cum
1158 4443 1327 4529 manipulo
1344 4463 1404 4529 pro
1421 4442 1636 4520 Celebrante,

433 4552 590 4637 manipuli
614 4571 673 4636 pro
696 4552 839 4617 binistris
855 4559 890 4616 et
905 4553 1079 4618 vasculum
1095 4570 1201 4633 aquae
1217 4550 1411 4616 benedictae
1433 4569 1507 4618 cum
1522 4567 1639 4634 asper.
