4175 5717
396 633 398 638 ⁸
520 655 562 723 76
697 716 700 719 .
981 673 1048 726 ms.
1074 677 1106 764 ¹2

520 787 569 850 ll.
594 786 814 869 Posteaquam
837 784 1022 871 Presbyter
1044 786 1205 851 assistens
1222 787 1416 852 recitaverit
1433 786 1559 873 Agnus
1582 783 1650 854 nei

431 915 497 963 una
520 915 595 960 cum
623 893 784 980 Episcopo
808 893 964 960 transibit
985 894 1027 961 ad
1051 893 1224 959 dexteram
1248 895 1320 960 eius
1342 900 1377 959 et
1400 894 1573 961 submittet
1594 912 1650 980 ge-

431 1026 498 1070 nua
521 1021 621 1089 super
643 999 898 1087 suppedaneum.
922 1002 1076 1068 Recitata
1092 1001 1132 1067 ab
1158 1001 1320 1089 Episcopo
1336 1001 1486 1066 oratione
1502 1001 1650 1067 Domina

432 1112 514 1179 Iesu
541 1112 686 1185 Oba-iate,
711 1109 775 1193 qui
802 1109 928 1176 dimisti
955 1116 1019 1175 etc.
1052 1115 1235 1194 consurget
1265 1108 1449 1195 Presbyter
1479 1110 1649 1184 assistens,

432 1220 580 1286 manibus
607 1217 732 1282 ‘iunctis
761 1214 880 1281 Altare
911 1216 1010 1281 simul
1039 1236 1114 1282 cum
1139 1216 1301 1303 Episcopo
1332 1215 1592 1293 deosculabitur,
1616 1221 1651 1282 et

433 1348 614 1393 conversus
637 1324 677 1391 ab
701 1325 771 1410 ipso
794 1343 907 1410 pacem
933 1325 1082 1409 recipiet.

523 1436 572 1500 12.
597 1435 678 1500 Dein
702 1429 935 1518 genuflexione
958 1432 1048 1498 facta
1063 1432 1105 1497 ad
1129 1432 1390 1509 Sacramentum,
1407 1432 1447 1499 de
1470 1432 1583 1498 Altari
1598 1431 1652 1498 de·

431 1544 568 1609 scendet
590 1551 624 1608 et
647 1543 706 1607 ibit
729 1541 770 1606 ad
793 1541 943 1616 chorum,
967 1541 1076 1625 ibique
1105 1543 1196 1628 pacis
1224 1541 1375 1607 osculum
1406 1541 1496 1607 dabit
1525 1542 1651 1627 primae

433 1651 602 1736 Dignitati
627 1651 731 1738 primo
749 1649 915 1714 Canonico
939 1668 957 1712 e
982 1648 1264 1734 Presbyterorum
1281 1648 1406 1727 ordine,
1423 1650 1593 1736 primoque
1608 1668 1653 1714 ex

432 1758 547 1823 ordine
571 1758 791 1823 Diaconorum
815 1761 849 1820 et
872 1756 976 1841 primo
1001 1775 1043 1820 ex
1068 1755 1184 1821 ordine
1208 1756 1502 1823 Subdiaconorum.
1527 1756 1562 1822 Si
1593 1756 1653 1823 (ia-

432 1868 541 1930 nonici
565 1864 716 1930 solerent
741 1864 889 1927 universi
923 1862 1072 1948 pluviale
1102 1869 1162 1928 aut
1184 1863 1354 1950 planetam
1377 1864 1525 1941 induere,
1550 1883 1651 1948 quum

432 1973 495 2037 hoc
518 1993 597 2037 casu
621 1971 763 2056 amplius
786 1987 851 2033 non
869 1968 1161 2055 distinguerentur
1183 1971 1400 2056 praebendae,
1425 1992 1540 2057 pacem
1562 1971 1654 2038 dabit

433 2082 538 2165 primo
561 2082 595 2144 in
619 2097 816 2162 unaquaque
840 2076 1063 2170 choriparte;
1087 2077 1152 2143 hoc
1176 2080 1264 2143 enim
1281 2098 1361 2145 casu
1378 2098 1584 2163 nequaquam
1598 2098 1653 2143 or·

433 2186 509 2252 dine
532 2185 740 2252 hierarchice
757 2182 934 2249 distinctae
950 2192 1063 2250 essent
1079 2184 1297 2269 praebendae.
1314 2185 1349 2251 Si
1366 2188 1421 2271 qui
1440 2206 1458 2251 e
1477 2186 1653 2255 canonicis

433 2296 638 2382 presbyteris
672 2293 712 2359 ob
745 2291 897 2358 sedilium
920 2294 1107 2378 angustiam
1131 2293 1245 2366 forent
1268 2296 1301 2358 in
1323 2293 1538 2360 'extremitate
1572 2294 1654 2360 sub-

433 2404 519 2468 sellii
552 2423 611 2468 seu
641 2400 754 2466 sedilis
787 2399 942 2465 destinati
970 2419 1031 2485 pro
1056 2399 1230 2466 canonicis
1254 2402 1409 2467 Diaconis
1433 2408 1492 2468 aut
1519 2399 1656 2472 Subdia-¹

432 2511 535 2586 conis,
549 2508 733 2593 Presbyter
748 2508 906 2573 assistens
922 2526 1036 2592 pacem
1055 2505 1146 2574 dabit
1161 2510 1260 2573 etiam
1278 2508 1445 2574 canonico
1457 2508 1655 2596 presbytero

433 2617 623 2701 antiquiori,
648 2616 703 2700 qui
727 2614 770 2681 ibi
792 2613 919 2680 sedebit
942 2614 983 2679 ad
1007 2621 1196 2680 extremum
1213 2614 1326 2701 sedile,
1345 2616 1472 2682 ordinis
1493 2615 1655 2702 praedicti

434 2720 648 2789 continuandi
676 2742 804 2799 caussa,
829 2727 900 2786 tum
930 2720 1021 2786 dabit
1045 2723 1151 2807 primo
1184 2722 1351 2788 Canonico
1382 2743 1400 2789 e
1434 2724 1654 2789 Diaconorum

435 2831 550 2896 ordine
573 2836 608 2896 et
631 2832 736 2916 primo
759 2850 803 2894 ex
826 2828 942 2894 ordine
967 2828 1262 2895 Subdiaconorum.
1653 2837 1657 2844 '

525 2939 576 3002 13.
601 2937 634 3004 Si
652 2937 1042 3021 Magistratusintererit
1059 2936 1173 3002 habitu
1190 2936 1333 3021 locoque
1352 2941 1485 3025 proprio
1508 2938 1549 3003 ad
1573 2938 1656 3003 Mis-

360 3074 364 3084 =
434 3066 503 3110 sam
528 3043 759 3131 pontificalem,
784 3043 968 3128 Presbyter
991 3045 1150 3120 assistens
1174 3063 1287 3129 pacem
1320 3048 1542 3111 instrumento
1566 3045 1657 3111 dabit
1728 3049 1731 3054 '

434 3155 504 3238 ipsi,
532 3160 567 3216 ut
590 3153 743 3237 superius
766 3149 1022 3228 declaravimus,
1047 3157 1219 3237 postquam
1236 3172 1308 3216 eam
1333 3153 1507 3218 Canonicis
1530 3154 1656 3239 paratis

438 3259 638 3343 praebuerit.

527 3368 577 3429 lt.
603 3365 765 3430 Advertat
790 3365 973 3450 Presbyter
988 3368 1147 3431 assistens
1173 3374 1210 3431 ut
1232 3364 1437 3451 genuflectat
1454 3390 1554 3453 quum
1577 3374 1657 3434 ante

439 3475 556 3538 altare
580 3473 743 3538 transibit.

527 3581 575 3644 15.
600 3581 690 3645 Binis
714 3581 868 3646 Diaconis
890 3582 1132 3659 assistentibus
1158 3591 1192 3648 et
1216 3584 1360 3652 Diacono
1385 3605 1424 3649 ac
1448 3584 1657 3652 Subdiacono

437 3688 698 3753 ministrantibus
729 3709 795 3774 pax
829 3688 962 3755 dabitur
988 3689 1028 3753 ab
1062 3690 1235 3776 Episcopo.
1266 3697 1304 3755 ut
1337 3693 1521 3778 respective
1549 3693 1657 3777 capite

439 3799 622 3861 innuemus.
1277 3865 1281 3873 .

526 3904 576 3968 16.
601 3903 784 3988 Presbyter
806 3906 965 3970 assistens
990 3911 1162 3990 postquam
1186 3927 1299 3990 pacem
1328 3905 1457 3971 dederit
1481 3907 1658 3973 Canonicis

437 4015 561 4099 paratis
584 4017 618 4077 et
641 4012 862 4096 Magistratui‚
887 4014 915 4078 si
948 4012 1065 4085 aderit,
1091 4014 1214 4079 redibit
1237 4021 1315 4079 ante
1347 4014 1475 4088 Altare,
1500 4022 1534 4080 et
1557 4035 1659 4100 genu·

436 4120 579 4185 flexione
604 4121 701 4194 factm
726 4139 839 4204 pacem
864 4118 955 4183 dabit
979 4120 1259 4196 Caeremoniario;
1285 4127 1355 4186 tum
1380 4120 1478 4185 radet
1512 4121 1553 4186 ad
1582 4123 1660 4187 Mis·

437 4228 506 4291 sale
531 4236 568 4293 ut
591 4232 708 4313 pergat
732 4228 764 4290 in
788 4227 898 4301 Missa,
923 4247 1019 4309 quam
1044 4226 1196 4302 diximus
1214 4226 1393 4311 pontificali
1419 4229 1580 4314 Episcopo
1603 4249 1655 4293 as-

438 4335 558 4399 sistere
582 4333 639 4418 (a).

510 4534 551 4597 (a)
573 4531 668 4587 Ritus]
689 4531 775 4586 dandi
789 4529 869 4602 pacis
882 4528 973 4590 osculi
995 4528 1021 4582 in
1044 4526 1143 4583 Missis
1158 4526 1372 4597 pontificalibus
1392 4530 1658 4589 :lernonstravimus
