<?xml version="1.0" encoding="UTF-8"?>
<!DOCTYPE html PUBLIC "-//W3C//DTD XHTML 1.0 Transitional//EN"
    "http://www.w3.org/TR/xhtml1/DTD/xhtml1-transitional.dtd">
<html xmlns="http://www.w3.org/1999/xhtml" xml:lang="en" lang="en">
 <head>
  <title>
</title>
<meta http-equiv="Content-Type" content="text/html;charset=utf-8" />
  <meta name='ocr-system' content='tesseract 3.04.00' />
  <meta name='ocr-capabilities' content='ocr_page ocr_carea ocr_par ocr_line ocrx_word'/>
</head>
<body>
  <div class='ocr_page' id='page_1' title='image "./manualesacrarum00martgoog_0572.png"; bbox 0 0 4175 5717; ppageno 0'>
   <div class='ocr_carea' id='block_1_1' title="bbox 532 765 1108 834">
    <p class='ocr_par' dir='ltr' id='par_1_1' title="bbox 532 765 1108 834">
     <span class='ocr_line' id='line_1_1' title="bbox 532 765 1108 834; baseline 0 -2"><span class='ocrx_word' id='word_1_1' title='bbox 532 765 594 832; x_wconf 81' lang='lat'>182</span> <span class='ocrx_word' id='word_1_2' title='bbox 984 787 1048 834; x_wconf 79' lang='lat' dir='ltr'>cns.</span> <span class='ocrx_word' id='word_1_3' title='bbox 1074 787 1108 834; x_wconf 92' lang='lat'>11.</span> 
     </span>
    </p>
   </div>
   <div class='ocr_carea' id='block_1_2' title="bbox 437 889 1673 1954">
    <p class='ocr_par' dir='ltr' id='par_1_2' title="bbox 440 889 1668 1080">
     <span class='ocr_line' id='line_1_2' title="bbox 440 889 1668 980; baseline 0.005 -22"><span class='ocrx_word' id='word_1_4' title='bbox 440 896 564 979; x_wconf 86' lang='lat' dir='ltr'>timque</span> <span class='ocrx_word' id='word_1_5' title='bbox 587 896 765 962; x_wconf 87' lang='lat' dir='ltr'>cessabunt</span> <span class='ocrx_word' id='word_1_6' title='bbox 780 915 880 980; x_wconf 91' lang='lat' dir='ltr'>quum</span> <span class='ocrx_word' id='word_1_7' title='bbox 897 896 1052 972; x_wconf 87' lang='lat' dir='ltr'>clericus,</span> <span class='ocrx_word' id='word_1_8' title='bbox 1070 896 1124 980; x_wconf 93' lang='lat' dir='ltr'>qui</span> <span class='ocrx_word' id='word_1_9' title='bbox 1142 894 1315 962; x_wconf 81' lang='lat' dir='ltr'>candelam</span> <span class='ocrx_word' id='word_1_10' title='bbox 1332 915 1506 966; x_wconf 81' lang='lat' dir='ltr'><strong>accensam</strong></span> <span class='ocrx_word' id='word_1_11' title='bbox 1523 889 1668 966; x_wconf 85' lang='lat' dir='ltr'>abscon·</span> 
     </span>
     <span class='ocr_line' id='line_1_3' title="bbox 440 1001 1641 1080; baseline -0.002 -11"><span class='ocrx_word' id='word_1_12' title='bbox 440 1001 547 1080; x_wconf 89' lang='lat' dir='ltr'>debat,</span> <span class='ocrx_word' id='word_1_13' title='bbox 574 1024 691 1070; x_wconf 89' lang='lat' dir='ltr'>rursus</span> <span class='ocrx_word' id='word_1_14' title='bbox 716 1024 788 1069; x_wconf 87' lang='lat' dir='ltr'>eam</span> <span class='ocrx_word' id='word_1_15' title='bbox 811 1004 974 1069; x_wconf 82' lang='lat' dir='ltr'>ostendet..</span> <span class='ocrx_word' id='word_1_16' title='bbox 1637 1061 1641 1066; x_wconf 88' lang='lat'>.</span> 
     </span>
    </p>

    <p class='ocr_par' dir='ltr' id='par_1_3' title="bbox 440 1111 1672 1501">
     <span class='ocr_line' id='line_1_4' title="bbox 527 1111 1670 1198; baseline 0 -20"><span class='ocrx_word' id='word_1_17' title='bbox 527 1111 581 1178; x_wconf 76' lang='grc'>28.</span> <span class='ocrx_word' id='word_1_18' title='bbox 608 1111 756 1178; x_wconf 80' lang='lat' dir='ltr'>candela</span> <span class='ocrx_word' id='word_1_19' title='bbox 777 1131 918 1178; x_wconf 87' lang='lat' dir='ltr'>accensa</span> <span class='ocrx_word' id='word_1_20' title='bbox 941 1116 1136 1188; x_wconf 86' lang='lat' dir='ltr'>monstrata,</span> <span class='ocrx_word' id='word_1_21' title='bbox 1162 1112 1273 1176; x_wconf 90' lang='lat' dir='ltr'>statim</span> <span class='ocrx_word' id='word_1_22' title='bbox 1298 1131 1411 1178; x_wconf 91' lang='lat' dir='ltr'>omnes</span> <span class='ocrx_word' id='word_1_23' title='bbox 1428 1117 1617 1198; x_wconf 86' lang='lat' dir='ltr'>eonsugent</span> <span class='ocrx_word' id='word_1_24' title='bbox 1634 1117 1670 1178; x_wconf 88' lang='lat' dir='ltr'>et</span> 
     </span>
     <span class='ocr_line' id='line_1_5' title="bbox 441 1217 1670 1303; baseline 0.004 -20"><span class='ocrx_word' id='word_1_25' title='bbox 441 1239 505 1303; x_wconf 89' lang='lat' dir='ltr'>quo</span> <span class='ocrx_word' id='word_1_26' title='bbox 530 1217 646 1284; x_wconf 81' lang='lat' dir='ltr'>ordine</span> <span class='ocrx_word' id='word_1_27' title='bbox 672 1220 704 1284; x_wconf 92' lang='lat' dir='ltr'>in</span> <span class='ocrx_word' id='word_1_28' title='bbox 729 1219 866 1284; x_wconf 88' lang='lat' dir='ltr'>chorum</span> <span class='ocrx_word' id='word_1_29' title='bbox 891 1226 1067 1296; x_wconf 84' lang='lat' dir='ltr'>venerunt,</span> <span class='ocrx_word' id='word_1_30' title='bbox 1092 1217 1206 1284; x_wconf 91' lang='lat' dir='ltr'>eodem</span> <span class='ocrx_word' id='word_1_31' title='bbox 1234 1221 1265 1283; x_wconf 93' lang='lat' dir='ltr'>in</span> <span class='ocrx_word' id='word_1_32' title='bbox 1291 1221 1472 1285; x_wconf 77' lang='lat' dir='ltr'>sacrarium</span> <span class='ocrx_word' id='word_1_33' title='bbox 1507 1219 1670 1300; x_wconf 83' lang='lat' dir='ltr'>redibunt</span> 
     </span>
     <span class='ocr_line' id='line_1_6' title="bbox 440 1326 1672 1413; baseline 0.002 -20"><span class='ocrx_word' id='word_1_34' title='bbox 440 1327 585 1394; x_wconf 75' lang='lat' dir='ltr'>candela</span> <span class='ocrx_word' id='word_1_35' title='bbox 608 1326 778 1413; x_wconf 87' lang='lat' dir='ltr'>praedicta</span> <span class='ocrx_word' id='word_1_36' title='bbox 800 1327 840 1392; x_wconf 87' lang='lat' dir='ltr'>ab</span> <span class='ocrx_word' id='word_1_37' title='bbox 863 1326 1024 1412; x_wconf 85' lang='lat' dir='ltr'>acolytho</span> <span class='ocrx_word' id='word_1_38' title='bbox 1048 1327 1266 1412; x_wconf 81' lang='lat' dir='ltr'>extinguetur</span> <span class='ocrx_word' id='word_1_39' title='bbox 1291 1333 1325 1393; x_wconf 89' lang='lat' dir='ltr'>et</span> <span class='ocrx_word' id='word_1_40' title='bbox 1349 1327 1382 1392; x_wconf 92' lang='lat' dir='ltr'>in</span> <span class='ocrx_word' id='word_1_41' title='bbox 1405 1329 1592 1394; x_wconf 88' lang='lat' dir='ltr'>sacrarium</span> <span class='ocrx_word' id='word_1_42' title='bbox 1616 1347 1672 1396; x_wconf 88' lang='lat' dir='ltr'>re·</span> 
     </span>
     <span class='ocr_line' id='line_1_7' title="bbox 441 1436 581 1501; baseline -0.014 -1"><span class='ocrx_word' id='word_1_43' title='bbox 441 1436 581 1501; x_wconf 87' lang='lat' dir='ltr'>feretur.</span> 
     </span>
    </p>

    <p class='ocr_par' dir='ltr' id='par_1_4' title="bbox 437 1542 1673 1954">
     <span class='ocr_line' id='line_1_8' title="bbox 527 1542 1670 1626; baseline 0.001 -16"><span class='ocrx_word' id='word_1_44' title='bbox 527 1543 580 1610; x_wconf 84' lang='lat'>29.</span> <span class='ocrx_word' id='word_1_45' title='bbox 605 1543 785 1626; x_wconf 84' lang='lat' dir='ltr'>Postquam</span> <span class='ocrx_word' id='word_1_46' title='bbox 809 1542 927 1609; x_wconf 79' lang='lat' dir='ltr'>clerus</span> <span class='ocrx_word' id='word_1_47' title='bbox 951 1564 969 1609; x_wconf 89' lang='lat' dir='ltr'>e</span> <span class='ocrx_word' id='word_1_48' title='bbox 993 1543 1096 1610; x_wconf 90' lang='lat' dir='ltr'>choro</span> <span class='ocrx_word' id='word_1_49' title='bbox 1125 1543 1310 1610; x_wconf 77' lang='lat' dir='ltr'>excesserit</span> <span class='ocrx_word' id='word_1_50' title='bbox 1337 1543 1670 1626; x_wconf 71' lang='lat' dir='ltr'>amovebiturcan-</span> 
     </span>
     <span class='ocr_line' id='line_1_9' title="bbox 438 1650 1671 1737; baseline 0.002 -21"><span class='ocrx_word' id='word_1_51' title='bbox 438 1650 609 1716; x_wconf 88' lang='lat' dir='ltr'>delabrum</span> <span class='ocrx_word' id='word_1_52' title='bbox 634 1651 842 1737; x_wconf 85' lang='lat' dir='ltr'>triangulare</span> <span class='ocrx_word' id='word_1_53' title='bbox 865 1671 883 1716; x_wconf 90' lang='lat' dir='ltr'>e</span> <span class='ocrx_word' id='word_1_54' title='bbox 907 1650 993 1730; x_wconf 89' lang='lat' dir='ltr'>loco,</span> <span class='ocrx_word' id='word_1_55' title='bbox 1018 1671 1082 1735; x_wconf 89' lang='lat' dir='ltr'>quo</span> <span class='ocrx_word' id='word_1_56' title='bbox 1106 1651 1248 1736; x_wconf 90' lang='lat' dir='ltr'>positum</span> <span class='ocrx_word' id='word_1_57' title='bbox 1273 1655 1355 1726; x_wconf 80' lang='lat' dir='ltr'>erat,</span> <span class='ocrx_word' id='word_1_58' title='bbox 1381 1654 1414 1715; x_wconf 89' lang='lat' dir='ltr'>et</span> <span class='ocrx_word' id='word_1_59' title='bbox 1437 1651 1613 1720; x_wconf 76' lang='lat' dir='ltr'>reseretur</span> <span class='ocrx_word' id='word_1_60' title='bbox 1634 1653 1671 1718; x_wconf 91' lang='lat' dir='ltr'>in</span> 
     </span>
     <span class='ocr_line' id='line_1_10' title="bbox 437 1758 1673 1845; baseline 0.005 -25"><span class='ocrx_word' id='word_1_61' title='bbox 437 1760 622 1824; x_wconf 84' lang='lat' dir='ltr'>sacrarium</span> <span class='ocrx_word' id='word_1_62' title='bbox 638 1765 697 1823; x_wconf 87' lang='lat' dir='ltr'>aut</span> <span class='ocrx_word' id='word_1_63' title='bbox 720 1759 754 1822; x_wconf 93' lang='lat' dir='ltr'>in</span> <span class='ocrx_word' id='word_1_64' title='bbox 777 1758 967 1826; x_wconf 80' lang='lat' dir='ltr'>cubiculum</span> <span class='ocrx_word' id='word_1_65' title='bbox 985 1760 1188 1844; x_wconf 81' lang='lat' dir='ltr'>contiguum,</span> <span class='ocrx_word' id='word_1_66' title='bbox 1215 1777 1257 1824; x_wconf 94' lang='lat' dir='ltr'>ne</span> <span class='ocrx_word' id='word_1_67' title='bbox 1279 1758 1510 1845; x_wconf 89' lang='lat' dir='ltr'>impedimento</span> <span class='ocrx_word' id='word_1_68' title='bbox 1529 1759 1575 1826; x_wconf 88' lang='lat' dir='ltr'>sit</span> <span class='ocrx_word' id='word_1_69' title='bbox 1590 1759 1673 1826; x_wconf 84' lang='lat' dir='ltr'>fun-</span> 
     </span>
     <span class='ocr_line' id='line_1_11' title="bbox 437 1865 1652 1954; baseline 0.007 -26"><span class='ocrx_word' id='word_1_70' title='bbox 437 1867 600 1930; x_wconf 78' lang='lat' dir='ltr'>ctionibus</span> <span class='ocrx_word' id='word_1_71' title='bbox 626 1867 796 1931; x_wconf 87' lang='lat' dir='ltr'>matutinis</span> <span class='ocrx_word' id='word_1_72' title='bbox 820 1867 1031 1954; x_wconf 85' lang='lat' dir='ltr'>temporibus,</span> <span class='ocrx_word' id='word_1_73' title='bbox 1058 1887 1141 1951; x_wconf 85' lang='lat' dir='ltr'>quae</span> <span class='ocrx_word' id='word_1_74' title='bbox 1167 1871 1362 1951; x_wconf 88' lang='lat' dir='ltr'>sequuntur,</span> <span class='ocrx_word' id='word_1_75' title='bbox 1388 1865 1599 1954; x_wconf 85' lang='lat' dir='ltr'>peragendis.</span> <span class='ocrx_word' id='word_1_76' title='bbox 1648 1865 1652 1872; x_wconf 83' lang='grc'><strong>’</strong></span> 
     </span>
    </p>
   </div>
   <div class='ocr_carea' id='block_1_3' title="bbox 773 2186 1324 2246">
    <p class='ocr_par' dir='ltr' id='par_1_5' title="bbox 773 2186 1324 2246">
     <span class='ocr_line' id='line_1_12' title="bbox 773 2186 1324 2246; baseline 0 -3"><span class='ocrx_word' id='word_1_77' title='bbox 773 2187 891 2244; x_wconf 75' lang='lat' dir='ltr'>annm</span> <span class='ocrx_word' id='word_1_78' title='bbox 910 2189 946 2242; x_wconf 93' lang='lat' dir='ltr'>V.</span> <span class='ocrx_word' id='word_1_79' title='bbox 967 2186 1006 2244; x_wconf 91' lang='lat' dir='ltr'>IN</span> <span class='ocrx_word' id='word_1_80' title='bbox 1026 2187 1161 2246; x_wconf 80' lang='lat' dir='ltr'><strong>COENA</strong></span> <span class='ocrx_word' id='word_1_81' title='bbox 1180 2187 1324 2245; x_wconf 82' lang='lat' dir='ltr'>DOMINI</span> 
     </span>
    </p>
   </div>
   <div class='ocr_carea' id='block_1_4' title="bbox 1010 2317 1095 2330">
    <p class='ocr_par' dir='ltr' id='par_1_6' title="bbox 1010 2317 1095 2330">
     <span class='ocr_line' id='line_1_13' title="bbox 1010 2317 1095 2330; baseline -0.012 -2"><span class='ocrx_word' id='word_1_82' title='bbox 1010 2317 1095 2330; x_wconf 64' lang='lat' dir='ltr'>u·-</span> 
     </span>
    </p>
   </div>
   <div class='ocr_carea' id='block_1_5' title="bbox 905 2489 1192 2562">
    <p class='ocr_par' dir='ltr' id='par_1_7' title="bbox 905 2489 1192 2562">
     <span class='ocr_line' id='line_1_14' title="bbox 905 2489 1192 2562; baseline -0.007 -2"><span class='ocrx_word' id='word_1_83' title='bbox 905 2489 1052 2562; x_wconf 75' lang='lat' dir='ltr'><strong>&#39;CAPUT</strong></span> <span class='ocrx_word' id='word_1_84' title='bbox 1077 2495 1192 2560; x_wconf 87' lang='lat' dir='ltr'>XXV.</span> 
     </span>
    </p>
   </div>
   <div class='ocr_carea' id='block_1_6' title="bbox 817 2710 1282 2794">
    <p class='ocr_par' dir='ltr' id='par_1_8' title="bbox 817 2710 1282 2794">
     <span class='ocr_line' id='line_1_15' title="bbox 817 2710 1282 2794; baseline -0.019 -9"><span class='ocrx_word' id='word_1_85' title='bbox 817 2713 911 2785; x_wconf 82' lang='lat' dir='ltr'>Quae</span> <span class='ocrx_word' id='word_1_86' title='bbox 932 2713 1003 2780; x_wconf 79' lang='lat' dir='ltr'>sint</span> <span class='ocrx_word' id='word_1_87' title='bbox 1024 2710 1282 2794; x_wconf 80' lang='lat' dir='ltr'>praeparanda</span> 
     </span>
    </p>
   </div>
   <div class='ocr_carea' id='block_1_7' title="bbox 395 2872 1671 4760">
    <p class='ocr_par' dir='ltr' id='par_1_9' title="bbox 395 2872 1671 4760">
     <span class='ocr_line' id='line_1_16' title="bbox 440 2872 1670 3038; baseline 0.002 -28"><span class='ocrx_word' id='word_1_88' title='bbox 440 2947 467 3010; x_wconf 88' lang='lat' dir='ltr'>I.</span> <span class='ocrx_word' id='word_1_89' title='bbox 495 2872 660 3020; x_wconf 61' lang='lat' dir='ltr'>Altera</span> <span class='ocrx_word' id='word_1_90' title='bbox 684 2947 788 3010; x_wconf 89' lang='lat' dir='ltr'>maius</span> <span class='ocrx_word' id='word_1_91' title='bbox 813 2945 1032 3010; x_wconf 85' lang='lat' dir='ltr'>exornabitur</span> <span class='ocrx_word' id='word_1_92' title='bbox 1055 2944 1175 3010; x_wconf 75' lang='lat' dir='ltr'>festis-&#39;e</span> <span class='ocrx_word' id='word_1_93' title='bbox 1192 2942 1399 3010; x_wconf 82' lang='lat' dir='ltr'>candelabris</span> <span class='ocrx_word' id='word_1_94' title='bbox 1417 2941 1587 3010; x_wconf 91' lang='lat' dir='ltr'>nobilibus</span> <span class='ocrx_word' id='word_1_95' title='bbox 1603 2965 1670 3038; x_wconf 78' lang='lat' dir='ltr'>sex</span> 
     </span>
     <span class='ocr_line' id='line_1_17' title="bbox 435 3051 1669 3130; baseline 0.001 -11"><span class='ocrx_word' id='word_1_96' title='bbox 435 3075 572 3119; x_wconf 87' lang='lat' dir='ltr'>nurnero</span> <span class='ocrx_word' id='word_1_97' title='bbox 597 3073 671 3119; x_wconf 88' lang='lat' dir='ltr'>cum</span> <span class='ocrx_word' id='word_1_98' title='bbox 695 3052 842 3119; x_wconf 85' lang='lat' dir='ltr'>candelis</span> <span class='ocrx_word' id='word_1_99' title='bbox 859 3051 943 3119; x_wconf 89' lang='lat' dir='ltr'>albis</span> <span class='ocrx_word' id='word_1_100' title='bbox 967 3059 1001 3117; x_wconf 91' lang='lat' dir='ltr'>et</span> <span class='ocrx_word' id='word_1_101' title='bbox 1025 3052 1132 3118; x_wconf 83' lang='lat' dir='ltr'>Cruce</span> <span class='ocrx_word' id='word_1_102' title='bbox 1149 3052 1247 3120; x_wconf 85' lang='lat' dir='ltr'>simili</span> <span class='ocrx_word' id='word_1_103' title='bbox 1267 3051 1485 3130; x_wconf 85' lang='lat' dir='ltr'>candelabris,</span> <span class='ocrx_word' id='word_1_104' title='bbox 1505 3059 1669 3122; x_wconf 79' lang='lat' dir='ltr'>contecta</span> 
     </span>
     <span class='ocr_line' id='line_1_18' title="bbox 434 3157 1666 3243; baseline 0.002 -17"><span class='ocrx_word' id='word_1_105' title='bbox 434 3163 509 3227; x_wconf 87' lang='lat' dir='ltr'>velo</span> <span class='ocrx_word' id='word_1_106' title='bbox 532 3162 600 3228; x_wconf 85' lang='lat' dir='ltr'>albi</span> <span class='ocrx_word' id='word_1_107' title='bbox 624 3162 755 3228; x_wconf 89' lang='lat' dir='ltr'>coloris.</span> <span class='ocrx_word' id='word_1_108' title='bbox 780 3163 921 3227; x_wconf 82' lang='lat' dir='ltr'>Praeter</span> <span class='ocrx_word' id='word_1_109' title='bbox 945 3165 1014 3226; x_wconf 88' lang='lat' dir='ltr'>tres</span> <span class='ocrx_word' id='word_1_110' title='bbox 1038 3159 1199 3236; x_wconf 79' lang='lat' dir='ltr'>tobaleas,</span> <span class='ocrx_word' id='word_1_111' title='bbox 1228 3157 1315 3243; x_wconf 86' lang='lat' dir='ltr'>¹quae</span> <span class='ocrx_word' id='word_1_112' title='bbox 1348 3159 1408 3224; x_wconf 86' lang='lat' dir='ltr'>tali</span> <span class='ocrx_word' id='word_1_113' title='bbox 1441 3160 1537 3226; x_wconf 91' lang='lat' dir='ltr'>modo</span> <span class='ocrx_word' id='word_1_114' title='bbox 1569 3169 1666 3228; x_wconf 89' lang='lat' dir='ltr'>ster·</span> 
     </span>
     <span class='ocr_line' id='line_1_19' title="bbox 433 3266 1666 3356; baseline 0.002 -24"><span class='ocrx_word' id='word_1_115' title='bbox 433 3276 556 3335; x_wconf 88' lang='lat' dir='ltr'>nentur</span> <span class='ocrx_word' id='word_1_116' title='bbox 579 3291 680 3356; x_wconf 86' lang='lat' dir='ltr'>super</span> <span class='ocrx_word' id='word_1_117' title='bbox 704 3269 832 3346; x_wconf 79' lang='lat' dir='ltr'>Altare,</span> <span class='ocrx_word' id='word_1_118' title='bbox 857 3274 895 3334; x_wconf 83' lang='lat' dir='ltr'>ut</span> <span class='ocrx_word' id='word_1_119' title='bbox 917 3267 1018 3332; x_wconf 82' lang='lat' dir='ltr'>facile</span> <span class='ocrx_word' id='word_1_120' title='bbox 1041 3266 1117 3332; x_wconf 92' lang='lat' dir='ltr'>inde</span> <span class='ocrx_word' id='word_1_121' title='bbox 1134 3266 1210 3330; x_wconf 94' lang='lat' dir='ltr'>toIIi</span> <span class='ocrx_word' id='word_1_122' title='bbox 1226 3267 1361 3352; x_wconf 77' lang='lat' dir='ltr'>possint,</span> <span class='ocrx_word' id='word_1_123' title='bbox 1378 3274 1576 3352; x_wconf 85' lang='lat' dir='ltr'>apponetur·</span> <span class='ocrx_word' id='word_1_124' title='bbox 1590 3267 1666 3356; x_wconf 80' lang='lat' dir='ltr'>pal·</span> 
     </span>
     <span class='ocr_line' id='line_1_20' title="bbox 435 3374 1671 3462; baseline -0.002 -22"><span class='ocrx_word' id='word_1_125' title='bbox 435 3377 514 3441; x_wconf 92' lang='lat' dir='ltr'>lium</span> <span class='ocrx_word' id='word_1_126' title='bbox 532 3377 654 3454; x_wconf 86' lang='lat' dir='ltr'>album,</span> <span class='ocrx_word' id='word_1_127' title='bbox 673 3377 772 3443; x_wconf 86' lang='lat' dir='ltr'>facile</span> <span class='ocrx_word' id='word_1_128' title='bbox 788 3383 822 3443; x_wconf 91' lang='lat' dir='ltr'>et</span> <span class='ocrx_word' id='word_1_129' title='bbox 838 3378 943 3462; x_wconf 90' lang='lat' dir='ltr'>ipsum</span> <span class='ocrx_word' id='word_1_130' title='bbox 958 3374 1187 3452; x_wconf 86' lang='lat' dir='ltr'>amovendum,</span> <span class='ocrx_word' id='word_1_131' title='bbox 1210 3383 1244 3440; x_wconf 85' lang='lat' dir='ltr'>ot</span> <span class='ocrx_word' id='word_1_132' title='bbox 1259 3395 1359 3460; x_wconf 89' lang='lat' dir='ltr'>super</span> <span class='ocrx_word' id='word_1_133' title='bbox 1374 3375 1531 3460; x_wconf 83' lang='lat' dir='ltr'>gradibus</span> <span class='ocrx_word' id='word_1_134' title='bbox 1546 3377 1671 3446; x_wconf 88' lang='lat' dir='ltr'>nobiIe.</span> 
     </span>
     <span class='ocr_line' id='line_1_21' title="bbox 435 3481 1665 3570; baseline 0.006 -22"><span class='ocrx_word' id='word_1_135' title='bbox 435 3491 591 3570; x_wconf 84' lang='lat' dir='ltr'>tapetum.</span> <span class='ocrx_word' id='word_1_136' title='bbox 616 3486 651 3550; x_wconf 97' lang='lat' dir='ltr'>In</span> <span class='ocrx_word' id='word_1_137' title='bbox 677 3485 788 3550; x_wconf 83' lang='lat' dir='ltr'>Altari</span> <span class='ocrx_word' id='word_1_138' title='bbox 811 3482 919 3549; x_wconf 87' lang='lat' dir='ltr'>aderit</span> <span class='ocrx_word' id='word_1_139' title='bbox 942 3482 1044 3567; x_wconf 87' lang='lat' dir='ltr'>Iegile</span> <span class='ocrx_word' id='word_1_140' title='bbox 1069 3503 1127 3547; x_wconf 88' lang='lat' dir='ltr'>seu</span> <span class='ocrx_word' id='word_1_141' title='bbox 1152 3482 1306 3548; x_wconf 89' lang='lat' dir='ltr'>cussinus</span> <span class='ocrx_word' id='word_1_142' title='bbox 1330 3481 1426 3548; x_wconf 88' lang='lat' dir='ltr'>albus</span> <span class='ocrx_word' id='word_1_143' title='bbox 1457 3503 1497 3549; x_wconf 91' lang='lat' dir='ltr'>ac</span> <span class='ocrx_word' id='word_1_144' title='bbox 1520 3483 1665 3554; x_wconf 80' lang='lat' dir='ltr'>Missale</span> 
     </span>
     <span class='ocr_line' id='line_1_22' title="bbox 395 3589 1666 3677; baseline 0.003 -21"><span class='ocrx_word' id='word_1_145' title='bbox 395 3665 398 3670; x_wconf 27' lang='lat'>¹</span> <span class='ocrx_word' id='word_1_146' title='bbox 434 3595 627 3677; x_wconf 87' lang='lat' dir='ltr'>tegumento</span> <span class='ocrx_word' id='word_1_147' title='bbox 649 3591 727 3657; x_wconf 85' lang='lat' dir='ltr'>albo</span> <span class='ocrx_word' id='word_1_148' title='bbox 751 3593 950 3657; x_wconf 84' lang='lat' dir='ltr'>instructum</span> <span class='ocrx_word' id='word_1_149' title='bbox 973 3611 1013 3656; x_wconf 91' lang='lat' dir='ltr'>ac</span> <span class='ocrx_word' id='word_1_150' title='bbox 1035 3589 1182 3656; x_wconf 82' lang='lat' dir='ltr'>tabellae</span> <span class='ocrx_word' id='word_1_151' title='bbox 1206 3595 1413 3656; x_wconf 88' lang='lat' dir='ltr'>secretarum</span> <span class='ocrx_word' id='word_1_152' title='bbox 1436 3611 1495 3656; x_wconf 84' lang='lat' dir='ltr'>seu</span> <span class='ocrx_word' id='word_1_153' title='bbox 1518 3591 1666 3660; x_wconf 82' lang='lat' dir='ltr'>charte-</span> 
     </span>
     <span class='ocr_line' id='line_1_23' title="bbox 433 3696 1663 3784; baseline 0.006 -23"><span class='ocrx_word' id='word_1_154' title='bbox 433 3698 571 3784; x_wconf 84' lang='lat' dir='ltr'>gloriae.</span> <span class='ocrx_word' id='word_1_155' title='bbox 589 3699 623 3764; x_wconf 88' lang='lat' dir='ltr'>Si</span> <span class='ocrx_word' id='word_1_156' title='bbox 640 3700 672 3764; x_wconf 93' lang='lat' dir='ltr'>in</span> <span class='ocrx_word' id='word_1_157' title='bbox 688 3698 790 3763; x_wconf 90' lang='lat' dir='ltr'>choro</span> <span class='ocrx_word' id='word_1_158' title='bbox 814 3698 943 3764; x_wconf 81' lang='lat' dir='ltr'>Altaria</span> <span class='ocrx_word' id='word_1_159' title='bbox 967 3699 1100 3763; x_wconf 86' lang='lat' dir='ltr'>maioris</span> <span class='ocrx_word' id='word_1_160' title='bbox 1123 3696 1355 3763; x_wconf 89' lang='lat' dir='ltr'>recitabuntur</span> <span class='ocrx_word' id='word_1_161' title='bbox 1378 3697 1489 3764; x_wconf 86' lang='lat' dir='ltr'>Horae</span> <span class='ocrx_word' id='word_1_162' title='bbox 1509 3700 1663 3768; x_wconf 87' lang='lat' dir='ltr'>minores</span> 
     </span>
     <span class='ocr_line' id='line_1_24' title="bbox 431 3805 1665 3891; baseline 0.004 -19"><span class='ocrx_word' id='word_1_163' title='bbox 431 3815 509 3874; x_wconf 87' lang='lat' dir='ltr'>ante</span> <span class='ocrx_word' id='word_1_164' title='bbox 532 3809 674 3883; x_wconf 82' lang='lat' dir='ltr'>Missam,</span> <span class='ocrx_word' id='word_1_165' title='bbox 700 3807 775 3872; x_wconf 88' lang='lat' dir='ltr'>velo</span> <span class='ocrx_word' id='word_1_166' title='bbox 799 3807 866 3872; x_wconf 87' lang='lat' dir='ltr'>albi</span> <span class='ocrx_word' id='word_1_167' title='bbox 889 3808 1013 3874; x_wconf 91' lang='lat' dir='ltr'>coloris</span> <span class='ocrx_word' id='word_1_168' title='bbox 1037 3806 1153 3873; x_wconf 83' lang='lat' dir='ltr'>Crucis</span> <span class='ocrx_word' id='word_1_169' title='bbox 1178 3811 1421 3891; x_wconf 86' lang='lat' dir='ltr'>superponetur</span> <span class='ocrx_word' id='word_1_170' title='bbox 1444 3805 1557 3872; x_wconf 88' lang='lat' dir='ltr'>velum</span> <span class='ocrx_word' id='word_1_171' title='bbox 1589 3811 1665 3876; x_wconf 83' lang='lat' dir='ltr'>rio-</span> 
     </span>
     <span class='ocr_line' id='line_1_25' title="bbox 431 3913 1663 4006; baseline 0.003 -27"><span class='ocrx_word' id='word_1_172' title='bbox 431 3915 573 3993; x_wconf 88' lang='lat' dir='ltr'>Iaceurn,</span> <span class='ocrx_word' id='word_1_173' title='bbox 595 3914 783 3981; x_wconf 91' lang='lat' dir='ltr'>tollendum</span> <span class='ocrx_word' id='word_1_174' title='bbox 806 3920 884 3980; x_wconf 86' lang='lat' dir='ltr'>ante</span> <span class='ocrx_word' id='word_1_175' title='bbox 907 3917 1051 3991; x_wconf 83' lang='lat' dir='ltr'>Missam,</span> <span class='ocrx_word' id='word_1_176' title='bbox 1077 3917 1219 3999; x_wconf 88' lang='lat' dir='ltr'>itemque</span> <span class='ocrx_word' id='word_1_177' title='bbox 1250 3914 1353 4001; x_wconf 89' lang='lat' dir='ltr'>pallio</span> <span class='ocrx_word' id='word_1_178' title='bbox 1385 3913 1461 3980; x_wconf 90' lang='lat' dir='ltr'>albo</span> <span class='ocrx_word' id='word_1_179' title='bbox 1491 3931 1663 4006; x_wconf 86' lang='lat' dir='ltr'>superpo-</span> 
     </span>
     <span class='ocr_line' id='line_1_26' title="bbox 432 4021 1637 4109; baseline 0.002 -22"><span class='ocrx_word' id='word_1_180' title='bbox 432 4030 532 4088; x_wconf 86' lang='lat' dir='ltr'>netur</span> <span class='ocrx_word' id='word_1_181' title='bbox 555 4023 699 4088; x_wconf 86' lang='lat' dir='ltr'>alterum</span> <span class='ocrx_word' id='word_1_182' title='bbox 724 4023 908 4088; x_wconf 81' lang='lat' dir='ltr'>vlolaceum</span> <span class='ocrx_word' id='word_1_183' title='bbox 931 4030 1009 4089; x_wconf 87' lang='lat' dir='ltr'>ante</span> <span class='ocrx_word' id='word_1_184' title='bbox 1032 4023 1166 4089; x_wconf 82' lang='lat' dir='ltr'>Missam</span> <span class='ocrx_word' id='word_1_185' title='bbox 1191 4028 1223 4088; x_wconf 92' lang='lat' dir='ltr'>et</span> <span class='ocrx_word' id='word_1_186' title='bbox 1248 4025 1353 4109; x_wconf 88' lang='lat' dir='ltr'>ipsum</span> <span class='ocrx_word' id='word_1_187' title='bbox 1378 4021 1579 4090; x_wconf 91' lang='lat' dir='ltr'>tollendum.</span> <span class='ocrx_word' id='word_1_188' title='bbox 1635 4075 1637 4080; x_wconf 84' lang='lat'><em>.</em></span> 
     </span>
     <span class='ocr_line' id='line_1_27' title="bbox 518 4130 1662 4220; baseline 0.003 -23"><span class='ocrx_word' id='word_1_189' title='bbox 518 4133 549 4197; x_wconf 87' lang='grc'>2.</span> <span class='ocrx_word' id='word_1_190' title='bbox 574 4131 750 4197; x_wconf 90' lang='lat' dir='ltr'>Scamnum</span> <span class='ocrx_word' id='word_1_191' title='bbox 775 4130 982 4197; x_wconf 74' lang='lat' dir='ltr'>celebrantis</span> <span class='ocrx_word' id='word_1_192' title='bbox 1006 4137 1040 4197; x_wconf 88' lang='lat' dir='ltr'>et</span> <span class='ocrx_word' id='word_1_193' title='bbox 1064 4133 1292 4196; x_wconf 86' lang='lat' dir='ltr'>Ministrorum</span> <span class='ocrx_word' id='word_1_194' title='bbox 1315 4135 1514 4216; x_wconf 83' lang='lat' dir='ltr'>contegetur</span> <span class='ocrx_word' id='word_1_195' title='bbox 1539 4137 1662 4220; x_wconf 82' lang='lat' dir='ltr'>tapeto</span> 
     </span>
     <span class='ocr_line' id='line_1_28' title="bbox 430 4237 1661 4326; baseline 0.003 -22"><span class='ocrx_word' id='word_1_196' title='bbox 430 4241 483 4304; x_wconf 82' lang='lat' dir='ltr'>rel</span> <span class='ocrx_word' id='word_1_197' title='bbox 508 4259 616 4326; x_wconf 91' lang='lat' dir='ltr'>panno</span> <span class='ocrx_word' id='word_1_198' title='bbox 641 4240 747 4304; x_wconf 90' lang='lat' dir='ltr'>serico</span> <span class='ocrx_word' id='word_1_199' title='bbox 771 4237 838 4303; x_wconf 93' lang='lat' dir='ltr'>albi</span> <span class='ocrx_word' id='word_1_200' title='bbox 862 4238 995 4316; x_wconf 92' lang='lat' dir='ltr'>coloris,</span> <span class='ocrx_word' id='word_1_201' title='bbox 1020 4259 1059 4304; x_wconf 87' lang='lat' dir='ltr'>ac</span> <span class='ocrx_word' id='word_1_202' title='bbox 1084 4259 1183 4324; x_wconf 91' lang='lat' dir='ltr'>super</span> <span class='ocrx_word' id='word_1_203' title='bbox 1206 4239 1308 4303; x_wconf 89' lang='lat' dir='ltr'>abaco</span> <span class='ocrx_word' id='word_1_204' title='bbox 1324 4238 1401 4304; x_wconf 84' lang='lat' dir='ltr'>albo</span> <span class='ocrx_word' id='word_1_205' title='bbox 1419 4239 1553 4305; x_wconf 88' lang='lat' dir='ltr'>tobalea</span> <span class='ocrx_word' id='word_1_206' title='bbox 1579 4261 1661 4310; x_wconf 85' lang='lat' dir='ltr'>coo·</span> 
     </span>
     <span class='ocr_line' id='line_1_29' title="bbox 429 4346 1658 4434; baseline 0.005 -24"><span class='ocrx_word' id='word_1_207' title='bbox 429 4355 535 4430; x_wconf 85' lang='lat' dir='ltr'>perte,</span> <span class='ocrx_word' id='word_1_208' title='bbox 559 4353 755 4434; x_wconf 85' lang='lat' dir='ltr'>praeterea</span> <span class='ocrx_word' id='word_1_209' title='bbox 779 4366 862 4430; x_wconf 85' lang='lat' dir='ltr'>quae</span> <span class='ocrx_word' id='word_1_210' title='bbox 886 4353 1001 4411; x_wconf 87' lang='lat' dir='ltr'>notata</span> <span class='ocrx_word' id='word_1_211' title='bbox 1025 4353 1104 4411; x_wconf 89' lang='lat' dir='ltr'>sunt.</span> <span class='ocrx_word' id='word_1_212' title='bbox 1126 4366 1185 4432; x_wconf 93' lang='lat' dir='ltr'>pro</span> <span class='ocrx_word' id='word_1_213' title='bbox 1210 4346 1318 4410; x_wconf 86' lang='lat' dir='ltr'>Missis</span> <span class='ocrx_word' id='word_1_214' title='bbox 1352 4346 1566 4424; x_wconf 89' lang='lat' dir='ltr'>solemnibus,</span> <span class='ocrx_word' id='word_1_215' title='bbox 1592 4370 1658 4434; x_wconf 80' lang='lat' dir='ltr'>po-</span> 
     </span>
     <span class='ocr_line' id='line_1_30' title="bbox 429 4451 1657 4541; baseline 0.008 -27"><span class='ocrx_word' id='word_1_216' title='bbox 429 4459 529 4516; x_wconf 86' lang='lat' dir='ltr'>netur</span> <span class='ocrx_word' id='word_1_217' title='bbox 557 4455 646 4520; x_wconf 82' lang='lat' dir='ltr'>calix</span> <span class='ocrx_word' id='word_1_218' title='bbox 677 4476 751 4520; x_wconf 88' lang='lat' dir='ltr'>cum</span> <span class='ocrx_word' id='word_1_219' title='bbox 781 4461 910 4541; x_wconf 86' lang='lat' dir='ltr'>patena,</span> <span class='ocrx_word' id='word_1_220' title='bbox 935 4455 1035 4540; x_wconf 85' lang='lat' dir='ltr'>palla,</span> <span class='ocrx_word' id='word_1_221' title='bbox 1071 4454 1146 4520; x_wconf 85' lang='lat' dir='ltr'>velo</span> <span class='ocrx_word' id='word_1_222' title='bbox 1176 4455 1296 4540; x_wconf 78' lang='lat' dir='ltr'>exiguo</span> <span class='ocrx_word' id='word_1_223' title='bbox 1329 4455 1426 4520; x_wconf 91' lang='lat' dir='ltr'>serici</span> <span class='ocrx_word' id='word_1_224' title='bbox 1451 4451 1527 4532; x_wconf 87' lang='lat' dir='ltr'>albi,</span> <span class='ocrx_word' id='word_1_225' title='bbox 1564 4457 1657 4540; x_wconf 92' lang='lat' dir='ltr'>quod</span> 
     </span>
     <span class='ocr_line' id='line_1_31' title="bbox 428 4561 1658 4649; baseline 0.008 -28"><span class='ocrx_word' id='word_1_226' title='bbox 428 4562 534 4623; x_wconf 83' lang='lat' dir='ltr'>toturn</span> <span class='ocrx_word' id='word_1_227' title='bbox 559 4563 696 4628; x_wconf 88' lang='lat' dir='ltr'>calicem</span> <span class='ocrx_word' id='word_1_228' title='bbox 719 4569 876 4648; x_wconf 85' lang='lat' dir='ltr'>contegat</span> <span class='ocrx_word' id='word_1_229' title='bbox 899 4569 933 4628; x_wconf 85' lang='lat' dir='ltr'>et</span> <span class='ocrx_word' id='word_1_230' title='bbox 956 4564 1041 4628; x_wconf 82' lang='lat' dir='ltr'>vitta</span> <span class='ocrx_word' id='word_1_231' title='bbox 1064 4563 1190 4627; x_wconf 86' lang='lat' dir='ltr'>sericea</span> <span class='ocrx_word' id='word_1_232' title='bbox 1214 4562 1300 4641; x_wconf 88' lang='lat' dir='ltr'>alba,</span> <span class='ocrx_word' id='word_1_233' title='bbox 1325 4584 1389 4648; x_wconf 88' lang='lat' dir='ltr'>qua</span> <span class='ocrx_word' id='word_1_234' title='bbox 1413 4561 1524 4628; x_wconf 90' lang='lat' dir='ltr'>velum</span> <span class='ocrx_word' id='word_1_235' title='bbox 1542 4563 1658 4649; x_wconf 91' lang='lat' dir='ltr'>ipsum</span> 
     </span>
     <span class='ocr_line' id='line_1_32' title="bbox 429 4663 1658 4760; baseline 0.011 -31"><span class='ocrx_word' id='word_1_236' title='bbox 429 4663 531 4729; x_wconf 87' lang='lat' dir='ltr'>calici</span> <span class='ocrx_word' id='word_1_237' title='bbox 556 4669 688 4755; x_wconf 81' lang='lat' dir='ltr'>alligari</span> <span class='ocrx_word' id='word_1_238' title='bbox 714 4674 825 4756; x_wconf 87' lang='lat' dir='ltr'>possit:</span> <span class='ocrx_word' id='word_1_239' title='bbox 851 4694 950 4760; x_wconf 91' lang='lat' dir='ltr'>super</span> <span class='ocrx_word' id='word_1_240' title='bbox 975 4678 1096 4758; x_wconf 85' lang='lat' dir='ltr'>patena</span> <span class='ocrx_word' id='word_1_241' title='bbox 1118 4671 1303 4738; x_wconf 81' lang='lat' dir='ltr'>adhibenda</span> <span class='ocrx_word' id='word_1_242' title='bbox 1328 4675 1360 4737; x_wconf 93' lang='lat' dir='ltr'>in</span> <span class='ocrx_word' id='word_1_243' title='bbox 1385 4673 1487 4738; x_wconf 86' lang='lat' dir='ltr'>Missa</span> <span class='ocrx_word' id='word_1_244' title='bbox 1506 4671 1658 4742; x_wconf 88' lang='lat' dir='ltr'>aderunt</span> 
     </span>
    </p>
   </div>
   <div class='ocr_carea' id='block_1_8' title="bbox 0 0 2092 5717">
    <p class='ocr_par' dir='ltr' id='par_1_10' title="bbox 0 0 2092 5717">
     <span class='ocr_line' id='line_1_33' title="bbox 0 0 2092 5717; baseline 0 5"><span class='ocrx_word' id='word_1_245' title='bbox 0 0 2092 5717; x_wconf 95' lang='lat' dir='ltr'> </span> 
     </span>
    </p>
   </div>
  </div>
 </body>
</html>
