4175 5717
539 664 601 735 184
987 685 1054 738 um.
1077 683 1125 739 tv.

447 796 622 864 vasculum
651 814 757 882 aquae
789 795 981 870 benedictae
1011 816 1087 863 cum
1116 794 1299 886 aspergillo
1332 814 1376 864 ex
1406 794 1562 884 hyssop0;
1594 797 1663 863 alia

446 906 614 988 quantitas
643 924 748 989 aquae
781 904 985 982 benedictae,
1017 924 1082 988 qua
1116 904 1319 989 impleantur
1345 895 1456 970 fontes
1485 904 1661 983 lustrales,

446 1030 505 1076 seu
528 1032 609 1077 vasa
632 1013 738 1097 posita
760 1011 801 1077 ad
824 1011 914 1078 fores
939 1010 1101 1076 ecclesiae
1124 1016 1199 1097 post
1228 1011 1426 1097 completam
1457 1011 1663 1077 benedictio-

447 1138 531 1196 nem;
556 1119 693 1185 Rituale
717 1140 776 1205 pro
801 1119 1000 1186 Gelebrante
1023 1125 1058 1185 et
1082 1118 1218 1186 Rituale
1241 1138 1317 1184 cum
1333 1120 1422 1185 notis
1437 1120 1581 1196 musicis,
1605 1119 1661 1186 vel

449 1224 646 1292 Pontificale
669 1247 729 1313 pro
752 1227 956 1294 cantoribus.
1089 1263 1107 1300 ·:
1130 1291 1132 1297 ,
1222 1303 1224 1307 ,

341 1325 345 1332 ’
533 1338 564 1399 4.
582 1335 723 1401 Praeter
740 1332 971 1404 celebrantem
985 1333 1133 1406 ederunt
1145 1336 1244 1404 οὕτω
1260 1339 1330 1400 tres
1347 1333 1461 1398 clerici
1475 1351 1535 1419 pro
1553 1332 1661 1400 Oruce

445 1448 479 1506 et
501 1444 678 1528 intestioiis
700 1441 912 1519 sustinendis,
936 1441 1204 1522 alterclericus¹
1218 1461 1279 1527 pro
1293 1440 1432 1518 monle
1454 1459 1560 1527 aquae
1590 1426 1663 1506 san'·

445 1555 529 1627 otae,
559 1549 648 1615 alter
682 1570 756 1615 cum
790 1550 919 1616 Rituali
949 1551 1009 1635 prc'
1044 1549 1255 1626 Celebrante,
1287 1548 1353 1615 duc
1376 1546 1574 1615 Sacerdotes
1606 1548 1662 1611 vel

443 1658 542 1721 etiam
566 1656 692 1732 clerici,
716 1658 771 1741 qui
796 1657 987 1723 celebranti
1011 1659 1170 1723 assistant
1193 1661 1228 1721 et
1253 1655 1382 1746 aliquot
1404 1660 1569 1720 cantores.

924 1877 968 1944 In
991 1877 1175 1961 functione

522 2077 564 2158 x5.
586 2089 679 2176 Hora
701 2092 901 2178 praestituta
923 2092 1061 2158 coibunt
1082 2093 1118 2157 in
1140 2092 1324 2157 sacrarium
1341 2089 1522 2157 Celebrans
1537 2095 1573 2156 et
1588 2088 1662 2156 cle·

443 2199 513 2276 rici:
538 2199 591 2264 isti
614 2197 676 2266 sibi
705 2185 846 2270 induent
875 2200 1165 2285 superpelliceum,
1190 2198 1372 2266 Celebrans
1403 2203 1526 2274 autem,
1561 2196 1662 2264 adiu-

445 2307 600 2374 vantibus
622 2308 693 2380 suis
715 2308 956 2386 assistentibus,
973 2306 1131 2378 induetur
1147 2309 1280 2383 amictu,
1297 2306 1384 2383 alba,
1401 2305 1548 2392 cingulo,
1572 2304 1661 2384 stola

443 2415 477 2480 in
500 2420 637 2501 pectore
657 2413 844 2491 decussata,
867 2413 1007 2501 pluviali
1031 2414 1099 2480 albi
1123 2415 1246 2481 coloris
1270 2419 1305 2481 et
1327 2420 1428 2500 caput
1457 2412 1563 2482 bireto
1586 2431 1661 2479 coo·

446 2522 560 2608 periet.

473 2689 476 2696 .
531 2628 563 2700 6.
587 2629 735 2702 Praeibit
749 2630 894 2696 clericus
910 2628 1140 2708 cum2vasculo
1162 2648 1269 2713 aquae
1285 2627 1479 2696 benedictae
1494 2633 1529 2695 et
1549 2646 1662 2715 asper·

445 2736 544 2814 sorio,
567 2741 639 2802 tres
660 2743 736 2823 post
757 2757 833 2803 eum
847 2735 908 2802 alii
922 2736 1038 2803 clerici
1062 2756 1137 2804 cum
1161 2736 1269 2804 Gruce
1291 2737 1405 2804 hastili
1421 2741 1455 2803 et
1471 2737 1661 2812 intorticiis,

445 2841 574 2921 Olenus,
597 2849 632 2925 st
654 2862 768 2908 omnes
792 2842 947 2910 incedent
965 2843 1138 2920 bini,.tum
1161 2843 1251 2910 alter
1273 2844 1417 2911 clericus
1451 2844 1563 2910 ferens
1597 2843 1662 2910 lti-

445 2951 546 3027 tuale,
571 2956 738 3037 postremo
773 2950 954 3017 celebrans
985 2951 1111 3018 medius
1142 2953 1230 3016 iuter
1260 2950 1344 3026 duos
1373 2950 1572 3028 Sacerdotes
1605 2950 1662 3020 sel

444 3059 595 3136 clericos,
620 3079 697 3124 suos
721 3060 925 3124 assistentes:
949 3059 1089 3125 exibunt
1112 3058 1153 3125 de
1176 3059 1319 3125 ecclesia
1341 3079 1482 3143 cumque
1506 3059 1583 3145 ipsis
1607 3064 1662 3123 to-

444 3175 498 3232 tus
522 3165 673 3253 populus
698 3168 753 3250 qui
776 3166 1001 3246 admittendus
1022 3186 1090 3232 non
1113 3168 1180 3234 erit
1202 3168 1236 3232 in
1259 3166 1445 3244 ecclesiam,
1470 3164 1534 3231 nisi
1559 3185 1660 3249 quum

444 3274 628 3359 completus
652 3274 755 3339 fuerit
777 3280 872 3339 actus
896 3274 1144 3340 benedictionis.

532 3382 564 3445 7.
588 3379 684 3452 crux
703 3401 778 3448 cum
802 3381 980 3467 Aoolythis
1004 3383 1166 3448 consistet
1180 3400 1201 3445 a
1216 3380 1353 3448 sinistra
1367 3381 1538 3466 ingressus
1562 3387 1661 3447 extra

444 3493 574 3574 portam
597 3489 823 3574 principalem,
848 3490 992 3555 clericus
1016 3479 1105 3555 cum
1119 3488 1257 3553 vasculo
1280 3489 1376 3554 iuxta
1402 3488 1662 3576 primumassi·

444 3600 598 3676 stentem,
612 3595 794 3668 celebrans
811 3606 929 3664 contra
944 3603 1074 3683 portam
1091 3594 1263 3672 ecclesiae,
1275 3601 1311 3660 et
1322 3594 1450 3663 Clerus‘
1460 3596 1495 3660 in
1509 3594 1661 3661 ordinem

443 3702 638 3788 disponetur
660 3704 747 3790 apud
772 3704 1016 3779 Celebrantem,
1042 3722 1155 3770 omnes
1178 3701 1220 3768 ad
1244 3702 1420 3770 ecclesiam
1443 3703 1607 3784 conversi.

531 3811 563 3876 8.
588 3812 691 3877 Porta
714 3812 876 3898 ecclesiae
899 3814 965 3879 crit
986 3817 1114 3898 aperta.
1359 3889 1361 3894 ¹

532 3919 564 3985 9.
589 3919 770 3994 Celebrans
803 3921 947 4008 deponet
980 3903 1132 3997 biretum,
1156 3926 1192 3985 et
1224 3926 1317 3985 stans
1349 3905 1503 3986 recitabit
1532 3919 1661 3984 oratio-

443 4046 517 4096 nem
540 4028 702 4097 Actioaer
724 4035 866 4098 nostros
879 4037 953 4095 etc.
978 4026 1103 4093 Deinde
1119 4025 1283 4094 intonabit
1298 4026 1515 4111 antiphonam
1530 4025 1660 4111 Asper·

441 4144 981 4224 pecata,quamp1·osequentur
1009 4141 1165 4202 cantores
1188 4153 1263 4199 cum
1298 4141 1369 4199 toto
1399 4132 1526 4220 psalmo
1557 4133 1661 4201 Mise-

443 4265 525 4312 rere
546 4245 616 4313 mei
637 4245 733 4314 Deus
757 4252 819 4312 etc.

535 4354 585 4418 10.
610 4337 800 4428 Celebrans,
825 4354 976 4418 intonata
1006 4351 1197 4439 antiphona,
1227 4351 1368 4437 accipiet
1396 4348 1617 4435 aspergillum
1639 4370 1661 4416 a

445 4463 549 4547 primo
572 4463 757 4535 assistente,
781 4467 816 4526 et
836 4468 993 4547 asperget
1015 4469 1174 4529 externos
1198 4460 1360 4530 ecclesiae
1376 4479 1489 4525 muros
1505 4461 1539 4524 in
1566 4479 1660 4524 sum-

444 4572 557 4636 mitate
590 4579 622 4634 et
661 4589 777 4634 versus
802 4568 1026 4645 fundamenta,
1058 4569 1216 4652 incipiens
1247 4588 1268 4650 a
1296 4567 1425 4634 dextris
1459 4569 1538 4632 suis.
1569 4567 1660 4633 Haec
