4175 5717
517 735 582 800 '288
973 755 1039 801 616.
1064 755 1098 801 11.

432 882 507 928 eum
530 860 737 946 gestantibus
761 861 940 938 intorticia,
964 861 1122 927 subsistet
1145 869 1242 928 extra
1265 860 1510 949 presbyterium
1526 881 1647 928 versus

431 975 558 1056 partem
582 969 750 1033 sinistram
775 969 957 1053 ingressus,
981 974 1016 1034 et
1038 974 1108 1034 tum
1132 972 1187 1054 qui
1218 969 1361 1056 gestabit
1391 963 1543 1046 Crucem,
1575 973 1647 1036 tum

432 1079 486 1162 qui
508 1076 722 1142 sustinebunt
745 1076 960 1152 intorticium,
984 1076 1122 1143 stabunt
1144 1097 1282 1164 semper:
1307 1077 1428 1162 reliqui
1455 1075 1648 1144 confratres

431 1185 649 1270 disponentur
672 1185 798 1250 circum
821 1183 1041 1250 balaustrium
1065 1190 1163 1250 extra
1178 1185 1424 1272 presbyterium
1440 1183 1551 1268 ibique
1571 1203 1651 1250 cou-

430 1292 680 1379 geniculabunt.

518 1401 572 1465 aa
598 1401 757 1486 Aoolythi
781 1399 948 1487 deponent
970 1401 1171 1466 candelabra
1195 1403 1228 1467 in
1251 1401 1353 1469 abaco
1378 1408 1413 1468 et
1429 1403 1576 1470 clericus
1593 1419 1650 1488 ge-

432 1517 540 1576 stator
566 1510 681 1576 Crucis
706 1514 845 1596 reponet
867 1509 961 1574 illam
985 1510 1059 1576 loco
1083 1530 1146 1594 quo
1171 1515 1369 1598 praeparata
1390 1512 1505 1578 fuerit.

518 1619 572 1684 67.
599 1617 717 1684 Clerus
741 1619 812 1682 sine
837 1616 910 1682 ulla
933 1620 1123 1684 reverentia
1146 1625 1205 1684 aut
1220 1617 1452 1704 genuflexione
1469 1619 1511 1686 ad
1527 1619 1653 1686 Altare

432 1726 550 1792 redibit
573 1724 615 1791 ad
637 1745 698 1790 sua
715 1724 891 1790 subsellia.
916 1724 1077 1791 (lautores
1100 1724 1166 1791 duo
1190 1725 1293 1793 libros
1317 1745 1453 1814 precum
1484 1726 1525 1793 de
1545 1725 1653 1792 abaco

431 1835 603 1919 accipient,
628 1852 709 1916 quas
732 1831 850 1897 deinde
874 1829 1057 1903 cantabunt
1082 1835 1250 1919 progressi
1274 1835 1306 1898 in
1331 1832 1473 1900 medium
1503 1833 1653 1922 presby-

432 1943 562 2014 terium,
588 1944 625 2005 ut
648 1939 802 2025 deinceps
825 1939 1009 2005 docebitur.
1522 1925 1524 1930 ¹

519 2047 572 2112 68.
608 2047 645 2111 16
676 2046 767 2113 aditu
802 2047 1002 2133 presbyterii
1031 2047 1214 2115 subsistent
1248 2047 1416 2116 delatores
1446 2048 1653 2128 baldachini,
1706 2075 1708 2084 ·

434 2154 520 2239 quod
543 2156 725 2241 recipietur
747 2174 768 2218 a
791 2154 920 2220 duobus
948 2155 1080 2221 clericis
1112 2161 1146 2221 et
1175 2155 1345 2222 referetur
1374 2176 1438 2242 quo
1468 2157 1546 2223 loco
1577 2161 1656 2224 erat

434 2267 677 2350 praeparatum.
835 2267 839 2276 '

520 2369 573 2435 69.
599 2370 746 2453 Uterque
770 2369 1010 2435 thuriferarius
1033 2372 1217 2436 consistent
1240 2373 1368 2437 stantes
1384 2372 1461 2438 hino
1477 2370 1557 2438 inde
1573 2371 1658 2438 ala·

433 2479 560 2544 teribus
585 2476 722 2542 Altaris.
749 2475 933 2543 celebrans
950 2497 1049 2561 quum
1067 2483 1146 2544 ante
1161 2479 1280 2545 Altare
1295 2481 1436 2558 venerit,
1453 2479 1567 2558 stabit
1580 2478 1659 2546 Dia-

435 2605 538 2652 conus
563 2582 765 2669 genuflectet
789 2589 975 2660 antaeum,
1001 2584 1252 2651 Sacramentum
1276 2587 1413 2673 recipiet
1427 2605 1468 2652 ac
1482 2591 1656 2674 assurget:

436 2693 626 2779 expectabit.
649 2697 759 2756 autern
777 2687 889 2758 donec
900 2691 1081 2758 Celebrans
1098 2693 1131 2756 in
1147 2712 1257 2779 genua
1271 2693 1467 2780 procumbat
1481 2698 1516 2759 et
1533 2692 1658 2761 adoret

436 2801 531 2876 illud;
556 2807 627 2866 tum
650 2799 808 2866 ascendet
830 2799 872 2864 ad
895 2799 1015 2866 Altare
1038 2805 1073 2865 et
1096 2799 1347 2867 Sacramentum
1363 2803 1397 2867 in
1417 2801 1544 2868 throno
1561 2821 1660 2888 prae-

436 2913 551 2995 parato
575 2913 728 2993 exponet.

525 3016 577 3080 76.
602 3012 637 3081 Si
661 3035 728 3080 non
752 3016 799 3079 ita
824 3014 923 3080 facile
946 3021 1059 3101 posset.
1082 3015 1247 3082 Diaconos
1269 3015 1311 3081 ad
1334 3015 1453 3082 Altare
1469 3016 1659 3085 ascendere

438 3129 475 3189 ut
502 3123 755 3190 Sacramentum
778 3127 933 3208 exponat,
958 3122 1127 3207 relinquet
1142 3125 1248 3210 ipsum
1265 3124 1297 3188 in
1315 3123 1434 3202 Alteri,
1446 3121 1663 3211 genuflectet

437 3237 475 3296 ut
498 3237 606 3306 antea,
631 3236 666 3296 et
690 3229 809 3296 redibit
832 3230 873 3296 ad
897 3229 1070 3296 dexteram
1099 3229 1318 3308 celebrantis,
1349 3231 1404 3298 ubi
1434 3233 1661 3319 geniculabit

438 3339 593 3414 Sacrista,
618 3337 705 3403 stola
722 3338 811 3404 collo
828 3339 989 3424 imposita,
1006 3340 1146 3426 accipiet
1161 3325 1412 3407 Sacramentum
1429 3342 1512 3407 etin
1529 3341 1662 3410 throno

437 3452 591 3532 exponet·
1677 3443 1686 3458 ⁸

526 3554 578 3618 71.
604 3553 833 3621 Subdiaoonus
858 3554 1047 3620 Celebranti
1065 3553 1219 3642 expediet
1234 3556 1346 3622 velum
1363 3555 1551 3634 humerale,
1570 3557 1664 3642 quod

437 3663 477 3729 de
503 3663 653 3728 humeris
677 3664 750 3728 eius
774 3662 971 3728 detrahetur
994 3683 1014 3727 a
1037 3663 1304 3729 caeremoniario
1328 3669 1362 3729 et
1378 3663 1425 3746 uad
1447 3662 1592 3731 abacum
1608 3685 1665 3734 re·

437 3772 577 3839 feretur.

527 3878 579 3944 72.
605 3876 820 3944 Sacramento
837 3880 997 3964 exposito,
1010 3883 1166 3944 cantores
1182 3877 1382 3944 intonabunt
1402 3878 1557 3948 ranam
1572 3899 1665 3970 eergo

437 3992 500 4052 eto.
527 3992 601 4073 post
624 3984 685 4050 illa
707 3985 811 4050 verba
842 3985 1058 4053 Veneremur
1080 3985 1214 4062 cernui,
1239 3985 1280 4052 ad
1303 4005 1387 4070 quae
1414 4005 1530 4054 omnes
1557 3989 1666 4056 incli-

439 4095 566 4160 nabunt
589 4113 634 4168 se,
660 4093 842 4158 Celebrans
866 4113 941 4158 cum
972 4094 1133 4158 llinistris
1168 4100 1349 4180 consurget
1375 4113 1414 4160 ac
1444 4095 1516 4160 sine
1553 4095 1667 4166 bene-

437 4203 582 4268 dictione
606 4202 777 4266 incensum
809 4199 961 4266 demit-tet
990 4203 1023 4266 in
1056 4221 1157 4267 unum
1187 4222 1230 4268 ex
1257 4201 1438 4269 thuribulis
1469 4203 1533 4290 ipsi
1564 4205 1668 4274 obie-

437 4315 527 4375 ctum
551 4329 571 4374 a
594 4308 812 4374 thuriferario
836 4313 955 4374 stante:
980 4309 1144 4375 Diaconos
1161 4312 1191 4375 ei
1207 4310 1408 4376 ministrabit
1423 4307 1603 4378 incensum
1627 4319 1667 4382 et
1726 4395 1730 4404 Ι

439 4416 664 4482 Subdiaoonus
688 4414 849 4480 fimbriam
872 4414 1045 4481 dexteram
1068 4417 1225 4504 pluvialis
1241 4419 1312 4483 eius
1328 4417 1515 4484 sustinebit.
1530 4419 1665 4488 Deinde

396 4555 400 4564 ·
440 4522 619 4588 Celebrans
643 4543 762 4589 rursus
786 4519 988 4608 genuflectet
1011 4543 1086 4588 cum
1110 4523 1271 4590 llinistris
1302 4530 1336 4591 et
1370 4531 1507 4612 accepto
1530 4545 1553 4592 a
1588 4527 1666 4594 Dia·

440 4647 522 4692 6666
544 4630 726 4706 thuribulo,
751 4630 873 4716 triplici
897 4629 1000 4696 ductu
1025 4630 1081 4696 SS.
1106 4630 1355 4698 Sacramentum
1380 4631 1600 4702 t-huriflcabit.
