4175 5717
524 759 586 832 102
965 775 1031 828 nm.
1057 777 1105 826 nr.

433 896 532 962 stabit
555 915 574 960 a
597 895 713 980 capite,
729 892 881 958 adstante
897 910 997 977 prope
1012 891 1118 976 ipsum
1135 887 1286 954 Parocho
1306 893 1341 954 et
1362 885 1492 954 duobus
1507 879 1636 954 clericis

433 1026 507 1069 cum
532 1003 668 1068 vasculo
691 1009 725 1067 et-
747 1000 931 1065 thuribulo,

520 1114 571 1175 47.
597 1111 705 1184 Quum
730 1109 771 1174 ibi
795 1112 894 1173 crunt
918 1126 978 1172 suo
1003 1109 1140 1191 quisque
1167 1107 1253 1184 loco,
1284 1103 1476 1170 cantabitur
1502 1101 1559 1166 vel
1582 1119 1637 1166 re-

431 1218 588 1284 citabitur
611 1217 700 1282 elata
722 1235 804 1281 roca
820 1234 984 1299 sequens:

541 1443 576 1512 rt.
600 1430 722 1497 Libera
745 1451 806 1518 me,
832 1431 978 1506 Domine,
1002 1428 1043 1494 de
1068 1434 1174 1494 morte
1197 1426 1335 1493 aeterna
1359 1428 1394 1490 in
1416 1424 1471 1490 die
1493 1423 1556 1488 illa
1575 1427 1639 1488 tre·

432 1559 567 1634 menda;
592 1557 722 1643 quando
745 1557 830 1622 coeli
846 1555 999 1622 movendi
1022 1560 1158 1620 suntet
1181 1559 1293 1630 terra;
1317 1551 1395 1618 dum
1422 1549 1559 1616 veneris
1585 1547 1639 1614 iu·

430 1687 540 1751 dicare
556 1686 726 1750 saeculum
742 1704 801 1771 per
818 1685 937 1768 ignem.
955 1689 986 1755 5.
1005 1683 1164 1747 Tremens
1184 1681 1292 1746 iactus
1308 1700 1381 1744 sum
1398 1697 1460 1764 ego
1476 1681 1512 1742 et
1528 1673 1638 1750 timeo,

430 1813 507 1876 dum
530 1809 687 1876 discussio
710 1810 841 1874 venerit
862 1817 963 1891 atque
986 1805 1130 1872 ventura
1152 1807 1211 1871 ira.
1229 1803 1367 1882 Quando
1384 1803 1470 1869 coeli
1486 1797 1641 1866 movendi

430 1941 566 2000 suntet
597 1941 697 1998 terra.
722 1940 754 2008 5.
779 1934 854 1997 Dies
885 1933 955 2009 illa,
986 1931 1056 1997 dies
1084 1933 1163 2008 irae,
1191 1931 1388 1996 calamitttis
1415 1935 1450 1994 et
1476 1925 1640 2000 miseriae,

430 2059 499 2124 dies
530 2079 648 2144 magna
679 2066 712 2124 et
735 2061 848 2124 amara
878 2057 986 2122 valde.
1019 2059 1103 2122 Dum
1135 2057 1266 2122 veneris
1290 2056 1436 2122 iudictre
1467 2051 1639 2118 saeculum

431 2206 490 2270 per
515 2186 632 2270 ignem.
657 2190 688 2258 5.
714 2184 871 2268 Requiem
895 2182 1066 2249 aeternam
1090 2182 1175 2248 dona
1199 2183 1246 2247 eis
1263 2181 1407 2246 Domine.
1426 2178 1471 2244 Et
1486 2176 1550 2244 lux
1569 2193 1643 2262 per·

431 2309 531 2397 petua
553 2307 665 2374 luceat
687 2310 745 2374 eis.
769 2319 804 2390 rt.
829 2306 951 2374 Libera
975 2329 1037 2386 me,
1066 2308 1211 2384 Domine,
1239 2306 1279 2372 de
1308 2311 1414 2371 morte
1444 2303 1587 2370 aeterna
1609 2303 1641 2366 in

431 2433 482 2500 (lie
506 2435 566 2500 illa
590 2435 779 2511 tremenda;
804 2434 934 2518 quando
957 2435 1043 2500 coeli
1068 2433 1219 2500 movendi
1251 2441 1330 2498 sunt
1361 2440 1396 2498 et
1426 2437 1540 2497 terra:
1565 2427 1641 2496 dum

431 2560 562 2626 veneris
586 2560 732 2626 iudicare
755 2561 926 2626 saeculum
950 2581 1009 2645 per
1033 2563 1152 2646 ignem.

516 2776 569 2839 48.
594 2775 677 2839 Dum
708 2775 898 2840 cantabitur
919 2775 984 2840 hoc
1007 2775 1264 2860 responsorium,
1294 2773 1349 2839 vel
1373 2773 1406 2838 in
1430 2769 1501 2838 flne
1529 2773 1639 2858 ipsius,

430 2885 456 2946 si
480 2882 683 2956 recitabitur,
715 2882 885 2947 Parochus
916 2880 1118 2947 ministrabit
1149 2883 1310 2966 Episcopo
1341 2883 1523 2958 incensum,
1556 2877 1640 2966 quod

431 2988 499 3074 ipse
522 3009 597 3053 cum
620 2987 847 3053 benedictione
871 2989 994 3052 usitata
1017 2989 1142 3054 iniiciet
1166 2991 1198 3053 in
1214 2988 1435 3064 thuribulum,
1452 2993 1639 3054 sustentant

430 3103 508 3160 ante
538 3116 613 3160 eum
636 3116 656 3160 a
678 3097 801 3160 clerico
833 3092 1021 3181 genuflexo.
1051 3095 1102 3160 Ad
1127 3102 1158 3169 5.
1183 3095 1333 3181 Requim
1359 3103 1544 3164 aeternam
1573 3095 1640 3162 Rc-

432 3204 603 3288 sponsorii,
628 3221 686 3267 seu
710 3204 835 3266 cantati
858 3221 917 3266 seu
940 3203 1073 3268 recitati
1089 3185 1178 3268 elata
1194 3223 1285 3280 voce,
1303 3201 1486 3290 Episcopus
1509 3201 1639 3269 nullum

434 3313 549 3376 Crucis
573 3311 701 3394 signum
724 3308 863 3374 dextera
886 3307 1020 3375 efficiet.

520 3417 572 3481 49.
598 3417 677 3481 Post
701 3415 956 3502 Responsorium
979 3417 1159 3502 Episcopus
1184 3416 1336 3482 recitabit
1356 3417 1552 3482 alternatim
1568 3435 1640 3482 cum

432 3522 531 3591 Clero
559 3523 668 3608 Kyrie
697 3523 835 3589 eleison.
871 3523 1009 3591 Christe
1038 3525 1176 3591 eleisum
1208 3525 1318 3610 Kyric
1348 3524 1495 3600 ciatrem
1522 3522 1640 3589 deinde

431 3631 608 3714 subiunget
631 3629 721 3694 elata
735 3651 817 3694 voce
833 3630 942 3697 Pater·
955 3638 1077 3697 noster
1093 3636 1127 3697 et
1142 3635 1363 3716 prosequetur
1378 3630 1543 3698 submissa
1561 3649 1641 3698 voce

433 3740 585 3802 recitare.

519 3863 573 3927 50.
596 3862 768 3930 Parochus
790 3868 940 3952 porriget
963 3867 1125 3952 Episcopo
1147 3868 1379 3952 aspersorium,
1404 3886 1470 3952 quo
1485 3877 1640 3958 asperget

432 3971 463 4032 in
488 3968 604 4044 medio,
632 3973 817 4036 asinistris
847 3978 882 4037 ct
911 3973 1080 4038 adextris
1112 3975 1180 4038 suis
1208 3975 1315 4039 solum
1347 3976 1556 4055 coemeterii,
1588 3978 1642 4044 rel

431 4095 574 4159 pannum
598 4077 730 4161 nigrum
753 4079 894 4162 positum
917 4081 950 4142 in
974 4083 1163 4165 parimento
1186 4082 1346 4147 ecclesiae
1369 4089 1404 4148 ct
1425 4083 1559 4150 reddito
1575 4085 1642 4151 Pa-

433 4184 533 4246 rocho
550 4187 746 4268 aspersorio,
763 4185 903 4268 accipiet
913 4186 953 4248 ab
966 4207 1006 4250 eo
1018 4188 1237 4264 thuribulum,
1251 4209 1314 4272 quo
1326 4191 1512 4256 incensabit
1528 4194 1642 4260 eodem

431 4289 525 4354 modo
548 4311 588 4355 ac
610 4294 798 4376 asperserit,
823 4297 858 4355 et
880 4291 1009 4358 reddito
1032 4296 1215 4374 thuribulo,
1239 4297 1417 4383 subiunget
1446 4307 1642 4384 sequentes:

541 4509 572 4576 5.
598 4505 642 4570 Et
665 4527 706 4572 ne
730 4526 789 4570 nos
812 4505 945 4574 indicas
970 4511 1003 4576 in
1026 4515 1254 4584 tentationem.

544 4637 577 4708 rt.
603 4629 665 4694 Sed
690 4629 797 4695 libera
820 4651 878 4696 nos
902 4653 922 4696 a
945 4638 1041 4701 malo.
