4175 5717
609 695 673 760 354
1075 712 1141 758 me.
1165 712 1187 758 1.
1237 717 1241 732 ·

611 823 664 888 37.
689 820 807 885 Dicere
835 817 982 886 Oramus
1005 825 1183 902 antequam
1207 820 1320 884 veniat
1341 819 1383 884 ad
1406 819 1551 896 Missale,
1570 818 1745 905 duplicare

521 933 655 996 literam
683 926 709 994 0
732 928 779 991 ita
801 933 839 990 ut
861 946 922 1012 pro
949 925 1097 992 Oramus
1120 926 1209 991 dicat
1223 926 1295 992 fere
1315 925 1492 993 Coranus.
1517 927 1644 992 lntueri
1660 925 1745 994 Cru-

522 1059 593 1104 cem
617 1034 754 1100 dicendo
782 1032 939 1100 Oramus.

610 1144 662 1209 38.
688 1142 844 1206 Recitare
868 1141 1034 1205 orationes
1059 1159 1126 1204 non
1150 1141 1273 1205 iunctis
1296 1148 1355 1206 aut
1372 1133 1439 1205 n'on
1455 1142 1580 1226 apertis
1595 1147 1674 1206 ante
1690 1162 1746 1228 pe-

523 1259 597 1317 ctus
620 1248 781 1325 manibus,
805 1253 865 1312 aut
888 1248 937 1312 uti
960 1246 1002 1311 ad
1025 1246 1205 1332 legendum
1240 1266 1346 1332 parvo
1377 1247 1581 1334 conspicillo,
1612 1267 1678 1332 quo
1710 1249 1745 1314 in

523 1379 603 1425 casu
627 1377 743 1421 manus
767 1375 834 1419 non
855 1363 992 1444 possent
1015 1375 1088 1420 esse
1112 1361 1256 1440 apertae.

563 1467 571 1482 '
610 1466 663 1529 39.
688 1463 814 1530 Oculos
837 1460 878 1526 ad
902 1461 1043 1527 Crucem
1067 1467 1125 1526 aut
1149 1463 1182 1525 in
1206 1463 1336 1527 coelum
1360 1482 1427 1527 non
1442 1462 1616 1528 intendere
1640 1483 1745 1548 quum

522 1596 543 1638 a
566 1574 699 1638 rubrica
715 1570 965 1658 praescribitur,
983 1575 1102 1635 contra
1118 1577 1229 1635 autem
1244 1571 1404 1635 attollere
1427 1591 1527 1655 quum
1551 1591 1617 1636 non
1642 1589 1746 1657 prae-

521 1681 689 1747 scribitur.

611 1789 663 1852 40.
688 1785 740 1850 ild
764 1785 904 1851 Mundo
927 1805 989 1852 cor
1011 1804 1128 1851 meum
1151 1786 1261 1851 dicere
1292 1786 1378 1853 Iube
1401 1787 1535 1854 Domne
1564 1806 1625 1872 pro
1655 1785 1746 1854 Iube

525 1896 680 1971 Domine,
692 1892 905 1970 benedicere,
921 1899 981 1958 aut
996 1892 1143 1957 osculari
1160 1893 1278 1958 Altare
1301 1901 1375 1979 post
1398 1894 1486 1958 hanc
1505 1894 1745 1979 precationem.

612 2002 664 2064 41.
691 1999 842 2064 Manibus
859 2001 1014 2065 insistere
1037 2000 1148 2064 Alteri
1172 2000 1213 2065 ad
1232 2000 1372 2067 Munda
1384 2020 1446 2067 cor
1458 2020 1583 2078 meum,
1600 2000 1641 2066 ad
1658 1998 1749 2068 San·

524 2115 612 2182 ctus,
637 2107 679 2171 ad
701 2107 827 2192 Aquas
852 2107 926 2172 Dei.
1714 2131 1721 2142 ·

612 2215 664 2280 42.
690 2214 879 2299 Incipiendo
902 2214 1125 2298 Evangelimn
1148 2234 1281 2280 manum
1305 2217 1474 2280 sinistram
1489 2235 1557 2281 non
1572 2217 1746 2302 imponere

526 2323 662 2399 Missali,
687 2328 725 2387 ut
749 2321 865 2387 Crucis
890 2322 1020 2406 signum
1044 2342 1145 2407 super
1174 2327 1305 2388 textum
1336 2325 1455 2408 signet,
1480 2343 1551 2401 nec,
1576 2343 1677 2408 quum
1708 2343 1748 2390 se

523 2431 646 2516 pollice
670 2428 823 2514 signabit,
848 2447 980 2493 manum
1004 2429 1153 2494 eamdem
1188 2429 1275 2494 infra
1308 2436 1423 2516 pectus
1446 2450 1580 2516 ponere,
1604 2449 1669 2496 nec
1691 2429 1748 2496 di-

524 2540 611 2623 gitos
634 2545 750 2602 tenere
774 2542 940 2601 extensos.
1577 2547 1581 2556 ’

611 2644 664 2708 43.
690 2644 945 2710 Inclinationem
968 2645 1081 2710 facere
1105 2665 1223 2710 versus
1248 2644 1389 2710 Crucem
1412 2647 1447 2709 in
1462 2646 1603 2732 legendo
1627 2647 1748 2712 Evan-

524 2753 622 2838 gelio,
646 2758 707 2818 aut
727 2748 954 2836 genuflectere
979 2751 1119 2817 Crucem
1143 2771 1209 2818 non
1239 2753 1363 2818 librum
1397 2773 1525 2831 versus,
1550 2775 1651 2839 quum
1682 2774 1748 2842 ge-

526 2858 672 2925 nuflexio
695 2862 902 2946 praescripta
925 2861 978 2924 sit.

616 2968 669 3031 44.
694 2967 746 3032 Ad
769 2972 800 3040 t.
826 2967 871 3034 Et
901 2968 1113 3044 coturnatas¹
1142 2966 1369 3053 genuflectere
1392 2977 1534 3053 utroque
1557 2989 1656 3055 genu,
1689 2971 1750 3037 vel

474 3107 479 3112 ·
527 3077 650 3140 morari
675 3077 708 3138 in
732 3072 976 3160 genuflexione,
1001 3082 1060 3140 aut
1083 3084 1184 3161 caput
1207 3078 1306 3142 etiam
1330 3076 1501 3178 inclinare.

615 3183 667 3248 45.
692 3183 853 3248 inchoare
877 3183 993 3250 Crucis
1024 3186 1155 3269 signum
1178 3186 1269 3270 prius
1300 3205 1397 3269 quam
1432 3186 1535 3251 verba
1569 3186 1614 3254 m
1636 3187 1750 3254 citam

528 3292 669 3357 vectari
690 3292 807 3357 seculi.

616 3399 668 3462 46.
693 3398 857 3483 Detegere
881 3399 1025 3466 Calicem
1049 3400 1126 3465 dum
1150 3402 1313 3466 recitatur
1331 3401 1443 3468 Credo
1459 3408 1519 3467 aut
1535 3421 1634 3485 quum
1660 3403 1752 3490 legi·

529 3519 585 3572 tur
609 3512 640 3580 t.
666 3503 845 3572 Offertorii.

615 3616 670 3677 47.
699 3614 855 3679 Recitare
879 3615 1029 3680 eumdem
1054 3635 1186 3680 versum
1211 3618 1358 3682 extensis
1382 3615 1542 3682 manibus.

616 3721 668 3784 48.
693 3721 777 3785 Dum
802 3721 937 3787 Hostiae
960 3721 1017 3788 flet
1041 3722 1166 3789 oblatio
1190 3725 1313 3789 intueri
1338 3723 1486 3801 Crucem,
1510 3732 1569 3789 aut
1599 3732 1669 3790 tres
1695 3726 1750 3793 di-

527 3831 613 3913 gitos
638 3829 814 3894 inferiores
838 3830 898 3895 sub
923 3838 1044 3917 patena
1067 3851 1133 3895 non
1157 3831 1348 3897 extendere.

616 3938 668 4001 49.
698 3938 835 4003 Detecto
853 3936 976 4016 Calice,
1001 3940 1113 4005 velum
1137 3948 1212 4026 post
1235 3942 1340 4025 ipsum
1364 3909 1542 4025 utcumlue
1565 3940 1751 4028 implicare.

615 4046 667 4110 50.
694 4045 837 4111 Calicem
872 4054 1006 4132 tergere
1038 4048 1213 4125 violenter,
1237 4054 1297 4113 aut
1330 4047 1406 4112 dum
1441 4067 1460 4113 e
1493 4048 1599 4112 medio
1634 4048 1750 4116 Altari

459 4217 472 4240 ,
529 4153 683 4218 transibit
707 4154 740 4216 in
764 4173 867 4217 cornu
893 4155 1073 4240 Epistolae:
1098 4158 1245 4241 incipere
1262 4158 1444 4220 orationem
1473 4157 1568 4222 Deus
1592 4157 1657 4241 qui
1678 4159 1751 4224 ltu-

529 4281 655 4326 macac
679 4260 894 4327 substantiae
921 4261 996 4327 dum
1022 4263 1135 4326 vinum
1159 4266 1191 4327 in
1218 4262 1361 4328 Calicem
1386 4262 1548 4339 infundet,
1572 4270 1632 4328 aut
1655 4267 1751 4349 prius

530 4389 628 4450 quam
652 4368 834 4452 ampullam
858 4371 925 4433 vini
950 4369 1101 4455 deponat.

615 4474 667 4539 51.
693 4477 853 4542 Patcnam
876 4497 950 4542 cum
975 4477 1091 4542 Hostia
1114 4479 1168 4544 vel
1203 4478 1347 4543 Calicem
1379 4479 1412 4541 in
1443 4475 1611 4544 offertorio
1646 4479 1748 4545 nimis

533 4580 676 4658 elevare,
702 4592 758 4647 aut
784 4593 960 4669 utrumque
984 4584 1123 4650 demisse
1147 4587 1241 4650 nimis
1265 4577 1441 4652 sustinere.
