4175 5717
605 769 668 835 188
1056 787 1122 836 nra.
1147 785 1182 836 11.

514 904 624 964 vertet
640 897 679 963 ad
698 897 885 984 fragmenta
901 903 1021 984 patena
1036 895 1228 984 colligenda
1243 917 1282 962 eo
1298 895 1374 963 loco
1390 915 1454 992 quo
1470 900 1545 964 erat
1560 917 1590 962 s.
1607 889 1734 974 Hostia,

513 1027 596 1091 quae
621 1007 737 1072 clausa
760 1007 826 1072 erit
850 1007 941 1072 intra
964 1006 1112 1072 calicem.

600 1117 653 1183 26.
678 1118 759 1181 Post
783 1114 1052 1180 Communionem
1076 1114 1189 1180 clerici
1215 1115 1384 1180 intorticia
1407 1115 1615 1180 sustinentes
1650 1133 1732 1180 con-

512 1231 662 1310 surgent,
687 1230 721 1288 et
752 1223 841 1288 iacta
871 1221 1105 1309 genuflexione
1137 1222 1177 1288 ad
1210 1221 1460 1288 Sacramentum
1490 1219 1729 1300 tantummodo,

513 1333 554 1398 ad
578 1333 747 1398 intorticia
772 1330 963 1417 deponenda
987 1329 1167 1397 discedent.

600 1441 653 1507 27.
679 1439 860 1506 celebrans
883 1440 1087 1504 ablutionem
1111 1439 1250 1526 accipiet
1274 1458 1374 1528 super
1397 1437 1508 1504 Alteri
1542 1437 1600 1506 sed
1635 1443 1725 1504 extre
1847 1433 1864 1534 ’ᾗ

513 1549 697 1634 corporale,
722 1549 792 1612 sine
808 1543 1041 1632 genuflexione
1065 1553 1098 1613 et
1121 1551 1274 1633 perstans
1291 1547 1324 1612 in
1341 1545 1458 1624 medio,
1482 1545 1635 1634 paullum
1651 1551 1732 1612 tan-

514 1663 583 1722 tum
607 1676 789 1720 conversus
813 1654 854 1719 ad
878 1653 968 1720 latus
992 1654 1173 1741 Epistolae.

599 1763 652 1828 28.
679 1762 796 1828 Glerus
820 1764 853 1827 in
878 1763 980 1828 choro
1003 1781 1069 1827 non
1094 1761 1277 1830 considebit
1300 1768 1374 1850 post
1396 1761 1676 1840 Gommunionem,
1692 1773 1782 1832 in

512 1874 597 1938 ratio
621 1871 784 1936 habeatur
808 1869 865 1936 SS.
891 1869 1098 1936 Sacramenti
1124 1872 1156 1936 in
1174 1871 1285 1936 Alteri
1309 1871 1460 1956 expositi.

597 1979 650 2045 29.
676 1978 757 2043 Post
779 1978 863 2043 baec
895 1979 1048 2056 Ministri,
1073 1980 1152 2063 quin
1176 1975 1404 2064 genuflectant
1427 1997 1447 2042 a
1477 1975 1641 2044 lateribus
1665 1975 1809 2050 ΟΞ

511 2086 682 2164 lebrantis,
706 2086 817 2150 locum
842 2085 1026 2164 mutabunt,
1052 2091 1089 2151 ut.
1113 2087 1146 2150 in
1170 2085 1245 2150 aliis
1269 2085 1389 2162 Missis,
1414 2083 1470 2150 sed
1500 2079 1817 2172 genuflectet-nt

511 2198 544 2260 in
568 2194 674 2259 medio
702 2191 1051 2280 post‚Gelebrant-am.
1078 2191 1304 2259 Subdiaconus
1331 2190 1469 2258 calicem
1504 2191 1674 2278 cooperiet
1794 2197 1822 2260 et

511 2303 552 2369 ad
583 2303 719 2368 abacum
755 2302 891 2378 referet,
923 2301 980 2368 sed
1016 2302 1183 2387 relinquet
1214 2300 1400 2387 corporale,
1433 2319 1534 2387 super
1563 2319 1630 2386 quo
1664 2319 1757 2366 ex
1782 2301 1821 2370 rit

512 2411 568 2478 SS.
594 2411 855 2477 Sacramentum.

599 2519 652 2586 30.
678 2519 809 2584 luterea
832 2515 897 2582 duo
913 2517 967 2583 vel
993 2518 1107 2603 plures
1124 2519 1239 2585 clerici
1256 2519 1440 2586 accendent
1462 2523 1497 2584 et
1519 2519 1552 2584 in
1575 2523 1810 2606 promptqtu

508 2627 678 2693 habebunt
701 2625 872 2691 intorticia
895 2624 950 2690 vel
981 2624 1138 2692 candelas
1162 2646 1320 2692 accensas
1353 2625 1453 2693 Glero
1485 2623 1804 2700 distribuenffim

509 2734 728 2821 processionis
751 2751 880 2808 caussa;
905 2733 984 2798 item
1008 2733 1073 2798 duo
1106 2735 1316 2800 thuriferarii
1346 2733 1594 2821 praeparabunt
1617 2733 1794 2802 thu-i-

510 2842 590 2908 bula
613 2861 686 2907 cum
712 2841 787 2926 igne
811 2841 843 2903 in
867 2837 932 2905 fine
955 2840 1076 2906 Missae
1101 2840 1294 2907 adhibenda:
1320 2842 1351 2905 in
1369 2841 1517 2906 sacrario
1540 2859 1577 2906 se
1600 2837 1789 2926 para—lit

513 2952 646 3026 amictu,
671 2947 758 3022 alba,
783 2947 930 3032 cingulo,
954 2952 988 3012 et
1004 2947 1168 3014 tunicella
1184 2948 1250 3014 albi
1267 2948 1389 3014 coloris
1406 2946 1635 3014 Subdiaconus
1652 2947 1790 3014 (irri-

509 3078 580 3124 cem
611 3063 813 3142 gestaturus:
838 3055 910 3121 'duo
941 3055 1057 3121 clerici
1082 3059 1223 3142 prompti
1256 3063 1355 3122 erunt
1383 3055 1424 3122 ad
1458 3055 1791 3122 transferendum

511 3165 741 3232 umbraculum
764 3163 886 3228 hastile
910 3170 987 3229 ante
1011 3163 1139 3240 ditare,
1166 3163 1220 3230 rel
1244 3163 1285 3228 ad
1309 3166 1494 3250 ingressum
1516 3157 1797 3250 presbyterii.

510 3293 609 3358 quum
634 3273 772 3338 Sacrum
795 3277 966 3357 peractum
991 3272 1065 3346 erit,
1083 3279 1117 3336 et.
1133 3270 1174 3336 ad
1190 3271 1367 3337 tradendas
1391 3272 1503 3337 hastas
1523 3269 1806 3357 dignioribus

509 3378 548 3444 de
582 3379 689 3455 Claro,
723 3399 804 3463 quos
832 3377 1020 3443 admonebit
1055 3378 1146 3463 prius
1179 3384 1213 3444 at
1244 3377 1398 3444 invitabit
1428 3378 1810 3444 eaeremoniarius:

510 3486 653 3550 clericus
676 3485 795 3570 aliquis
820 3485 873 3550 vel
898 3487 999 3550 etiam
1023 3485 1183 3570 Acolytbi
1208 3485 1423 3571 explicabunt
1446 3487 1479 3552 in
1503 3505 1640 3554 scamno
1664 3479 1821 3558 GE*

510 3594 669 3659 lebrantis
694 3600 728 3658 et
751 3593 979 3659 Ministrorum
1002 3591 1161 3678 pluviale,
1190 3611 1255 3678 quo
1278 3595 1346 3680 ipse
1378 3592 1559 3660 Gelebrans
1585 3593 1823 3662 induem·

509 3701 571 3766 dus
594 3701 668 3776 erit,
693 3707 792 3784 atqua
815 3719 901 3764 unus
926 3699 981 3765 vel
1005 3700 1118 3785 plures
1149 3700 1265 3766 clerici
1295 3700 1451 3767 candelas
1481 3702 1669 3770 accendent
1736 3683 1827 3754 ΞΠ

510 3807 645 3886 sacello,
671 3810 703 3872 in
727 3826 792 3892 quo
815 3814 1004 3892 exponetur
1027 3805 1084 3873 SS.
1110 3807 1371 3874 Sacramentum.

596 3916 647 3982 31.
674 3915 708 3981 Si
732 3915 822 3981 Gleri
847 3934 1005 3980 numerus
1030 3922 1118 3982 esset
1143 3918 1294 4002 exiguus,
1312 3937 1418 4002 neque
1442 3916 1574 3984 adesset
1591 3909 1737 3986 Subli
1796 3915 1830 3962 ⁸·

508 4045 611 4091 conus
636 4025 690 4108 qui
715 4029 851 4109 paratus
874 4023 981 4088 ferret
1005 4023 1155 4100 Crucem,
1180 4025 1335 4111 supplere
1359 4026 1483 4112 poterit
1506 4024 1653 4092 clericus
1683 4041 1717 4088 s
1744 4023 1830 4070 Ἴ·

509 4133 703 4219 perpellicio
728 4127 872 4196 indutus.

598 4241 651 4306 32.
683 4241 860 4323 Postquam
893 4237 1073 4304 Celebrans
1108 4239 1312 4306 ablutionem
1348 4241 1535 4328 sumpserit,
1568 4249 1603 4308 et
1634 4237 1819 4308 laba*

509 4349 734 4434 purificatorio
757 4346 969 4417 absterserit,
994 4346 1132 4411 calicem
1157 4347 1364 4413 Subdiacono
1400 4350 1594 4426 committet,
1620 4345 1811 4436 geni-2¹·

510 4455 684 4523 flexionem
702 4477 767 4523 uno
783 4473 870 4540 genu
894 4454 1022 4530 efficiet,
1042 4455 1190 4522 manibus
1207 4456 1363 4521 insistens
1381 4454 1492 4521 Altari
1510 4455 1610 4542 (quod
1628 4455 1798 4524 etiam

509 4561 660 4648 deinceps
692 4565 801 4640 saciet,
831 4563 895 4628 nisi
924 4561 1024 4626 aliter
1048 4562 1282 4650 praecipiatur)
1307 4569 1341 4629 et
1365 4563 1398 4627 in
1433 4563 1523 4629 latus
1553 4561 1783 4651 Epistoln⁶

510 4671 672 4746 transibit,
697 4674 751 4739 ubi
775 4693 793 4738 e
816 4669 943 4736 Missali
966 4672 1058 4756 leget
1081 4670 1283 4736 versiculum
1311 4671 1524 4739 Communia.
