4175 5717
984 697 1049 747 1213·
1076 697 1095 746 Ι.

626 909 677 968 DE
698 909 854 969 orricio
874 910 1228 972 cauunmoumuum
1249 910 1449 972 MAGISTRI.

996 1037 1084 1056 .-

918 1257 1062 1326 GAPUT
1087 1257 1163 1324 XV.

434 1573 461 1634 1.
489 1486 693 1644 Sacrarum
719 1566 928 1632 functionum
952 1565 1053 1632 decus
1084 1566 1124 1631 ab
1156 1573 1315 1633 accurata
1346 1569 1471 1634 rituum
1506 1571 1543 1634 et
1580 1587 1655 1634 cae-

431 1677 652 1743 remoniarum
684 1675 964 1760 praescriptarum
997 1676 1213 1740 exsecutione
1248 1674 1421 1762 dependet.
1454 1675 1539 1752 Quia
1570 1695 1653 1742 uero

430 1804 497 1848 non
521 1802 633 1848 omnes
668 1781 896 1848 Ecclesiastici
930 1781 1058 1847 callere
1089 1789 1228 1868 possunt
1260 1785 1422 1849 rationem
1452 1793 1654 1850 cunctarum

431 1891 649 1960 functionum.
673 1911 754 1974 quas
777 1890 841 1954 hoc
865 1909 965 1975 opere
992 1889 1193 1976 descripturi
1224 1911 1347 1968 sumus,
1378 1891 1502 1957 idcirco
1535 1891 1656 1958 Caere-

430 1999 625 2104 moniprium
649 1998 801 2083 Magistri
825 1994 967 2061 officium
991 1998 1159 2082 sapienter
1183 1999 1371 2063 institutum
1396 2004 1457 2076 est,
1480 1997 1569 2082 quod
1585 1999 1656 2084 qui·

431 2106 503 2171 dem
528 2111 659 2191 oportet
683 2107 776 2170 utin
801 2105 966 2169 universis
989 2104 1150 2170 Ecclesiis
1174 2105 1422 2171 cathedralibus
1438 2109 1472 2172 et
1488 2105 1654 2192 collegia-

433 2216 484 2292 tis,
510 2233 571 2279 nec
595 2233 660 2278 non
684 2214 717 2277 in
741 2213 826 2289 aliis,
851 2212 907 2277 ubi
923 2232 1122 2278 numerosus
1138 2219 1190 2278 est
1207 2211 1336 2288 Glerus,
1350 2214 1549 2299 reperiatur.
1568 2213 1654 2290 Qui-

431 2322 492 2386 bus
516 2325 627 2387 autom
651 2322 684 2384 in
710 2320 871 2402 Ecclesiis
896 2341 972 2386 raro
1003 2326 1161 2386 cantat-ur
1184 2321 1294 2396 Missa,
1325 2326 1359 2385 et
1389 2321 1562 2407 quaepiam
1586 2321 1656 2386 alia

430 2429 557 2494 functio
581 2428 781 2504 celebratur,
806 2429 986 2514 pertinebit
1009 2427 1050 2494 ad
1074 2447 1149 2494 eum
1173 2429 1227 2512 qui
1245 2447 1342 2510 sacro
1359 2426 1483 2516 templo
1507 2433 1654 2513 praeest,

430 2537 573 2622 aliquem
597 2537 859 2602 ecclesiasticum
883 2535 1037 2603 idoneum
1062 2537 1198 2622 eligere,
1224 2537 1279 2620 qui
1311 2554 1425 2602 sacras
1459 2536 1656 2604 functiones

431 2649 523 2711 recte
546 2643 737 2711 moderandi
761 2641 867 2710 officio
890 2645 985 2730 fungi
1008 2645 1123 2730 possit.

518 2753 549 2819 2.
575 2751 866 2819 Gaeremoniarum
889 2753 1061 2838 Magister,
1079 2753 1159 2826 sire,
1177 2755 1214 2817 ut
1230 2753 1334 2829 aiunt,
1352 2751 1655 2832 caeremoniarius,

432 2881 537 2926 exeo
562 2861 648 2944 quod
674 2861 912 2948 Episcoporum
938 2859 1190 2927 caeremoniale
1214 2860 1420 2946 praescribit,
1445 2881 1584 2928 necesse
1604 2867 1661 2929 eet

432 2974 469 3033 ut
493 2969 700 3034 Sacerdotali
724 2967 885 3055 dignitate
910 2968 1097 3053 insignitus,
1122 2975 1181 3032 aut
1205 2967 1322 3032 saltem
1347 2967 1451 3033 sacris
1481 2967 1658 3036 ordinibus

432 3077 580 3142 initiatus
604 3077 656 3139 sit.

520 3185 551 3248 3.
576 3182 728 3250 Officium
752 3183 853 3260 illiue,
879 3183 964 3249 idem
989 3182 1241 3250 Caeremoniale
1257 3188 1444 3268 sequentes,
1462 3183 1503 3251 ad
1519 3187 1585 3250 tria
1602 3207 1661 3254 ca-

432 3292 500 3376 pita
524 3281 674 3376 redigere
698 3312 882 3377 possumus.
907 3292 1019 3356 Primo
1043 3312 1144 3375 quum
1168 3290 1312 3376 aliquam
1344 3310 1471 3356 sacram
1504 3291 1659 3360 functio-

433 3418 507 3463 nem
532 3401 576 3464 sit
599 3400 842 3477 moderaturus,
874 3401 1069 3485 priusquam
1105 3401 1234 3464 initium
1260 3397 1325 3475 fiat,
1359 3400 1520 3485 inspicere
1556 3400 1660 3468 debet

433 3527 475 3570 an
499 3507 569 3573 siut
591 3527 655 3573 suo
682 3528 844 3593 qumque
868 3511 940 3575 loco
971 3515 1195 3590 praeparata
1218 3514 1250 3575 et
1279 3526 1436 3593 congruo
1470 3508 1657 3590 dispositu:

433 3633 496 3679 aec
509 3621 682 3697 procetur
699 3616 891 3701 aliquando
909 3613 1036 3701 (quum
1057 3616 1184 3684 'obterit
1194 3615 1449 3701 necessarium)
1462 3617 1567 3682 etiam
1577 3620 1660 3686 auis

434 3721 596 3788 caurcibus
620 3724 793 3789 adiuuare
808 3725 989 3791 rcz'aistros
1006 3731 1210 3809 ceterosque
1227 3743 1354 3799 ornares,
1373 3742 1527 3808 quorum
1543 3744 1659 3808 opera

433 3829 486 3896 uti
508 3829 686 3912 oportebit.
713 3830 836 3895 Rerum
861 3833 1124 3898 necessariarum
1148 3850 1207 3917 pro
1231 3830 1457 3896 functionibus
1480 3833 1586 3898 sacris
1610 3833 1660 3898 di-

432 3937 568 4021 spositio
591 3935 662 4002 fieri
686 3937 784 4003 debet
806 3939 846 4002 ab
870 3939 1011 4005 Aedituo
1035 3947 1070 4006 et
1100 3961 1120 4004 a
1150 3939 1270 4005 ceteris
1301 3940 1356 4022 qui
1388 3939 1561 4005 Ecclesiae
1586 3961 1659 4008 ser-

434 4045 561 4109 vientes
585 4045 626 4109 ab
650 4066 689 4111 eo
713 4046 908 4131 dependent.
926 4049 962 4112 In
979 4050 1078 4114 huius
1094 4049 1203 4134 operis
1220 4067 1399 4133 progressu
1415 4049 1657 4133 cuiuscumque

431 4152 569 4236 capituli
593 4153 684 4218 initio
709 4173 762 4218 res
787 4155 821 4218 in
845 4175 974 4240 quaque
996 4157 1170 4221 functione
1193 4154 1440 4242 praeparandae
1471 4155 1657 4241 diligenter

432 4259 648 4325 notabuntur.

519 4367 549 4429 4.
575 4366 730 4434 Alterum
755 4378 854 4456 caput
877 4379 928 4436 est
952 4372 1135 4456 vigilantia,
1160 4393 1225 4456 qua
1249 4373 1297 4437 uti
1321 4370 1419 4436 debet
1442 4371 1481 4436 de
1509 4372 1655 4458 singulis

433 4471 692 4560 uniuscuiusque
717 4476 841 4556 officiis,
868 4485 905 4544 ut
928 4481 1023 4544 malis
1049 4480 1162 4546 usibus
1186 4485 1220 4545 et
1243 4480 1331 4545 vitiis
1355 4478 1395 4544 de
1420 4478 1526 4546 medio
1542 4481 1656 4547 subla·

433 4576 485 4652 tis,
510 4598 624 4646 sacrae
649 4587 875 4654 caeremoniae
900 4588 966 4653 ritu
991 4588 1030 4654 ab
1056 4588 1207 4654 Ecclesia
1224 4592 1350 4652 statuto
1367 4593 1523 4655 accurate
1540 4587 1655 4654 obser·
