4175 5717
525 802 590 866 2111)·
990 819 1055 867 uin.
1082 821 1102 868 1.

443 960 449 972 ·
530 929 580 994 13.
605 927 714 1002 Quum
738 933 875 993 rentum
899 929 964 992 erit
987 928 1020 991 in
1044 926 1178 993 aditum¹
1200 929 1304 1004 chori,
1335 926 1450 992 clerici
1477 925 1519 992 ad
1549 925 1666 992 latera

441 1036 649 1101 Celebrantis
672 1054 708 1099 se
739 1035 923 1119 disponent,
955 1035 1079 1119 primus
1109 1041 1221 1101 autem
1252 1055 1294 1100 ex
1325 1035 1364 1100 iis
1394 1054 1415 1099 a
1447 1032 1663 1110 Gelebmnte,

438 1146 494 1228 qui
516 1142 655 1208 nudabit
677 1149 788 1227 caput,
813 1142 951 1227 accipiet
974 1141 1127 1218 biretum,
1152 1145 1288 1228 eiusque
1305 1161 1438 1207 manum
1456 1146 1492 1207 et
1513 1139 1664 1206 biretum

440 1254 545 1337 ipsum
569 1249 785 1316 osculabitur.
875 1241 880 1248 ’

530 1359 579 1422 14.
606 1356 639 1422 Si
664 1356 783 1423 Glerus
807 1357 841 1421 in
864 1357 967 1422 choro
990 1359 1055 1422 iam
1078 1355 1196 1433 aderit,
1215 1357 1405 1422 reverentia
1420 1376 1440 1421 a
1457 1353 1663 1422 Gelebrante

438 1473 472 1531 et
495 1465 627 1531 clericis
650 1462 707 1529 flet
730 1466 872 1549 primum
897 1484 1015 1531 versus
1038 1484 1143 1530 cornu
1171 1465 1356 1548 Evangelii,
1381 1463 1498 1529 deinde
1530 1463 1664 1550 Episto-

437 1574 500 1639 lae.
526 1572 583 1638 Sin
607 1571 727 1638 Glerus
758 1571 950 1665 celebranti
981 1572 1015 1636 in
1045 1571 1219 1638 functione
1253 1571 1404 1657 praeibit,
1432 1589 1499 1637 non
1529 1575 1582 1636 est
1606 1567 1662 1634 illi

439 1681 648 1746 reverentiae
671 1679 777 1745 locus.

529 1788 579 1852 15.
604 1787 779 1871 Progressi
802 1791 880 1851 ante
903 1787 1023 1852 Altare
1046 1769 1274 1872 genuflectent
1303 1787 1336 1850 in
1369 1787 1567 1873 pavimento:
1592 1784 1664 1852 cle·

438 1897 527 1961 ricus
549 1896 638 1960 alter
661 1896 694 1958 in
718 1912 778 1959 suo
801 1893 908 1958 latere
932 1893 1138 1978 geniculabit
1161 1894 1275 1979 paullo
1306 1899 1381 1979 post
1412 1893 1660 1970 Celebrante'm;

437 2005 561 2089 primus
584 2010 696 2067 autem
720 2001 865 2066 clericus
888 2000 948 2065 ibit
971 2001 1012 2066 ad
1027 2021 1199 2067 scamnum
1216 2001 1257 2066 ad
1278 1999 1507 2087 deponendum
1530 2001 1574 2066 ibi
1600 1999 1662 2068 Ge·

433 2110 595 2177 l'ebrantis
619 2111 772 2186 biretum,
796 2128 836 2174 ac
858 2128 1015 2175 reversus
1038 2107 1079 2173 ad
1108 2109 1226 2174 Altare
1249 2128 1359 2194 genua
1381 2106 1496 2175 flectet
1525 2109 1560 2174 iu
1595 2127 1660 2176 suo

435 2217 541 2282 latere
561 2236 662 2302 prope
686 2214 918 2282 celebrantem
942 2217 1037 2299 eique
1072 2216 1106 2280 in
1141 2216 1350 2282 confessione
1382 2215 1555 2283 recitanda
1590 2235 1662 2284 uua

436 2345 511 2390 cum
534 2324 623 2388 socio
648 2322 868 2408 respondebit..

526 2430 576 2495 lo.
601 2429 669 2496 Sub
693 2429 790 2495 finem
821 2430 1038 2496 consessionis
1070 2430 1138 2495 bini
1168 2430 1283 2497 clerici
1307 2437 1494 2518 assurgent,
1525 2437 1661 2518 partem
1718 2483 1723 2496 .

434 2539 636 2603 anteriorem
667 2539 769 2602 vestis
799 2546 834 2602 et
866 2536 962 2603 albae
997 2537 1207 2602 Celebrantis
1239 2538 1421 2605 sustollent
1444 2538 1659 2606 ascendentis

434 2644 474 2709 ad
498 2644 629 2720 Altera,
653 2664 771 2709 rursus
795 2664 904 2729 genua
928 2641 1066 2710 flectent
1091 2645 1122 2708 in
1149 2642 1259 2710 infimo
1282 2644 1399 2730 gradu,
1417 2665 1452 2710 se
1476 2645 1661 2732 signabunt

434 2772 509 2818 curn
534 2750 733 2818 Celebrante
756 2751 799 2816 ad
822 2753 1007 2828 introitum,
1032 2753 1128 2835 eique
1151 2750 1192 2816 ad
1216 2751 1328 2837 Kyrie
1353 2751 1611 2838 respondebunt.

526 2859 575 2924 17.
600 2857 634 2924 Si
659 2857 841 2924 Celebrans
864 2856 941 2923 dum
964 2857 1156 2924 cantabitur
1173 2859 1284 2945 Kyrie
1307 2879 1434 2924 sessum
1453 2859 1521 2937 ibit,
1545 2879 1660 2926 assur-

433 2974 549 3055 gentes
574 2968 688 3032 clerici
714 2967 858 3036 coibunt,
883 2965 924 3031 ad
960 2965 1103 3031 medium
1133 2966 1271 3044 Altaris,
1295 2963 1523 3052 genuflectent
1556 2973 1593 3032 et
1615 2947 1679 3032 ad·

433 3072 602 3142 scamnum
627 3095 702 3141 cum
727 3073 925 3139 celebrante
948 3080 1098 3158 pergent
1124 3075 1249 3159 primus
1265 3093 1286 3138 a
1301 3074 1440 3150 dextris,
1458 3074 1547 3141 alter
1569 3093 1592 3138 a
1616 3075 1659 3139 si·

434 3186 549 3249 nistris
573 3183 644 3247 eius
667 3182 835 3256 subsistet,
859 3182 955 3265 eique
977 3187 1106 3266 partem
1129 3182 1346 3275 posteriorem
1370 3181 1524 3266 planetae
1547 3181 1657 3258 attol-

433 3292 542 3357 lentes
565 3309 666 3375 super·
690 3289 880 3374 postergale
903 3290 1028 3353 scamni
1053 3290 1222 3373 imponent
1244 3294 1427 3353 extensam:
1451 3289 1578 3374 primus
1603 3289 1658 3356 illi

432 3399 575 3464 biretum
599 3396 711 3462 tradet
733 3416 808 3461 curn
832 3396 965 3460 osculis:
991 3396 1033 3460 ibi
1058 3395 1193 3459 stabunt
1217 3397 1250 3459 in
1285 3394 1394 3481 plano,
1419 3394 1571 3461 manibus
1595 3415 1658 3482 pe-

431 3509 518 3571 ctori
541 3505 705 3592 applicitis
736 3513 771 3569 et
801 3504 872 3569 fere
903 3503 1058 3568 conuersi
1089 3502 1179 3567 alter
1206 3501 1246 3567 ad
1278 3503 1422 3569 alterum
1453 3504 1500 3568 ita
1529 3509 1656 3582 tamen,

432 3633 474 3679 ne
497 3620 629 3698 tergum
653 3611 764 3677 Altari
787 3615 997 3677 convertant.

522 3721 572 3785 18.
597 3720 681 3784 Dum
704 3740 725 3783 a
747 3719 850 3784 choro
873 3719 984 3805 Kyrie
1007 3717 1125 3782 ultima
1159 3719 1231 3782 vice
1262 3717 1464 3796 cantabitur,
1495 3719 1589 3804 prior
1616 3721 1658 3786 si·

430 3849 531 3916 gnum
548 3827 639 3893 dabit
662 3825 852 3891 Celebranti
874 3826 916 3890 ad
941 3825 1060 3890 Altare
1084 3823 1254 3900 redeundi,
1279 3827 1418 3912 recipiet
1439 3825 1481 3891 ab
1504 3845 1552 3896 eo¹
1569 3825 1657 3893 bire-

431 3944 502 4003 tum
526 3955 601 4002 cum
625 3932 749 3998 osculis
772 3939 807 3998 et
829 3953 929 4017 super
952 3951 1087 3997 scamno
1110 3930 1263 4017 deponet.

521 4044 571 4108 19.
595 4042 743 4124 Uterque
759 4039 793 4104 al
817 4038 926 4103 latera
951 4039 1159 4105 celebrantis
1183 4038 1339 4104 redibunt
1362 4039 1463 4106 simul
1486 4047 1566 4106 ante
1595 4041 1656 4107 Al-

430 4156 512 4227 tare;
537 4150 771 4215 salutationem
796 4167 855 4211 seu
879 4147 1101 4211 reverentiam
1136 4145 1177 4209 ad
1200 4145 1357 4225 Glrorum,
1382 4143 1654 4232 genuflexionem

429 4255 470 4321 ad
501 4257 620 4322 Altare
655 4253 808 4330 efficient,
833 4261 961 4339 partem
990 4255 1191 4318 anteriorem
1225 4256 1325 4319 vestis
1360 4263 1394 4319 et
1423 4255 1520 4320 albae
1552 4253 1655 4320 Gele-

429 4363 557 4430 brantis
573 4363 742 4439 attollent,
767 4363 952 4445 iterumque
976 4364 1011 4426 in
1035 4360 1144 4425 infimo
1168 4361 1274 4445 gradu
1298 4355 1551 4446 geniculabun't.

517 4471 570 4536 20.
596 4473 704 4546 Quum
722 4457 902 4536 celebrans
919 4489 954 4534 se
971 4469 1114 4554 signabit
1130 4467 1170 4532 ad
1189 4469 1291 4534 rerba
1309 4469 1397 4536 Cum
1425 4469 1553 4538 Sancto
1577 4469 1655 4556 spt-

429 4577 513 4654 ra'tu,
538 4599 573 4642 se
596 4578 713 4644 clerici
729 4585 763 4643 et
786 4559 850 4662 ipsi
862 4576 1052 4659 signabunt,
1069 4585 1256 4661 assurgent,
1274 4578 1409 4643 coibunt
1424 4585 1503 4644 ante
1519 4577 1652 4657 Altare,

430 4681 655 4768 genuflectent
680 4684 756 4750 dum
781 4684 961 4750 celebrans
986 4685 1209 4749 reverentiam
1233 4682 1352 4750 efficiet
1376 4692 1410 4751 et
1435 4685 1592 4753 redibunt
1610 4685 1652 4752 ad
