4175 5717
530 731 591 804 138
986 747 1053 802 bra.
1079 749 1113 803 11.

432 866 536 932 adivit.
559 866 731 931 humiliter
755 865 928 951 postulans
953 873 991 929 ut
1013 865 1098 930 velit
1120 863 1298 951 praefinire
1329 859 1406 950 quid
1429 867 1473 933 sit
1507 863 1542 931 in
1577 883 1662 932 casn

434 975 608 1061 agendum.
633 974 844 1060 Quapropter
867 972 1002 1039 dubium
1019 975 1201 1059 proposuit:
1222 1001 1238 1034 α
1256 975 1313 1041 Aa
1331 993 1438 1042 sacra
1455 975 1578 1060 Imopo
1602 975 1664 1044 Di.-

435 1087 509 1153 oiai
531 1084 686 1169 insontis
708 1083 877 1150 Natatitio
912 1089 1066 1166 tempore
1092 1085 1258 1168 principe
1288 1085 1361 1151 loco
1396 1103 1507 1168 super
1540 1085 1665 1174 Alteri

435 1195 595 1277 eapositc
618 1194 663 1260 sit
681 1198 763 1275 post
788 1191 939 1258 Crucem
962 1191 1201 1279 thurificando
1227 1191 1359 1274 triplici
1380 1193 1501 1268 ductu,
1538 1193 1665 1260 codem

432 1322 586 1387 prorsus
596 1299 707 1376 modo,
721 1319 791 1384 quo
807 1301 1015 1366 incensatur
1034 1300 1138 1366 Orac
1152 1319 1234 1366 cum
1250 1300 1404 1386 imopiae
1426 1299 1626 1390 meifioes?
1643 1325 1662 1362 s

524 1409 646 1474 Eadem
671 1409 774 1474 Sacra
798 1407 1030 1493 congregatio,
1055 1407 1170 1472 audita
1193 1408 1358 1473 relatione
1381 1408 1421 1474 ab
1442 1408 1664 1494 infrascripto

436 1517 624 1583 Secretario
648 1517 747 1593 iacta,
772 1534 924 1580 necnon
949 1521 1027 1580 voto
1052 1515 1091 1583 R.
1116 1515 1154 1580 D.
1179 1515 1353 1581 Laurentii
1369 1515 1496 1582 Salvati
1515 1513 1666 1582 Sanctae

436 1625 525 1691 Fidei
550 1625 755 1689 Promotoris
778 1622 996 1699 Coadiutoris‚
1022 1643 1060 1688 re
1083 1629 1213 1689 mature
1237 1629 1460 1708 accurateque
1483 1641 1665 1710 perpensa,

435 1730 683 1798 rescribendum
707 1732 837 1796 censuit
860 1731 1086 1816 Affimnotioe.
1104 1731 1213 1815 Atque
1230 1732 1276 1796 ita
1293 1731 1466 1816 rescripsit
1481 1737 1518 1796 et
1539 1729 1667 1814 ubique

434 1840 585 1906 locorum
610 1839 738 1904 servari
763 1836 942 1902 mandauit.
967 1837 1025 1903 Die
1053 1839 1094 1904 15
1117 1839 1291 1904 Februarii
1318 1839 1413 1904 1873.

984 1982 1110 1996 m—

504 2163 556 2219 Dll
576 2161 713 2218 ruatis
733 2161 842 2226 QUAE
863 2160 1143 2218 NATIVITATEM
1163 2162 1306 2219 DOMINI
1337 2161 1592 2228 SEQUUNTUR

927 2468 1071 2536 CAPUT
1096 2470 1161 2536 XV

437 2705 463 2768 l.
496 2627 664 2778 Diebus
689 2702 902 2786 sequentibus
926 2702 1048 2769 festum
1080 2704 1271 2770 Natiuitatis
1303 2701 1535 2790 Redemptoris
1570 2703 1669 2798 cale-

432 2812 609 2877 lebrantur
633 2811 700 2875 alia
724 2811 820 2887 festa,
846 2809 878 2876 S.
897 2810 1056 2895 Stephani
1075 2811 1350 2898 Protomartyris‚
1369 2811 1400 2878 S.
1417 2811 1557 2878 ioannis
1575 2813 1668 2900 Apo-

432 2919 509 2984 stoli
523 2925 557 2984 et
570 2918 808 3004 Euangelistae
821 2937 860 2981 ac
874 2923 1067 2982 sanctorum
1080 2918 1311 2984 innocentium
1324 2920 1524 3006 Martyrum.
1540 2917 1668 2995 Quam·

430 3047 527 3110 quam
551 3024 720 3110 gaudeant
745 3026 814 3089 ritu
837 3023 961 3109 duplici
986 3025 1152 3090 secundae
1176 3025 1302 3101 classis,
1328 3032 1439 3092 tamen
1455 3033 1599 3112 propter
1615 3027 1667 3094 ie-

432 3141 519 3199 stum
535 3132 735 3198 antecedens
752 3138 953 3217 reputantur
969 3137 1007 3196 ut
1023 3133 1195 3198 solemnia.
1211 3133 1376 3209 Quocirca
1392 3136 1425 3199 in
1441 3135 1665 3220 apparatibus

430 3247 463 3307 et
488 3243 520 3304 in
546 3247 666 3305 ornatu
685 3239 869 3316 Ecclesiae,
886 3239 1005 3304 saltem
1021 3239 1109 3324 quod
1125 3239 1167 3306 ad
1182 3241 1248 3306 duo
1265 3243 1386 3328 priora,
1404 3242 1546 3307 solemni
1565 3263 1665 3312 more

430 3347 701 3422 celebrabuntur,
728 3347 884 3412 videlicet
907 3347 1157 3433 distinguentur
1181 3348 1355 3434 plusquam
1379 3349 1448 3415 alia
1477 3350 1568 3417 festa
1603 3373 1664 3420 se-

430 3454 557 3520 cundae
581 3455 707 3532 classis,
733 3454 941 3520 observando
965 3458 1261 3542 praescriptionem
1286 3460 1318 3524 in
1342 3457 1457 3525 colore
1481 3479 1664 3528 sacrorum

431 3567 699 3647 paramentorum
725 3563 927 3646 requisitam.
1595 3625 1600 3637 ,

517 3669 549 3734 2.
574 3670 748 3734 Postremo
771 3671 849 3734 anni
872 3668 925 3735 die
948 3669 1142 3736 celebratur
1164 3670 1287 3737 festum
1313 3672 1345 3738 S.
1377 3672 1535 3740 Silvestri
1570 3675 1665 3742 Pon·

431 3775 527 3842 titiois
552 3785 586 3841 et
610 3776 817 3842 Confessoris
840 3775 880 3842 de
905 3778 972 3843 ritu
996 3776 1119 3864 duplici
1144 3780 1280 3845 minore.
1306 3779 1520 3847 Recessitnm
1541 3787 1662 3850 nmen

432 3890 483 3948 est
507 3886 596 3950 inter
611 3883 681 3949 dies
698 3884 801 3948 festos
817 3885 850 3948 in
868 3883 1113 3952 Constitutione
1137 3886 1261 3953 Urbani
1285 3885 1373 3954 Vlll.
1396 3889 1569 3957 onom
1587 3909 1663 3974 per

432 3991 549 4058 orbem
574 4042 580 4054 .
607 4041 614 4055 .
640 4042 647 4055 .
670 3989 723 4057 die
747 3991 836 4056 XIII.
862 3993 1063 4078 Septembris
1090 3993 1184 4060 1642.
1209 4015 1248 4060 ac
1272 3997 1299 4061 si
1322 3993 1530 4083 quandoper
1546 3997 1662 4066 indul·

430 4105 501 4164 tum
523 4097 727 4185 pontificium
751 4105 841 4165 esset
863 4099 1068 4186 abrogatum,
1094 4103 1127 4168 in
1159 4103 1262 4168 choro
1297 4110 1331 4169 et
1360 4105 1393 4168 in
1425 4105 1661 4174 functionibus

353 4210 356 4217 '
430 4207 664 4272 ecclesiasticis
688 4206 878 4272 servabitur
903 4210 986 4273 ritus
1010 4230 1074 4293 quo
1099 4211 1175 4276 festi
1199 4211 1268 4276 dies
1292 4230 1313 4275 a
1337 4210 1453 4277 diebus
1478 4213 1661 4282 ferialibus

432 4314 684 4401 distinguuntur
711 4314 768 4400 (a).

502 4457 544 4526 (a)
564 4456 673 4514 Ultimo
692 4456 760 4513 anni
774 4453 821 4512 die
835 4457 947 4514 cantari
967 4460 1056 4530 vulgo
1076 4459 1151 4516 solet
1170 4461 1210 4518 Tc
1225 4463 1321 4520 Deum
1333 4461 1361 4518 in
1374 4462 1539 4534 gratiarum
1559 4465 1657 4525 actio-

433 4559 499 4598 nom
518 4545 643 4602 Domino
667 4565 720 4620 pro
746 4547 897 4604 beneficiis
922 4565 999 4606 anno
1024 4560 1158 4607 vertente
1185 4553 1306 4610 collatis.
1333 4553 1476 4611 Kalendis
1501 4555 1655 4614 Januariis

432 4631 496 4685 caui
516 4634 592 4690 solet.
611 4635 735 4706 hymnus
759 4637 832 4696 Veni
850 4645 969 4697 creator
988 4640 1112 4714 spiritus
1127 4640 1162 4697 ad
1177 4641 1392 4716 impetrandum
1408 4645 1566 4704 aDomino
1578 4649 1656 4706 novi
