4175 5717
521 688 583 753 130
978 712 1046 765 mn.
1072 712 1093 757 1.

430 816 564 891 ximum,
590 814 645 880 ubi
669 820 770 881 erunt
793 817 930 902 parandi
953 817 1178 903 pluvialistae,
1202 816 1310 901 ibique
1325 818 1557 885 adiuvantibus
1572 839 1648 886 aco-

430 923 545 1009 lythis,
570 922 718 1008 pluviale
748 922 992 1011 superpelliceo
1023 926 1202 1010 imponent,
1232 930 1267 991 et
1296 931 1396 1013 caput
1426 926 1532 993 bireto
1566 946 1649 994 coo-

431 1032 571 1117 perient.
1565 1102 1573 1120 ,

518 1138 571 1204 59.
596 1138 764 1204 Redibunt
786 1139 827 1205 ad
851 1140 999 1216 chorum,
1023 1139 1166 1205 medium
1188 1142 1387 1226 accipientes
1404 1139 1647 1221 Gelebrantem,

432 1246 670 1332 praeeuntibus
686 1245 854 1332 acolythis
870 1249 925 1332 qui
943 1248 1144 1313 candelebra
1167 1268 1234 1314 non
1249 1248 1370 1326 ferent,
1386 1255 1546 1337 apparata
1560 1252 1649 1316 enim

431 1359 532 1419 erunt
556 1372 656 1439 prope
680 1352 799 1418 Altare
822 1355 1013 1439 priusquam
1036 1356 1166 1421 initium
1190 1354 1248 1420 flet
1270 1356 1434 1421 Matutini.

520 1460 572 1524 60.
598 1460 669 1535 Quo
694 1460 749 1524 ubi
774 1463 937 1537 venerint,
963 1461 1159 1528 salutabunt
1182 1462 1327 1540 Glerum,
1351 1469 1429 1529 ante
1452 1464 1571 1530 Altare
1590 1483 1649 1530 re-

433 1570 615 1634 verentiam
638 1568 836 1653 profundam
860 1589 934 1634 cum
959 1569 1158 1635 Celebrante
1181 1571 1306 1636 facient
1329 1592 1470 1656 eumque
1499 1572 1649 1638 comitati

432 1678 472 1743 ad
496 1678 596 1762 ipsius
620 1677 825 1752 subsellium,
850 1677 884 1740 in
907 1675 1063 1743 scabellis
1086 1679 1148 1744 sibi
1171 1681 1336 1765 apparatis
1359 1679 1586 1745 considebunt.

519 1784 572 1849 61.
597 1784 768 1869 completo
791 1790 891 1848 cantu
916 1786 1007 1850 tertii
1030 1786 1149 1871 psalmi
1172 1788 1264 1851 tertii
1298 1789 1463 1863 nocturni,
1488 1787 1585 1853 ibunt
1613 1787 1648 1851 in

433 1892 574 1957 medium
599 1892 737 1956 chorum
761 1898 878 1956 contra
901 1891 1029 1968 Altare,
1054 1891 1289 1977 genuflectent,
1313 1893 1499 1959 cantabunt
1513 1913 1649 1959 versum

433 2007 468 2066 et
482 2002 646 2065 reiterata
661 1996 894 2084 genuflexione
911 1998 1066 2065 redibunt
1082 2000 1123 2065 ad
1139 2001 1249 2065 locum
1266 2021 1361 2066 suum
1378 2002 1486 2084 ibique
1502 2001 1648 2067 stabunt.

521 2106 573 2172 62.
599 2108 680 2172 Post
703 2112 870 2172 cantatam
892 2107 1072 2172 lectionem
1096 2106 1271 2193 Evangelii
1286 2114 1365 2172 ante
1380 2107 1561 2185 homiliam,
1573 2125 1651 2172 con·
1734 2107 1737 2114 '

433 2214 596 2280 sidebunt.

519 2322 572 2387 63.
597 2322 664 2388 Sub
688 2320 787 2386 finem
816 2324 926 2387 octavi
956 2324 1156 2409 responsorii
1186 2328 1437 2408 consurgentes,
1468 2322 1650 2408 procedent

431 2438 508 2496 ante
532 2428 650 2495 Altare
675 2429 783 2513 ibique
813 2429 1049 2516 genuflectent,
1074 2430 1377 2496 animadvertentes
1408 2435 1446 2495 ut
1477 2449 1542 2495 una
1572 2449 1648 2495 cum

433 2537 599 2623 acolythis
623 2536 655 2602 id
678 2538 813 2614 faciant,
838 2538 1031 2622 quibuscum
1054 2545 1195 2623 pergent
1209 2544 1288 2603 ante
1304 2537 1544 2614 celebrantem,
1561 2557 1651 2603 eum·

434 2665 497 2731 que
520 2647 683 2721 venerati,
696 2647 881 2711 consistent
896 2665 997 2732 prope
1016 2648 1121 2731 ipsum
1138 2644 1178 2710 ad
1195 2650 1329 2710 cantum
1353 2663 1460 2710 nonae
1483 2643 1648 2721 lectionis,

436 2758 473 2817 ut
496 2753 649 2837 superius
672 2754 706 2817 in
733 2752 961 2838 vesperarum
985 2754 1080 2817 initio
1103 2754 1343 2840 praescriptum
1365 2752 1439 2817 fuit.

520 2861 573 2925 64.
599 2861 720 2926 Postea
743 2862 869 2945 primus
898 2860 1092 2945 pluvialista
1114 2862 1145 2925 ei
1176 2862 1346 2946 praecinet
1375 2860 1537 2926 submissa
1566 2879 1650 2925 voce

438 2968 483 3033 Tc
506 2968 619 3034 Deum
643 2968 729 3052 quod
753 2988 852 3052 quum
876 2970 1069 3044 intonuerit,
1094 2969 1250 3033 redibunt
1272 2970 1306 3034 in
1336 2968 1478 3034 medium
1509 2968 1648 3045 Altaiis,

434 3097 508 3142 oum
531 3076 698 3162 acolythis
722 3073 948 3160 genuflectent
971 3082 1006 3141 et
1027 3076 1069 3141 ad
1094 3097 1189 3142 suum
1206 3078 1343 3160 quisque
1358 3074 1648 3140 locumredibunt.

521 3183 573 3249 65.
598 3184 649 3250 Ad
673 3184 803 3249 Laudes
826 3189 966 3249 utentur
989 3187 1056 3249 ritu
1080 3205 1140 3269 pro
1165 3184 1324 3269 Vesperis
1346 3182 1521 3278 descripto.

520 3293 572 3357 66.
598 3292 784 3358 Notandum
808 3298 917 3357 autem
942 3291 1028 3376 quod
1052 3293 1085 3356 in
1109 3291 1276 3357 Laudibus
1306 3290 1520 3365 solemnibus,
1544 3308 1650 3373 quae-

434 3418 573 3482 cumque
597 3400 639 3462 sit
663 3398 865 3474 solemnitas,
890 3398 955 3464 duo
977 3404 1109 3464 tantum
1139 3399 1350 3485 pluvialistae
1380 3397 1517 3482 parandi
1547 3401 1651 3462 erunt

434 3527 508 3572 cum
534 3505 744 3572 celebrante.
769 3507 827 3572 Sin
851 3526 920 3571 mos
953 3513 1052 3583 esset,
1081 3513 1119 3571 ut
1149 3508 1244 3571 iuxta
1276 3505 1506 3570 solemnitates
1535 3516 1650 3569 essent

433 3620 578 3699 quatuor
600 3633 749 3691 numere,
773 3614 829 3679 vel
854 3635 924 3693 sex,
949 3616 1044 3679 utin
1067 3614 1238 3702 Vesperis,
1261 3611 1533 3679 consuetudinem
1561 3613 1650 3678 hanc

434 3741 571 3787 servare
595 3722 718 3787 licebit.

521 3827 574 3891 67.
599 3827 636 3891 ln
661 3828 837 3907 Laudibus,
862 3830 943 3895 licet
965 3829 1178 3903 solemnibus,
1202 3827 1322 3894 Altare
1352 3827 1409 3893 88.
1442 3827 1649 3893 Sacramenti

433 3954 498 3998 non
523 3933 770 4002 thurificabitur
793 3938 834 4003 ad
858 3943 992 4003 cantum
1016 3938 1138 4002 cantici
1162 3936 1382 4011 Benedictus
1406 3940 1445 4000 ut
1467 3937 1501 4000 in
1517 3934 1652 4019 quibus·

433 4042 506 4107 dam
530 4040 612 4107 l‘ocis
636 4043 723 4109 solet
746 4045 787 4110 ad
810 4045 988 4130 Vesperas‚
1012 4043 1089 4110 dum
1112 4044 1245 4109 canitur
1269 4043 1485 4132 Mapoificat.
1530 4045 1531 4048 ’
