4175 5717
972 959 1037 1006 hm.
1063 959 1097 1005 11.

915 1175 958 1241 ln
980 1175 1165 1260 functione

517 1392 569 1458 13.
593 1390 696 1457 Sacra
718 1391 847 1455 functio
870 1389 992 1476 populo
1009 1390 1210 1457 indicabitur
1226 1411 1461 1479 campanarum
1478 1413 1577 1473 sono,
1592 1415 1651 1482 pro

427 1520 519 1566 more
545 1499 807 1582 uniuscuiusque
829 1497 905 1562 loci.

512 1609 570 1672 14.
594 1606 687 1670 Hora
710 1606 909 1690 praestituta
932 1605 972 1670 ab
997 1624 1065 1670 uno
1087 1611 1147 1671 aut
1169 1605 1297 1672 duobus
1320 1608 1456 1674 clericis
1481 1609 1652 1696 superpel-

428 1714 515 1780 liceo
539 1712 663 1778 indutis
687 1714 719 1777 in
743 1712 855 1778 Altari
878 1712 1094 1797 expositionis
1109 1711 1269 1780 candelae
1284 1714 1517 1782 accendentur
1533 1716 1651 1804 regula

428 1821 553 1888 tradita
575 1839 646 1905 cap.
671 1819 695 1883 l.
719 1817 776 1884 lib.
801 1819 825 1882 l.
850 1837 939 1884 num.
963 1819 994 1883 9.
1411 1875 1413 1880 .

520 1928 571 1993 15.
597 1925 749 1993 Clericus
772 1925 861 1991 alter
884 1926 939 1990 vel
964 1928 1034 2012 ipse
1058 1925 1216 2005 sacrista
1241 1927 1328 2013 quod
1344 1935 1435 1995 esset
1451 1931 1652 1996 convenien-

428 2038 506 2113 tius‚
530 2032 649 2100 afferet
670 2033 712 2099 ad
735 2032 855 2098 Altare
880 2033 1123 2110 Ostensorium,
1148 2035 1347 2101 claviculam
1371 2035 1589 2104 tabernaculi
1618 2043 1650 2104 et

430 2144 563 2209 bursam
587 2161 662 2208 cum
685 2141 863 2227 corporali,
887 2159 985 2225 quam
1011 2147 1151 2227 reponet
1173 2162 1274 2229 super
1296 2143 1417 2210 Altare
1441 2165 1550 2232 prope
1583 2163 1651 2211 ma·

430 2252 530 2318 dium:
554 2250 699 2318 tabellas
722 2255 929 2314 secretarum
953 2267 1013 2314 seu
1037 2248 1281 2335 charteglorias
1304 2271 1347 2316 ex
1381 2251 1444 2318 illo
1475 2252 1649 2330 amovebit,

429 2361 456 2425 si
480 2359 633 2434 aderunt,
658 2363 693 2423 et
715 2361 816 2444 ponet
839 2375 939 2441 super
962 2354 1111 2434 abacum,
1136 2358 1184 2423 sic
1207 2359 1306 2423 etiam
1340 2377 1491 2424 mensam
1523 2359 1650 2426 Altaria

430 2466 501 2532 tela
524 2465 678 2550 stragula
700 2463 891 2539 denudabit,
915 2464 944 2528 si
967 2464 1076 2550 posita
1099 2461 1212 2529 luerit.
1244 2461 1371 2530 Afferet
1401 2466 1504 2530 etiam
1540 2465 1648 2532 velum

430 2574 604 2640 humerale
628 2578 663 2638 et
685 2572 808 2638 librum
832 2591 968 2658 precum
992 2591 1090 2657 quem
1114 2572 1257 2658 deponet
1287 2593 1387 2659 super
1420 2574 1565 2641 abacum
1599 2573 1650 2640 vel

430 2700 532 2768 super
554 2679 688 2765 aliquod
712 2679 908 2745 scabellum.

522 2789 572 2853 16.
598 2787 632 2854 Si
656 2787 834 2854 translatio
859 2787 916 2853 SS.
942 2786 1150 2853 Sacramenti
1173 2785 1240 2863 fiet,
1263 2789 1297 2852 in
1322 2787 1429 2854 medio
1454 2789 1570 2855 Altari
1592 2809 1649 2856 ax-

431 2895 603 2983 positionis
628 2894 809 2981 explicabit
832 2894 1018 2980 corporale,
1044 2901 1079 2959 et
1102 2894 1143 2959 ad
1174 2895 1292 2960 Altare
1323 2895 1481 2974 alterum,
1514 2917 1559 2962 ex
1590 2917 1648 2982 quo

431 3002 659 3088 accipiendum
684 3004 727 3067 sit¹
751 3002 1012 3079 Sacramentum,
1038 3003 1169 3067 deleret
1191 3003 1391 3068 claviculam
1430 3003 1647 3080 tabernaculi,

432 3113 567 3177 bursam
592 3132 666 3176 cum
691 3111 868 3195 corporali,
893 3109 1005 3175 velum
1030 3110 1205 3177 humerale
1228 3117 1328 3195 atque
1351 3111 1597 3189 umbraculum,
1618 3118 1648 3177 et

433 3219 552 3284 Altare
577 3220 681 3304 ipsum
707 3217 776 3282 tela
799 3218 952 3302 stragula
975 3218 1166 3297 denudabit,
1191 3219 1307 3285 iubens
1331 3219 1425 3285 binas
1441 3220 1565 3286 saltem
1581 3239 1648 3286 cau·

432 3326 524 3392 delas
549 3328 677 3411 inipso
702 3324 849 3390 accendi.

524 3435 573 3498 17.
599 3434 708 3509 Quum
731 3434 840 3498 omnia
864 3433 1022 3518 disposita
1045 3439 1146 3499 erunt
1175 3433 1216 3499 ad
1253 3434 1470 3520 incipiendam
1505 3436 1645 3501 iunctio·

433 3565 518 3620 nem,
543 3544 598 3627 qui
623 3540 785 3607 Sacerdos
810 3543 1026 3626 expositurus
1050 3547 1101 3606 est
1136 3541 1192 3607 SS.
1227 3542 1492 3616 Sacramentum,
1528 3542 1645 3609 lavabit

433 3672 560 3723 manus,
585 3649 701 3714 induet
725 3648 785 3713 sibi
810 3648 1090 3735 superpelliceum
1114 3655 1149 3715 et
1171 3670 1272 3735 super
1294 3652 1363 3734 ipso
1387 3650 1512 3715 stolam
1534 3651 1644 3720 albam.

433 3779 473 3823 ac
497 3758 604 3823 bireto
628 3759 799 3842 cooperiet
821 3763 930 3842 caput.

525 3868 574 3931 18.
600 3867 672 3931 Duo
695 3866 811 3931 clerici
834 3865 1070 3950 superpellicio
1094 3863 1200 3929 induti
1223 3863 1407 3930 accendent
1421 3867 1604 3942 intorticia,
1618 3869 1646 3930 et

432 3976 576 4040 clericus
599 3973 688 4038 alter
713 3993 787 4037 oum
811 3972 1047 4058 superpellicio
1071 3973 1212 4057 accipiet
1235 3971 1448 4037 thuribulum
1482 3994 1559 4039 cum
1592 3991 1645 4038 na·

435 4081 557 4147 vicula.
583 4081 734 4164 Aequum
758 4081 856 4144 etiam
881 4087 978 4156 esset,
1003 4086 1041 4144 ut
1066 4100 1151 4144 unus
1175 4087 1234 4144 aut
1257 4079 1321 4145 duo
1345 4080 1463 4146 clerici
1480 4080 1588 4156 induti
1601 4099 1647 4144 su·

434 4190 630 4277 perpellioio
655 4185 868 4253 Sacerdotem
893 4187 1118 4273 supradictum
1141 4189 1393 4254 comitarentur.

526 4297 575 4361 19.
601 4296 635 4361 Si
658 4294 838 4359 translatio
862 4294 919 4360 SS.
945 4294 1152 4360 Sacramenti
1176 4296 1216 4361 ab
1234 4315 1299 4360 uno
1315 4294 1356 4360 ad
1373 4294 1522 4361 alterum
1538 4295 1646 4362 Altam

435 4405 502 4483 flet,
527 4404 766 4470 thuriferarius
792 4407 925 4489 praesto
949 4405 1014 4467 erit
1038 4423 1113 4468 cum
1137 4403 1311 4469 thuribulo
1334 4402 1375 4468 ad
1399 4403 1522 4470 Altare
1553 4421 1647 4489 expo·

436 4514 575 4589 sitionis,
600 4516 635 4576 et
658 4508 849 4574 absentibus
873 4508 947 4573 aliis
971 4509 1114 4586 clericis,
1138 4510 1308 4594 relinquet
1330 4510 1374 4575 ibi
1390 4509 1601 4576 thuribulum
1618 4515 1647 4574 et

436 4620 613 4686 sustinebit
637 4616 868 4683 umbraculum
891 4617 1123 4683 translationis
1147 4624 1306 4703 tempore:
1331 4619 1357 4683 si
1391 4617 1510 4684 clerici
1542 4617 1646 4704 plures

437 4726 591 4804 aderunt,
616 4724 848 4791 umbraculum
873 4724 1018 4808 gestabit
1040 4724 1128 4789 alter
1152 4726 1296 4790 clericus
1320 4725 1374 4789 vel
1392 4725 1568 4791 Sacerdos.

525 4833 578 4899 20.
611 4830 799 4920 Supradicti
832 4830 948 4897 clerici
978 4852 1053 4897 cum
1089 4831 1268 4898 Sacerdote
1300 4833 1527 4898 reverentiam
1559 4828 1646 4898 simul
