4175 5717
528 675 586 744 124
982 695 1050 782 ars.
1077 693 1097 744 1.

488 823 492 831 ·
521 803 551 868 9.
576 803 657 868 Post
679 804 861 868 orationem
883 802 924 866 ad
941 807 1060 868 nutum
1077 801 1332 868 caeremoniarii
1350 808 1552 887 consurgent
1571 819 1645 867 oum

434 908 633 976 Celebrante
666 908 830 993 simulque
853 928 928 974 oum
962 928 1002 974 eo
1033 910 1173 976 Crucem
1204 909 1332 975 Altaria
1362 908 1529 996 profunda
1552 928 1650 976 reve·

433 1019 541 1083 rentia
564 1015 767 1093 salutabunt,
791 1016 909 1083 deinde
932 1016 1177 1082 reverebuntur
1209 1017 1344 1084 Glerum
1375 1018 1409 1082 in
1439 1017 1552 1092 ohoro,
1584 1018 1649 1101 pri-

432 1146 521 1190 mum
544 1143 661 1189 versus
684 1123 774 1190 latus
798 1124 985 1208 Evangelii,
1009 1123 1126 1190 deinde
1150 1123 1320 1210 Epistulae
1350 1129 1384 1190 et
1415 1123 1648 1190 celebrantem
1744 1107 1749 1118 ’

432 1231 475 1298 ad
497 1231 607 1297 sedem
629 1230 884 1296 comitabuntur:
908 1231 964 1295 vel
988 1231 1015 1295 si
1039 1230 1219 1296 Celebrans
1243 1233 1277 1296 in
1307 1232 1426 1316 primo·
1446 1230 1538 1296 chori
1567 1228 1649 1294 sub·

430 1338 529 1404 sellio
550 1337 678 1402 sedebit
697 1338 733 1402 in
757 1343 851 1422 parte
874 1357 958 1421 quae
981 1344 1110 1424 spectat
1133 1338 1174 1403 ad
1198 1327 1475 1411 ebdomadarium,
1493 1353 1650 1402 reveren-

431 1448 511 1512 tiam
534 1446 658 1512 faeieut
680 1446 771 1531 prius
793 1443 835 1508 ad
858 1451 986 1530 partem
1008 1446 1190 1530 oppositam
1207 1444 1276 1511 sedi
1295 1443 1514 1519 Celebrantis,
1531 1439 1648 1506 deinde

433 1552 474 1617 ad
497 1552 648 1628 alteram,
672 1552 705 1615 in
728 1570 794 1634 qua
816 1550 1007 1618 celebranti
1030 1554 1090 1636 ipsi
1113 1551 1291 1617 sedendum
1315 1552 1389 1616 erit.

524 1661 573 1723 10.
599 1658 632 1724 Si
656 1657 835 1724 Celebrans
866 1657 991 1726 sedebit
1027 1661 1061 1723 in
1093 1660 1198 1743 primo
1232 1657 1402 1733 subsellio,
1434 1654 1649 1742 pluvialistae

433 1773 525 1836 reeta
548 1769 638 1833 linea
659 1787 695 1834 se
717 1766 877 1833 looabunt
899 1774 979 1832 ante
1002 1788 1087 1843 eum,
1113 1770 1141 1834 si
1164 1769 1283 1852 parieti
1307 1765 1426 1832 Altare
1443 1764 1648 1830 adhaerebit.

434 1877 493 1944 Sin
509 1877 627 1942 Altero
643 1877 800 1962 populum
816 1876 1006 1960 respiceret,
1024 1882 1059 1940 et
1075 1880 1317 1957 consequenter
1329 1874 1423 1938 loeus
1440 1871 1649 1939 Celebrantis
1762 1909 1766 1918 ·

434 1990 522 2049 esset
544 1984 577 2048 in
599 1984 705 2070 primo
728 1981 830 2047 stallo
852 1981 924 2047 sere
948 1981 1125 2048 adversum
1155 1981 1284 2058 Altero,
1315 1979 1474 2064 siquidem
1508 1980 1649 2064 primum

434 2090 544 2155 looum
568 2095 708 2174 oooupat
730 2107 831 2174 prope
847 2089 957 2154 sedem
973 2087 1212 2174 Episcopalem
1229 2088 1442 2173 plovialistae
1459 2107 1501 2151 ne
1517 2093 1648 2170 tergum

434 2196 475 2261 ad
497 2197 616 2261 Altare
639 2200 783 2270 vertant,
807 2194 999 2260 dividentur
1022 2215 1058 2260 se
1082 2196 1232 2262 locantes
1256 2197 1289 2258 in
1317 2195 1416 2280 plano
1446 2195 1540 2260 chori
1571 2197 1649 2258 ante

432 2303 569 2369 stallum
593 2304 734 2389 primum
756 2304 813 2377 ita,
838 2308 876 2367 ut
898 2323 941 2368 ex
966 2322 1033 2368 uno
1055 2303 1162 2369 latere
1185 2302 1330 2368 habeant
1346 2302 1589 2377 Celebrantem,
1607 2319 1649 2364 ex

432 2411 541 2477 altero
564 2411 694 2476 Altare.
712 2409 806 2484 Quod
829 2410 858 2475 si
882 2409 1063 2477 Celebrans
1086 2431 1153 2476 non
1177 2412 1210 2475 in
1234 2413 1339 2496 primo
1362 2410 1474 2486 stallo,
1500 2416 1537 2474 ut
1559 2408 1649 2473 dixi-

433 2540 515 2595 mus,
540 2517 675 2593 sedebit,
700 2516 815 2582 sedin
840 2537 973 2582 scamno
997 2538 1098 2604 prope
1118 2517 1208 2584 latus
1243 2518 1423 2603 Epistulae,
1446 2516 1502 2583 ubi
1533 2515 1648 2581 sedere

435 2626 523 2692 solet
545 2628 581 2691 in
602 2625 713 2691 Missis
736 2624 950 2699 solemnibus,
974 2626 1098 2710 primus
1121 2630 1156 2689 at
1177 2624 1266 2690 alter
1289 2624 1481 2710 plovialista
1503 2643 1539 2689 se
1561 2622 1651 2687 loea-

433 2734 515 2798 bunt
537 2754 558 2797 a
581 2730 744 2798 lateribus
767 2732 849 2807 eius,
874 2731 1005 2815 reliqui,
1030 2733 1058 2796 si
1081 2731 1242 2808 aderunt,¹
1259 2752 1295 2797 se
1329 2752 1458 2816 quoque
1489 2730 1651 2797 locabunt

429 2840 471 2904 acl
494 2839 604 2905 latera
626 2840 729 2925 ipsius
752 2858 796 2904 ex
819 2843 962 2922 utraque
986 2838 1097 2922 legilis
1120 2845 1216 2923 perte
1239 2839 1325 2905 facie
1340 2839 1430 2904 alter
1445 2838 1486 2904 ad
1503 2838 1648 2904 alterum

435 2966 542 3011 versa.

522 3055 571 3118 ll.
597 3053 631 3119 Si
655 3052 836 3120 Celebrans
861 3053 988 3119 sedebit
1010 3056 1042 3119 in
1068 3074 1223 3130 seammo,
1248 3075 1348 3138 quum
1372 3058 1528 3122 venerint
1555 3055 1649 3131 illue,

432 3162 556 3247 primus
572 3160 767 3246 pluvialista
781 3160 981 3226 ministrabit
996 3162 1026 3225 ei
1043 3161 1196 3244 biretum,
1213 3161 1254 3226 ab
1271 3183 1375 3246 eoque
1392 3164 1530 3247 recipiet
1546 3183 1646 3246 quum

434 3274 598 3350 assurget,
623 3273 658 3331 et
680 3272 754 3351 post
777 3274 908 3332 secreto
932 3268 1110 3333 recitatum
1132 3269 1241 3335 Pater
1263 3277 1384 3336 noster
1406 3276 1440 3333 et
1469 3270 1542 3336 Aee
1574 3268 1651 3334 Mo·

436 3374 502 3449 rio,
527 3373 714 3438 sublevabit
737 3375 767 3438 ei
790 3373 949 3439 fiinbriam
970 3374 1142 3439 dexteram
1166 3376 1323 3461 pluvialis
1355 3397 1454 3461 quum
1485 3376 1651 3442 intonabit

436 3481 531 3546 Deus
554 3482 592 3546 io
614 3482 819 3548 adiutorum
842 3489 903 3548 eto.

527 3588 575 3652 12.
601 3588 681 3652 Post
703 3595 872 3654 cantatum
896 3595 928 3663 t.
955 3589 1077 3656 Gloria
1101 3591 1205 3659 Patri
1226 3599 1289 3658 eto.
1313 3594 1439 3677 primus
1455 3592 1651 3678 pluvialista

435 3714 600 3759 unacum
624 3694 890 3761 anremoniario
912 3716 1001 3781 genu
1025 3694 1138 3763 flectet
1162 3700 1194 3764 iu
1218 3699 1323 3764 medio
1347 3700 1468 3775 Alteri,
1486 3708 1555 3769 tum
1577 3720 1652 3785 pro-

434 3802 529 3867 eedet
551 3807 629 3867 ante
654 3802 886 3869 Celebrantem
909 3825 948 3870 ao
972 3806 1134 3872 submissa
1156 3827 1237 3871 voce
1261 3810 1430 3892 praecinet
1454 3810 1484 3873 ei
1512 3810 1650 3894 primam

434 3910 657 3995 antiphonam.

525 4018 574 4082 13.
601 4016 707 4090 Quum
725 4016 906 4086 celebrans
922 4021 1125 4107 praedictam
1140 4022 1352 4107 antiphonam
1370 4024 1562 4100 intonuerit,
1578 4023 1653 4108 plu·

434 4124 587 4188 vialistae
611 4143 685 4188 euru
709 4135 909 4192 reverentur
933 4134 968 4192 et
990 4135 1131 4213 pergent
1166 4130 1199 4193 in
1229 4129 1372 4194 medium
1404 4132 1649 4217 presbyterium
1770 4185 1772 4190 .

436 4231 489 4294 vel
514 4232 613 4295 etiam
637 4230 774 4297 chorum
798 4240 875 4298 ante
892 4235 1021 4309 Altero,
1038 4234 1187 4299 ordinem
1205 4239 1356 4321 superius
1373 4238 1552 4304 indicatum
1568 4258 1652 4304 sem·

435 4357 494 4421 per
517 4345 699 4412 servantes,
724 4359 809 4422 genu
834 4339 875 4403 ad
901 4340 1040 4404 Crucem
1064 4342 1161 4404 simul
1186 4339 1332 4419 flectent,
1368 4366 1402 4410 se
1434 4347 1573 4410 invicem
1602 4366 1653 4410 sa·

310 4487 313 4496 -
434 4444 592 4508 lutabunt
615 4450 648 4509 et
672 4445 781 4511 locum
806 4466 901 4510 suum
924 4452 1047 4530 petent,
1073 4447 1228 4515 videlieet
1252 4452 1291 4516 ad
1316 4453 1464 4519 scabella
1479 4472 1588 4539 panno
1604 4454 1652 4517 vi·

437 4548 497 4613 ridi
521 4557 675 4616 oonteota
698 4556 767 4618 sine
791 4553 983 4638 postergali,
1008 4555 1041 4617 in
1065 4556 1272 4641 presbyterio
1297 4559 1407 4627 locata
1429 4568 1508 4626 ante
1533 4560 1652 4626 Altare
