4175 5717
521 737 564 808 88
982 761 1049 810 ms.
1074 763 1109 812 n.

432 868 588 944 dolabris,
612 868 861 954 geniculabunt;
886 867 1068 934 Celebrans
1095 889 1170 935 cem
1202 871 1363 937 Ministris
1390 865 1567 955 exsequuti
1598 887 1661 936 re-

432 978 579 1062 spective
602 979 826 1042 reverentiam
856 985 916 1042 aut
944 975 1222 1062 genuflexionem,
1248 980 1282 1043 in
1305 977 1415 1044 infimo
1442 977 1549 1064 gradu
1576 983 1661 1044 ante

432 1084 552 1150 Altare
574 1086 608 1149 in
632 1103 742 1170 genua
764 1085 991 1170 procumbant.
1016 1084 1118 1170 quue
1142 1085 1375 1152 observabitur
1390 1089 1490 1152 etiam
1504 1092 1662 1172 tempore

433 1192 592 1278 paschali.

524 1303 573 1366 14.
598 1301 707 1376 Quum
730 1321 852 1378 omnes
876 1307 916 1367 ut
938 1301 1091 1378 diximus,
1116 1301 1341 1387 adgeniculati
1361 1308 1471 1379 erunt,
1489 1302 1661 1368 Diaconus

431 1429 451 1474 a
473 1409 692 1474 thuriferario
712 1409 931 1495 aspergillum
946 1429 1032 1494 aqua
1053 1415 1170 1476 sancta
1187 1409 1358 1495 perfusum
1373 1411 1517 1496 accipiet·
1529 1413 1564 1475 et
1580 1428 1661 1476 curn

432 1516 555 1582 osculis
578 1517 708 1582 usitatis
730 1516 842 1582 tradet
865 1515 1067 1582 celebranti.
1091 1517 1257 1582 Advertat
1271 1515 1357 1582 illud
1374 1516 1549 1594 Diaconus,
1567 1515 1661 1602 quod

432 1621 647 1709 aspergillum
671 1623 896 1708 accipiendum
919 1631 971 1690 est
993 1643 1096 1711 supra
1119 1624 1329 1690 medietatem
1345 1624 1520 1701 manubrii,
1537 1631 1578 1691 ut
1600 1623 1663 1692 (la-

431 1731 567 1796 lebrans
590 1731 675 1796 illud
698 1733 803 1817 possit
824 1733 859 1797 in
882 1734 1096 1800 extremitate
1118 1735 1270 1819 accipere
1293 1733 1457 1798 manubrii
1480 1733 1596 1818 ipsius.

522 1840 573 1904 15.
598 1839 796 1916 celebrans,
830 1843 1018 1925 aspersorio
1053 1847 1206 1926 accepto,
1242 1839 1406 1906 intonabit
1438 1840 1661 1926 antiphonam

432 1947 609 2032 Asperpes
631 1966 687 2013 me
709 1947 765 2012 vel
796 1945 875 2014 Vidi
895 1967 1038 2033 aquom,
1064 1967 1162 2032 quam
1187 1948 1352 2014 cantando
1382 1947 1505 2014 chorus
1535 1967 1661 2033 prose-

432 2060 554 2138 quetur
578 2073 653 2118 cnm
677 2055 781 2140 primo
804 2072 905 2120 versu
929 2055 1047 2141 psalmi
1072 2055 1244 2122 Miserere
1274 2055 1330 2120 vel
1360 2053 1502 2120 alterius
1522 2053 1663 2140 psalmi

434 2162 654 2249 Confitemici
675 2181 750 2226 cum
766 2167 798 2236 y.
818 2161 941 2228 Gloria
964 2163 1069 2230 Patri
1084 2169 1117 2228 et
1134 2183 1209 2228 oum
1227 2164 1427 2250 repetitione,
1438 2163 1659 2248 antiphonae.

523 2270 573 2334 lb.
598 2270 636 2334 ln
658 2267 785 2334 duabus
809 2268 988 2334 Dominicis
1012 2270 1179 2334 Passionis
1202 2275 1237 2334 et
1261 2269 1452 2334 Palmarum
1480 2269 1662 2336 emittetur

434 2376 555 2445 Gloria
579 2377 683 2444 Patri
708 2381 743 2442 et
775 2383 850 2460 post
879 2377 1084 2442 versiculum
1108 2375 1225 2462 psalmi
1256 2376 1440 2461 antiphona
1465 2374 1661 2444 immediate

432 2489 619 2571 repetetur.

523 2593 573 2656 17.
598 2589 790 2668 celebrans,
814 2592 966 2656 intonata
988 2589 1180 2677 antiphona,
1203 2594 1360 2676 asperget
1382 2589 1502 2656 Altare
1524 2591 1559 2656 in
1584 2609 1661 2658 me-

432 2701 495 2776 dio,
530 2706 601 2765 tum
630 2719 748 2765 versus
779 2718 884 2764 cornu
915 2698 1101 2784 Evangelii,
1136 2704 1251 2784 postea
1282 2697 1467 2783 Epistolae;
1499 2703 1662 2785 asperget

301 2847 304 2854 ·
432 2809 574 2893 seipsum
597 2809 733 2893 signans
763 2807 909 2872 frontem
938 2826 1034 2872 suam
1064 2807 1262 2891 aspersorio;
1286 2804 1404 2871 deinde
1434 2813 1591 2892 assurget
1624 2811 1662 2874 et

430 2921 587 3000 asperget
608 2916 708 3001 prius·
723 2914 905 2978 Diaconum
929 2920 1045 3000 postea
1068 2912 1322 2988 Subdiaoonum‚
1347 2913 1404 2996 qni
1430 2913 1662 2997 aspersionem

430 3024 595 3107 accipient
617 3023 779 3098 inclinati,
804 3028 839 3087 et
861 3029 937 3107 post
957 3022 1184 3106 aspersionem
1199 3026 1387 3104 assurgent,
1412 3039 1553 3104 cumque
1574 3020 1663 3106 ipsis

432 3129 551 3195 Clonus
576 3137 609 3194 et
633 3129 752 3212 reliqui
775 3147 888 3194 omnes
911 3129 967 3212 qui
989 3126 1216 3212 adgeniculati
1240 3134 1347 3204 erant,
1372 3133 1590 3212 consurgent.

522 3237 571 3302 18.
597 3235 778 3302 Celebrans
800 3237 1024 3321 aspersorium
1048 3236 1206 3310 lliacono,¹
1237 3235 1292 3299 hic
1324 3234 1448 3300 clerico
1479 3234 1663 3302 vasculum

432 3344 564 3418 ferenti,
587 3345 752 3408 restituet.
777 3343 959 3409 Celebrans
983 3342 1195 3408 reverebitur
1212 3341 1364 3418 Crucem,
1381 3343 1663 3410 Ministri'autem

433 3453 576 3534 itemque
599 3451 837 3516 thuriferarius
860 3471 920 3516 seu
943 3450 1096 3516 clericus·
1113 3449 1303 3536 praedictus
1327 3450 1440 3516 ferens
1468 3449 1663 3532 vasculum,

431 3562 487 3642 qui
510 3577 639 3644 semper
662 3558 804 3624 adstabit
828 3559 984 3634 Diacono,
1008 3554 1245 3643 genuflectent.

522 3665 572 3732 19.
596 3665 786 3731 Procedant
807 3667 907 3732 simul
936 3666 977 3731 ad
1007 3667 1157 3741 chorum,
1182 3665 1340 3731 videlicet
1367 3664 1551 3732 Gelebrans
1583 3687 1663 3736 me-

430 3772 503 3838 dius
527 3775 615 3838 inter
640 3773 819 3850 llinistros,
843 3772 989 3838 fimbrias
1013 3774 1171 3858 pluvialis
1195 3774 1266 3838 eius
1289 3775 1504 3850 sustinentes,
1530 3779 1566 3840 et
1590 3775 1664 3842 cle·

432 3883 521 3948 ricus
544 3899 663 3965 aquam
685 3881 891 3946 benedictam
915 3878 1057 3947 afferens
1080 3901 1101 3947 a
1123 3881 1252 3947 dextris
1284 3881 1430 3946 Diaconi.
1455 3880 1564 3956 Quum
1597 3881 1663 3950 de-

431 3992 587 4054 venerint
608 3993 686 4053 ante
709 3989 801 4053 latus
824 3989 910 4054 illud
933 3990 1029 4055 chori
1052 3990 1085 4054 in
1108 4009 1175 4072 quo
1194 3988 1325 4054 sedebit
1355 3987 1487 4075 dignior
1518 4009 1581 4056 seu
1613 4007 1662 4058 ex

431 4105 526 4182 parte
550 4095 726 4180 Evangelii
749 4098 820 4161 sive
844 4097 1022 4184 Epistolae,
1040 4098 1266 4164 reverentiam
1289 4081 1416 4163 facient
1438 4095 1480 4162 ad
1503 4097 1660 4174 chorum,

431 4224 470 4269 ac
494 4205 659 4270 Diaconus
682 4206 905 4289 aspersorium
935 4211 1108 4290 acceptum
1132 4225 1152 4270 a
1174 4206 1393 4271 thuriferario
1425 4226 1485 4270 seu
1516 4205 1663 4284 clerieo,

432 4312 544 4378 tradet
567 4312 772 4378 celebranti.

517 4419 571 4484 20.
596 4421 630 4486 Si
655 4420 774 4487 Glerus
797 4420 831 4484 in
854 4421 957 4486 choro
980 4441 1138 4508 praesens
1164 4441 1358 4490 numerosus
1375 4423 1511 4501 nonsit,
1529 4427 1661 4510 poterit

431 4522 613 4596 Oelebvans
635 4547 814 4615 aspergere
837 4529 997 4615 singulos
1022 4532 1072 4596 sin
1095 4539 1208 4595 autem
1232 4531 1329 4597 valde
1352 4532 1520 4616 frequens,
1541 4551 1662 4620 asper·

432 4632 557 4697 sionem
589 4644 728 4721 peraget
757 4639 791 4703 in
822 4637 939 4716 medio,
974 4637 1093 4703 deinde
1122 4637 1163 4704 ad
1194 4641 1376 4718 sinistram,
1408 4646 1584 4726 postremo·
1616 4641 1663 4710 ad
