4175 5717
520 795 564 856 ab
967 807 1033 855 ms.
1059 809 1107 860 111.

430 933 464 991 et
487 925 667 994 Celebrans
690 943 887 1010 progressus
911 928 989 988 ante
1013 923 1133 988 Altare
1162 922 1261 987 huius
1292 920 1466 996 ecclesiae,
1501 920 1649 1006 deposito

430 1035 547 1110 bireto,
572 1031 726 1099 recitabit
747 1032 971 1118 antiphonam,
996 1032 1201 1097 versiculum
1225 1035 1259 1096 et
1289 1031 1474 1096 orationem
1497 1026 1539 1094 de
1562 1027 1649 1094 San-

431 1149 485 1206 cto
509 1141 667 1206 Patrono.
691 1139 908 1217 Advertatur‚
934 1137 1020 1224 quod
1043 1137 1248 1224 processioni
1271 1156 1337 1202 uon
1361 1135 1444 1203 licet
1470 1136 1649 1201 stationem

432 1249 543 1314 facere
567 1250 601 1312 in
625 1247 776 1312 ecclesiis
806 1247 861 1314 vel
893 1247 1066 1333 cappellis,
1098 1247 1131 1310 in
1163 1245 1280 1330 quibus
1310 1243 1483 1310 celebrare
1515 1241 1651 1308 Missam

431 1375 497 1419 non
521 1355 611 1433 licet,
636 1377 694 1420 scu
719 1354 806 1439 quod
830 1357 876 1420 ila
898 1359 1112 1420 constructae
1137 1353 1205 1418 sint
1220 1352 1260 1418 ab
1278 1352 1417 1437 origine,
1435 1369 1495 1417 seu
1516 1368 1652 1438 suspen·

430 1485 487 1530 sae
521 1464 561 1530 ab
603 1465 831 1531 ecclesiastica
864 1464 1067 1529 auctoritate
1106 1469 1243 1549 propter
1276 1459 1469 1526 indecorum
1505 1459 1651 1544 ipsarum

432 1576 566 1636 statum.

518 1679 571 1744 20.
596 1677 784 1744 Notandum
808 1680 917 1754 etiam,
949 1677 1036 1763 quod
1067 1679 1130 1742 nisi
1162 1675 1342 1744 celebrans
1374 1673 1504 1740 duobus
1526 1671 1651 1758 ¹saltem

433 1787 481 1850 uti
506 1787 608 1870 possit
630 1786 772 1860 clericis,
796 1787 852 1870 qui
876 1786 936 1852 sibi
966 1787 1135 1864 assistant,
1171 1805 1237 1850 non
1267 1783 1425 1850 induetur
1447 1779 1591 1869 pluviali
1619 1781 1650 1845 in

432 1894 503 1957 istis
526 1892 801 1978 processionibus,
827 1891 883 1958 sed
907 1893 995 1958 stola
1011 1891 1217 1958 solummodo
1234 1911 1335 1980 supra
1359 1889 1650 1977 superpelliceum.

519 2000 572 2066 21.
596 2000 802 2066 Revertente
826 2002 860 2066 in
884 2001 1060 2067 ecclesiam
1085 2001 1308 2086 processione,
1333 1997 1532 2066 confratres
1549 1997 1584 2062 in
1598 2015 1652 2082 ge-

433 2127 499 2173 nua
512 2107 731 2193 procumbant
746 2107 923 2174 ordinatim
941 2109 1031 2174 circa
1049 2108 1270 2174 balaustrium
1284 2113 1381 2172 extra
1392 2103 1651 2192 presbyterium

432 2218 553 2282 tertius
575 2217 719 2283 clericus
743 2216 886 2304 deponet
910 2216 1053 2284 Crucem
1077 2224 1111 2284 et
1135 2217 1319 2284 Celebrans
1343 2214 1469 2308 medius
1487 2213 1654 2280 intercla-

434 2324 520 2388 ricos
542 2322 729 2409 praedictos
753 2323 959 2410 geniculabit
981 2331 1061 2390 ante
1085 2324 1205 2391 Altare
1230 2326 1263 2389 in
1287 2322 1392 2388 medic
1417 2321 1526 2408 gradu
1544 2317 1653 2388 inflmo

433 2437 467 2496 et
492 2430 645 2495 recitabit
667 2451 783 2517 preces
807 2433 1040 2518 orationesque
1066 2433 1097 2497 in
1123 2431 1250 2498 Rituali
1273 2437 1416 2498 notatas.

519 2537 573 2602 22.
598 2538 771 2624 Completa
794 2541 982 2606 orationum
1006 2541 1215 2619 recitatione,
1241 2539 1361 2604 redibit
1394 2541 1427 2604 in
1459 2537 1652 2616 sacrarium,

433 2665 468 2710 se
491 2645 622 2732 parabit
645 2666 705 2731 pro
728 2645 929 2714 celebranda
953 2648 1064 2727 Missa,
1089 2669 1173 2734 quae
1198 2652 1363 2733 congruet
1376 2647 1654 2732 processionice-

432 2752 583 2818 lebratae
607 2753 641 2817 in
665 2753 804 2819 Litaniis
820 2754 1000 2820 maioribus
1017 2761 1052 2820 et
1067 2755 1260 2832 minoribus,
1277 2760 1349 2820 tum
1365 2751 1565 2819 exordietur
1580 2753 1655 2818 blis-

436 2880 514 2936 sam,
540 2860 593 2926 cui
616 2861 772 2926 assistent
795 2861 910 2927 clerici
933 2868 968 2928 et
991 2863 1190 2940 confratres
1216 2869 1253 2928 ut
1276 2881 1377 2950 supra
1400 2859 1527 2927 dictum
1544 2867 1606 2940 est,
1622 2864 1655 2926 et

436 2986 577 3050 aequum
600 2971 689 3032 esset
712 2973 750 3032 ut
772 2967 914 3054 populus
938 2970 1037 3034 etiam
1062 2972 1110 3035 rei
1134 2969 1266 3035 divinae
1289 2968 1431 3036 adesset.

523 3073 577 3140 23.
601 3073 778 3140 Methodus
800 3095 821 3140 a
844 3075 937 3142 nobis
962 3076 1106 3142 indicata
1129 3077 1169 3142 ad
1194 3076 1405 3162 exequendas
1426 3077 1654 3163 processiones

437 3183 596 3246 maiorum
621 3183 848 3267 minorumque
874 3183 1092 3261 Litaniarum,
1108 3186 1232 3272 poterit
1248 3185 1377 3251 servari
1393 3189 1427 3251 et
1443 3185 1477 3250 in
1494 3183 1572 3252 aliis
1584 3203 1656 3272 pro·

436 3289 638 3354 cessionibus
661 3291 695 3354 in
721 3289 846 3356 Rituali
871 3291 1020 3357 Romano
1044 3293 1259 3378 praescriptis
1291 3294 1318 3358 si
1349 3311 1404 3358 eas
1436 3293 1558 3378 exequi
1592 3291 1655 3358 ali-

438 3395 568 3480 quando
592 3417 727 3462 necesse
752 3399 804 3462 sit.

524 3503 578 3568 24.
603 3503 637 3570 Si
660 3506 725 3570 erit
747 3507 781 3570 in
805 3525 896 3572 more
926 3509 1078 3594 positum,
1111 3512 1148 3574 ut
1171 3505 1228 3572 flat
1258 3507 1357 3573 etiam
1391 3507 1561 3593 processio
1593 3525 1655 3594 qua

437 3607 489 3676 dic
512 3611 704 3678 celebratur
727 3614 849 3679 festum
872 3614 912 3680 de
936 3615 1060 3682 Sancto
1085 3617 1243 3694 Patrono,
1268 3617 1391 3703 poterit
1416 3617 1558 3682 retineri
1586 3629 1656 3682 ma·

437 3718 558 3784 thodus
587 3718 764 3806 descripta,
796 3742 871 3786 cum
901 3744 941 3789 ea
970 3729 1081 3789 tamen
1112 3723 1409 3802 animadversione,
1442 3723 1530 3809 quod
1564 3723 1656 3790 color

435 3835 704 3912 paramentorum
720 3828 818 3896 debet
834 3849 1021 3917 congruere
1037 3831 1149 3910 classi,
1166 3830 1208 3898 ad
1224 3852 1321 3916 quam
1337 3831 1485 3918 pertinet
1501 3829 1657 3916 Sanctus,

436 3940 470 3999 et
493 3953 594 4017 quum
617 3931 814 4002 deferantur
837 3939 872 4003 in
895 3941 1139 4024 processionem
1164 3938 1338 4024 Reliquiae
1354 3939 1407 4004 vel
1427 3938 1538 4026 imago
1556 3941 1657 4028 ipsius

438 4040 562 4119 Sancti,
592 4041 786 4110 confratres
809 4047 1022 4112 sustinebunt
1046 4047 1202 4112 candelas
1226 4065 1394 4127 accensas,
1418 4052 1453 4112 et
1477 4049 1512 4114 in
1529 4067 1660 4134 proces·

437 4151 530 4213 sione
554 4150 697 4236 hymnus
721 4151 761 4218 de
786 4153 908 4220 Sancto
932 4155 1132 4223 cantabitur.
