4175 5717
522 737 589 808 298
979 761 1046 814 nra.
1071 761 1106 813 11.

525 870 555 934 6.
581 869 742 946 Quoniam
767 872 850 938 haec
881 873 1010 939 functio
1041 873 1157 939 similis
1188 880 1239 939 est
1269 873 1473 960 processioni
1501 894 1589 961 quae
1619 869 1658 942 tlt

437 996 496 1060 pro
520 977 740 1064 quadraginta
763 980 864 1058 horis,
890 987 924 1046 et
948 980 1032 1046 feria
1055 983 1171 1066 quinta
1193 982 1228 1046 in
1259 981 1370 1049 Coena
1400 983 1530 1050 Domini
1564 989 1600 1052 et
1622 985 1658 1050 in

437 1082 522 1148 festo
547 1085 702 1172 Corporis
726 1086 859 1166 Christi,
883 1087 1045 1173 quaedam
1067 1089 1216 1154 breviter
1247 1088 1478 1158 indicabimus·
1497 1091 1531 1158 in
1565 1111 1660 1158 com-

436 1191 566 1258 modum
591 1214 716 1272 eorum,
740 1198 795 1280 qui
820 1197 913 1262 illam
937 1204 1038 1262 erunt
1061 1197 1231 1262 directuri.

806 1410 901 1485 Quae
922 1413 995 1481 stat
1012 1415 1281 1498 praeparando.

524 1629 554 1692 7.
579 1627 645 1692 Res
667 1646 790 1704 omnes,
814 1647 900 1712 quae
922 1647 983 1714 pro
1006 1628 1108 1694 Missa
1131 1629 1272 1694 solemni
1296 1649 1378 1714 opus
1395 1633 1484 1706 sunt,
1501 1627 1659 1696 inabaco

435 1734 733 1820 praeparabuntur:
757 1741 933 1821 praeterea
955 1734 1104 1821 pluviale
1127 1737 1250 1802 colonis
1282 1735 1514 1822 respondentis
1548 1733 1660 1804 officio

435 1860 475 1906 ac
497 1841 610 1907 velum
632 1841 806 1908 humerale
829 1842 942 1908 album
966 1843 1000 1908 in
1024 1845 1236 1928 processione
1259 1842 1478 1909 adhibendum
1502 1861 1525 1908 a
1555 1841 1660 1910 Gele-

435 1949 563 2026 brante,
588 1951 615 2014 si
638 1950 733 2014 color
756 1951 939 2036 paramenti
963 1957 1052 2017 esset
1069 1951 1171 2016 ruber
1186 1958 1245 2017 aut
1261 1949 1375 2016 viridis
1391 1950 1447 2016 vel
1468 1949 1657 2017 violaceus:

434 2058 579 2122 alterum
603 2057 811 2123 thuribulum
835 2077 910 2123 cum
934 2059 1090 2124 navicula
1107 2059 1399 2144 proprocessione:
1417 2055 1657 2124 Ostensorium

434 2165 511 2230 albo
534 2166 611 2231 relo
632 2172 832 2232 contectum:
857 2167 967 2232 hostia
989 2164 1223 2243 consecranda,
1248 2168 1312 2231 iam
1335 2169 1449 2252 aptata
1471 2167 1507 2230 in
1531 2163 1658 2233 lunula

434 2281 468 2338 et
492 2275 637 2359 reposita
660 2275 694 2338 in
726 2275 863 2358 capsula
894 2275 1053 2361 operculo
1084 2274 1210 2340 clausa:
1241 2273 1378 2338 libellus
1409 2291 1470 2359 pro
1499 2273 1658 2338 oratione

433 2379 531 2447 Deus
553 2381 618 2464 qui
637 2381 738 2448 nobis
754 2387 817 2446 etc.
836 2387 910 2466 post
925 2382 1179 2467 processionem,
1197 2387 1231 2446 et
1246 2379 1413 2446 clavicula
1429 2379 1658 2446 tabernaculi.

522 2488 552 2552 8.
577 2486 673 2574 Apud
696 2489 834 2554 abacum
859 2488 1001 2554 aderunt
1024 2487 1185 2554 candelae
1209 2489 1280 2554 sive
1303 2487 1472 2554 intorticia
1488 2485 1593 2554 (llere
1610 2484 1661 2554 dl-

433 2594 625 2660 stribuenda
648 2597 868 2682 processionis
891 2615 992 2662 causa
1015 2603 1050 2660 et
1073 2595 1166 2662 Crux
1190 2593 1456 2680 processionalis.

522 2702 553 2768 9.
578 2702 686 2768 Extra
709 2702 878 2768 cancellos
901 2722 961 2768 seu
984 2702 1204 2768 balaustrium
1221 2701 1329 2766 aderit
1344 2699 1584 2767 baldachinum
1600 2699 1659 2766 al·

433 2809 509 2874 bum
532 2811 655 2876 hastile
677 2818 711 2876 et
735 2811 888 2876 laternae
912 2829 986 2876 cum
1010 2809 1160 2876 candelis
1183 2809 1355 2896 impositae
1379 2809 1494 2930 haspis,
1520 2809 1548 2874 si
1572 2827 1659 2896 pro-

433 2919 538 2983 cessio
562 2917 602 2983 de
625 2918 767 2984 ecclesia
790 2917 905 2983 exibit.

523 3026 572 3089 10.
598 3024 632 3090 Si
656 3027 822 3111 processio
844 3023 1041 3090 absolvetur
1063 3024 1104 3090 ad
1128 3024 1273 3090 alterum
1305 3023 1433 3099 Altare,
1465 3041 1659 3110 praepara-

432 3132 558 3198 buntur
581 3133 623 3198 ibi
647 3153 708 3198 sex
731 3131 892 3198 candelae
916 3133 950 3196 in
972 3130 1180 3197 candelabris
1205 3129 1384 3196 maioribus
1403 3127 1657 3210 accendendas,

432 3242 605 3326 corporale
630 3242 862 3306 extensumin
887 3259 1001 3305 mensa
1024 3238 1162 3316 Altaris,
1187 3238 1354 3304 clavicula
1376 3236 1593 3304 tabernaculi
1622 3245 1659 3306 et

431 3347 568 3412 libellus
592 3348 761 3424 orationis,
787 3354 825 3412 ut
847 3367 948 3432 supra
970 3346 1095 3412 dictum
1119 3352 1178 3412 est.

525 3456 574 3521 ll.
600 3455 633 3520 Si
658 3454 924 3521 Confraternitas
949 3453 1006 3520 SS.
1031 3453 1238 3520 Sacramenti
1262 3452 1401 3530 extabit,
1424 3453 1559 3537 quaein
1580 3473 1662 3540 pro·

432 3565 582 3630 cessione
605 3586 630 3628 s.
655 3563 900 3630 Eucharistiam
923 3563 1112 3640 comitetur,
1137 3561 1327 3628 monebitur
1350 3567 1387 3626 ut
1410 3559 1497 3626 adsit
1527 3561 1563 3626 in
1597 3571 1660 3630 ec·

432 3670 534 3736 alesia
558 3690 632 3735 cum
657 3672 759 3736 suetis
783 3669 965 3755 insignibus
990 3669 1050 3735 sub
1075 3666 1172 3733 finem
1196 3669 1317 3736 Missae
1347 3667 1516 3734 solemnis.

915 3884 959 3952 ln
980 3885 1165 3970 functione

521 4104 570 4169 12.
596 4103 698 4167 Missa
721 4099 910 4166 cantabitur
934 4101 1001 4165 ritu
1031 4102 1248 4186 praescripto.

521 4213 570 4277 13.
596 4210 646 4275 hd
672 4205 887 4274 Offertorium
912 4207 1140 4274 Subdiaconus
1166 4228 1232 4274 una
1257 4228 1332 4273 cum
1356 4206 1472 4285 calice,
1497 4206 1554 4273 vel
1574 4207 1659 4274 Gae-

431 4321 650 4387 remoniarius
674 4313 790 4381 afferet
813 4315 853 4380 ad
878 4315 998 4380 Altare
1021 4316 1191 4404 capsulam
1216 4337 1291 4381 cum
1314 4315 1423 4380 hostia
1438 4333 1500 4401 pro
1516 4333 1656 4401 proces·

430 4431 531 4504 sione,
556 4447 640 4511 quae
663 4445 683 4489 a
706 4423 851 4488 Diacono
874 4430 1120 4509 superponetur
1143 4429 1294 4509 patanae,
1319 4411 1557 4489 acelebrante
1575 4417 1655 4490 offe·

432 4541 526 4601 retur
549 4533 648 4599 simul
671 4551 746 4597 cum
780 4529 890 4595 altera
912 4549 951 4594 aa
975 4529 1092 4596 deinde
1123 4537 1266 4617 ponetur
1297 4550 1397 4617 super
1427 4527 1609 4616 corporale
1630 4547 1653 4594 a

433 4643 575 4707 sinistris
598 4642 699 4726 ipsius
723 4637 931 4705 celebrantis
955 4644 989 4703 at
1011 4633 1259 4721 aliquantulum
1283 4657 1401 4705 versus
1426 4635 1585 4708 Calicem.
1625 4679 1633 4728 ς
