4175 5717
796 838 890 906 ω.
914 839 989 886 xni.
1363 817 1423 884 179

383 947 413 1016 4.
438 945 669 1014 Fundamenta
692 943 810 1012 effossa
826 948 1004 1032 cingentur
1019 945 1266 1018 munitionibus„
1283 964 1325 1011 ne
1341 945 1425 1030 quod
1439 965 1513 1032 gra·

288 1055 368 1122 vius
391 1054 634 1121 incommodum
658 1055 849 1140 accipiatur.

380 1163 412 1230 5.
436 1163 695 1248 Praeparabitur
718 1162 803 1248 lapis
827 1181 869 1227 ex
893 1163 1044 1227 omnibus
1072 1161 1220 1248 part-ibus
1251 1162 1399 1248 perfecte
1428 1182 1512 1246 qua-

286 1271 407 1338 dratus
431 1272 484 1355 qui
510 1270 610 1357 palmi
633 1269 883 1356 amplitudinem
908 1275 1038 1353 aequet,
1063 1269 1234 1354 ponendus
1258 1271 1291 1333 in
1320 1268 1512 1334 fundamen·

287 1379 346 1444 tia.
371 1377 467 1464 Lapis
492 1378 555 1442 iste
578 1395 643 1450 non
668 1377 731 1441 erit
754 1378 883 1462 pumice
906 1376 1087 1462 expolitus,
1117 1376 1172 1442 sed
1205 1377 1310 1441 ferme
1342 1375 1442 1450 rudis,
1474 1387 1512 1441 ut

287 1487 328 1554 in
350 1487 421 1572 ipso
442 1485 547 1570 possit
570 1483 732 1550 Sacerdos
755 1483 867 1548 cultro
889 1481 1049 1568 effingere
1073 1483 1223 1549 Crucem.

379 1593 410 1658 6.
436 1591 511 1658 Fiet
534 1593 633 1657 etiam
657 1590 775 1656 arcula
798 1590 928 1677 lapidea
951 1610 1024 1655 cum
1057 1591 1217 1676 operculo
1240 1612 1259 1656 a
1289 1591 1398 1656 latere
1421 1591 1512 1656 clau-

285 1699 407 1774 dendo,
432 1701 522 1764 intra
545 1719 641 1782 quam
666 1705 808 1784 ponetur
831 1697 915 1783 lapis
939 1717 997 1764 seu
1021 1703 1118 1784 petra
1140 1697 1340 1783 supradicta.
1359 1699 1393 1762 ln
1416 1705 1511 1784 parte

285 1807 453 1894 superiori
477 1805 615 1871 arculae
638 1807 807 1871 inseretur
830 1804 977 1870 annulus
1007 1805 1149 1874 ferreus.
1184 1811 1220 1870 ut
1250 1805 1376 1870 demitti
1408 1808 1512 1890 possit-

287 1917 327 1980 in
350 1913 575 1979 fundamenta.
601 1913 695 1978 lntra
717 1913 867 1977 arculam
891 1913 988 1976 istam
1013 1911 1138 1977 includi
1160 1914 1283 1998 poterit.
1307 1911 1440 1996 aliquod
1454 1933 1512 1977 nu·

285 2021 409 2088 misma
429 2040 470 2086 ac
492 2020 596 2086 tubus
618 2020 747 2085 vitreus
771 2039 845 2084 cum
868 2027 1070 2105 pergamena
1093 2021 1226 2105 scripta,
1251 2039 1335 2104 quae
1350 2027 1509 2085 memoret

287 2133 413 2196 actum.

670 2346 723 2412 De
745 2345 852 2412 rebus
870 2347 1136 2428 praeparandis
1195 2445 1197 2450 Ι

380 2564 411 2626 7.
435 2561 470 2628 si
493 2564 565 2644 quis
589 2561 684 2625 locus
716 2561 887 2645 proximus
917 2579 957 2624 ac
980 2559 1101 2624 decens
1132 2551 1206 2635 erit,
1240 2561 1293 2624 ubi
1325 2582 1359 2626 se
1392 2582 1510 2646 parare

287 2671 394 2758 possit
423 2667 595 2742 Sacerdos,
630 2667 826 2753 disponetur
856 2666 896 2732 ad
928 2668 1014 2731 hanc
1048 2687 1128 2736 rem.
1160 2685 1255 2732 secus
1286 2667 1447 2734 Sacerdos
1474 2691 1509 2734 se

287 2776 422 2866 parabit.
444 2775 562 2841 ibidem
586 2775 642 2841 ubi
665 2776 794 2842 functio
818 2777 883 2841 erit
906 2775 1105 2862 peragenda.

380 2883 411 2948 8.
436 2883 524 2949 Ante
549 2884 691 2949 Crucem
716 2883 822 2968 pridie
844 2885 982 2968 positam
1005 2884 1040 2947 in
1064 2882 1139 2947 loco
1162 2882 1333 2968 designato
1365 2903 1423 2969 pro
1455 2884 1511 2947 nl-

288 2993 356 3058 tari
379 2991 514 3064 maiore,
539 2991 794 3077 praeparabit-ur
817 2995 966 3076 tapetum
990 2995 1025 3054 et
1048 3011 1148 3076 super
1171 2992 1239 3076 ipso
1262 3011 1305 3056 en
1330 3011 1395 3056 una
1415 2997 1510 3076 parte

288 3099 413 3166 abacus
437 3099 512 3164 albo
536 3099 665 3162 mantili
690 3077 874 3184 coopertus.
899 3100 932 3161 i'n
957 3118 1022 3182 quo
1047 3097 1263 3183 disponentur
1286 3120 1339 3164 res
1354 3119 1509 3164 necessa-

289 3209 363 3271 riae
385 3204 424 3270 a'd
448 3206 662 3272 functionem.
687 3205 844 3269 uidelicet-
867 3225 925 3269 vas
950 3224 1008 3269 seu
1034 3205 1159 3270 concha
1185 3206 1304 3270 decens
1328 3227 1401 3271 curn
1424 3228 1510 3290 aqua

289 3313 523 3388 benedicenda,
548 3314 795 3396 aliquantulum
819 3313 899 3376 salis
923 3315 954 3376 in
980 3314 1158 3398 pelvicula:
1183 3314 1356 3378 vasculum
1373 3314 1413 3378 ad
1431 3315 1510 3380 hau·

290 3420 441 3486 riendam
465 3441 582 3505 aquam
607 3421 821 3488 benedictam:
852 3421 1069 3505 aspergillum
1101 3441 1143 3484 en
1175 3422 1327 3506 hyssope
1361 3422 1510 3488 mantile:

291 3529 378 3614 lapis
403 3528 660 3593 fundamentalis
685 3535 782 3591 extra
816 3528 965 3593 arculam
990 3529 1200 3614 praedictam
1234 3529 1383 3614 paullum
1414 3531 1509 3614 gypsi

292 3637 366 3702 triti
390 3637 423 3701 in
448 3636 544 3701 lance
567 3636 607 3700 ad
632 3635 851 3701 obturandum
876 3636 1068 3722 operculum
1093 3635 1230 3701 arculae
1254 3638 1280 3699 si
1298 3656 1379 3720 opus
1396 3636 1508 3704 suerii:

287 3745 402 3812 culter
417 3744 471 3808 vel
488 3744 579 3808 aliud
597 3746 722 3808 ferrum
739 3749 872 3807 acutum
891 3764 964 3809 cum
981 3744 1154 3808 manubrio
1171 3743 1300 3808 decenti
1317 3742 1357 3808 ad
1378 3745 1507 3828 signum

290 3851 501 3918 incidendum
526 3854 559 3916 in
584 3851 701 3937 lapide;
720 3851 879 3915 resticula
903 3852 1004 3936 longa
1029 3851 1162 3935 liganda
1186 3851 1321 3915 arculae
1337 3851 1377 3915 ad
1397 3851 1510 3916 demit·

291 3959 426 4026 tendum
451 3959 593 4044 lapidem
617 3961 649 4023 in
674 3959 934 4034 fundamentum
960 3960 1105 4025 Riiuale:
1141 3958 1289 4044 pluviale
1316 3979 1390 4024 cum
1421 3960 1509 4023 stola

288 4067 357 4134 albi
382 4068 514 4136 coloris.
539 4068 719 4151 cingulum.
744 4068 828 4134 alba.
853 4068 994 4131 amictus
1011 4087 1071 4152 pro
1089 4067 1297 4136 Celebrante.
1314 4066 1390 4131 bina
1406 4068 1507 4131 inlor·

288 4177 372 4241 tinia
394 4182 428 4239 et
451 4175 693 4260 superpellicea
716 4196 775 4261 pro
799 4175 940 4239 clericis.

380 4283 411 4347 9.
436 4284 544 4366 Prope
568 4283 704 4347 abacum
730 4284 820 4347 Crux
845 4282 975 4346 hastilis
1001 4303 1074 4347 cum
1099 4283 1165 4345 basi
1190 4287 1223 4346 et
1247 4281 1347 4366 legile
1375 4283 1508 4347 maioris

289 4391 420 4456 formae
443 4410 518 4455 cum
543 4391 668 4454 Rituali
694 4411 753 4475 pro
777 4391 978 4455 cantoribus.

384 4497 433 4561 10.
460 4497 531 4571 Quo
556 4499 630 4562 loco
647 4499 818 4584 ponendus
836 4500 898 4563 erit
916 4502 1091 4584 primarius
1108 4500 1200 4583 lapis.
1218 4498 1325 4561 aderit
1340 4498 1417 4562 calx
1434 4518 1507 4562 oum

289 4605 465 4676 lateribus,
491 4613 529 4669 nt
552 4606 736 4670 immediate
761 4609 864 4691 possit¹
886 4609 956 4692 ipsa
980 4613 1074 4692 petra
1098 4607 1223 4670 obstrui
1248 4625 1352 4669 muro.

385 4712 434 4776 ll.
459 4713 600 4777 Praeter
623 4713 865 4788 Calchantem,
890 4714 1006 4782 adesse
1030 4715 1151 4780 debent
1174 4714 1299 4788 clerici,
1320 4715 1375 4798 qui
1400 4733 1507 4798 respe-
