4175 5717
522 777 587 842 298
986 793 1053 842 arn.
1079 789 1100 842 1.

520 902 573 966 28.
599 902 708 977 Quum
733 902 915 968 Celebrans
940 900 1163 985 Evangelium
1187 905 1324 966 cantare
1341 891 1486 987 incipiet,
1502 895 1572 968 duo
1586 895 1661 968 cle·

434 1011 494 1075 rici
517 1017 733 1095 consurgent,
757 1015 889 1095 etpost
913 1009 1135 1095 Evangelium
1169 1007 1417 1095 respondebunt
1450 1007 1551 1078 Laus
1582 1005 1660 1084 subt,

437 1119 582 1192 Christe,
607 1118 694 1202 quod
717 1139 737 1182 a
760 1118 863 1183 choro
886 1136 1093 1202 nequaquam
1117 1115 1350 1202 respondetur.
1482 1117 1484 1124 '

520 1226 573 1291 29.
598 1226 679 1291 Post
703 1231 874 1291 cantatum
897 1215 1118 1310 Euangelium
1135 1223 1377 1309 geniculabunt
1392 1242 1510 1314 rursus
1529 1223 1564 1288 in
1578 1221 1660 1288 loeo

433 1338 574 1417 uterque
597 1352 658 1398 suo
681 1338 716 1398 ct
739 1330 834 1398 flexis
857 1331 996 1418 genibus
1019 1332 1201 1398 manebunt
1224 1331 1330 1397 donec
1354 1330 1537 1398 celebrans
1553 1325 1660 1398 offen-

432 1443 512 1507 torii
534 1460 670 1506 versum
693 1439 825 1525 legerit.

520 1549 573 1614 30.
599 1546 633 1613 Si
657 1546 843 1613 cantandus
866 1549 932 1613 erit
955 1545 1143 1633 Symbolus,
1168 1545 1308 1632 genibus
1343 1542 1440 1611 flexis
1474 1543 1662 1613 manebunt

434 1656 549 1721 clerici
571 1654 649 1720 dum
672 1675 692 1720 a
717 1653 915 1720 Celebrante
939 1653 1146 1720 recitabitur:
1171 1652 1212 1718 ad
1236 1659 1268 1729 t.
1293 1652 1339 1721 m
1352 1654 1565 1721 incarnatus
1582 1671 1661 1739 pro·

433 1761 535 1827 tunde
559 1761 819 1828 inclinabuntur:
836 1762 877 1828 ad
895 1760 998 1827 verba
1021 1766 1134 1827 autem
1158 1760 1203 1828 m
1225 1762 1335 1830 vitum
1355 1761 1502 1829 ventum·
1521 1761 1662 1829 scaeua

432 1889 467 1934 se
491 1867 680 1954 signabunt,
705 1875 919 1955 consurgent,
937 1869 1075 1935 coibunt
1090 1874 1169 1935 ante
1186 1868 1316 1946 Altare,
1333 1865 1562 1953 genuflectent
1577 1865 1660 1934 dum

433 1976 615 2043 Celebrans
638 1976 812 2043 inclinabit
833 1982 934 2063 caput
956 1977 997 2042 ad
1022 1977 1173 2055 Crucem,
1186 1983 1221 2043 et
1243 1975 1400 2043 redibunt
1414 1975 1456 2043 ad
1472 1995 1658 2044 scamnum.

433 2085 480 2150 lbi
503 2083 687 2150 stabunta
720 2084 883 2150 lateribus
915 2084 1134 2162 Celebrantis,
1170 2086 1240 2150 eius
1270 2089 1400 2170 partem
1435 2085 1659 2170 posteriorem

431 2192 586 2278 planetae
608 2191 770 2258 attollent
791 2195 982 2279 primusque
1005 2191 1151 2258 clericus
1175 2193 1319 2258 biretum
1353 2193 1384 2258 ei
1420 2212 1496 2258 cum
1531 2191 1660 2260 osculis

434 2300 614 2385 praebebit.

519 2407 573 2472 31.
598 2406 682 2472 Dum
704 2412 737 2482 t.
761 2408 805 2476 lt't
829 2409 1040 2475 incarnatus
1065 2408 1265 2485 cantabitur,
1290 2407 1416 2493 primus
1441 2403 1596 2476 Clericus
1612 2407 1662 2474 in·

432 2521 514 2580 nuet
537 2513 729 2582 Celebranti
753 2521 792 2580 ut
815 2521 916 2601 caput
938 2517 1077 2602 aperiat,
1102 2515 1197 2581 anaba
1219 2521 1331 2581 autem
1355 2515 1478 2581 iunctis
1501 2513 1659 2582 manibus

432 2630 466 2688 et
481 2624 590 2708 capite
614 2622 775 2688 inclinato
798 2623 840 2688 ad
864 2643 999 2688 versum
1014 2623 1111 2687 illum
1129 2622 1372 2708 geniculabunt
1387 2622 1507 2690 Altare
1523 2643 1659 2692 versus.

520 2731 573 2796 32.
596 2730 663 2796 Sub
687 2729 785 2796 finem
807 2729 959 2834 Symboli
982 2731 1118 2806 cantati,
1143 2731 1268 2815 primus
1291 2730 1435 2798 clericus
1465 2731 1614 2798 biretum
1638 2751 1660 2798 a

434 2840 633 2905 Celebrante
657 2840 804 2924 recipiet,
829 2837 916 2922 quod
940 2838 975 2903 in
998 2857 1133 2903 scamno
1157 2839 1335 2923 relinquet,
1359 2844 1395 2905 et
1427 2839 1564 2924 utrique
1601 2837 1682 2908 Co·-

430 2947 616 3012 lebrantem
640 2967 759 3011 rursus
782 2945 823 3013 ad
847 2945 966 3010 Altare
990 2945 1247 3024 comitabuntur,
1273 2947 1412 3012 usitatas
1429 2951 1659 3030 exsequentes

431 3057 637 3120 reverentias
660 3053 701 3119 ad
725 3055 865 3119 chorum
888 3060 923 3119 et
945 3050 1212 3138 genuflexionem
1236 3053 1277 3118 ad
1302 3053 1455 3122 Crucem.
1472 3055 1659 3140 Postquam

430 3163 632 3228 sustulerint
654 3163 900 3227 extremitatem
924 3162 1126 3226 anteriorem
1151 3162 1292 3227 vestium
1312 3161 1522 3228 Celebrantis
1539 3159 1583 3228 ed
1599 3161 1661 3228 Al·

432 3279 505 3336 tare
528 3269 748 3346 ascendentis,
761 3269 836 3334 loco
861 3274 1003 3353 uterque
1019 3289 1080 3334 suo
1104 3270 1136 3332 in
1154 3267 1265 3333 intimo
1278 3269 1385 3355 gradu
1401 3267 1659 3355 geniculabunt.

518 3377 571 3441 :3:3.
597 3377 699 3442 Lecto
723 3397 743 3440 a
767 3376 968 3442 Celebrante
992 3372 1152 3441 offert-orii
1167 3396 1278 3453 versu,
1296 3377 1422 3462 primus
1439 3376 1587 3443 clericus
1605 3397 1662 3444 as·

432 3492 558 3569 surget,
583 3484 682 3550 vadet
704 3483 745 3548 ad
769 3503 950 3561 scamnum,
975 3489 1084 3548 sumet
1106 3483 1283 3570 ampullas,
1301 3490 1339 3549 ut
1362 3485 1395 3550 in
1411 3484 1522 3550 Missis
1546 3483 1659 3564 lectis,

432 3611 554 3676 easque
578 3590 708 3657 deteret
730 3591 770 3656 ad
794 3593 923 3656 Altare.

519 3701 573 3765 34.
597 3700 818 3784 Posteaquam
841 3699 1021 3766 Celebrans
1048 3701 1161 3765 vinum
1186 3705 1221 3766 et
1243 3719 1362 3784 aquam
1387 3700 1421 3764 in
1445 3698 1596 3766 Calicem
1611 3701 1661 3772 in·

432 3808 566 3886 fuderit,
590 3808 780 3894 primusque
804 3808 948 3873 clericus
971 3808 1153 3894 ampullam
1178 3809 1246 3872 vini
1269 3806 1310 3872 ad
1327 3806 1465 3872 abacum
1482 3807 1660 3886 retulerit,

430 3920 586 4003 assurget
608 3915 707 3991 alter,
730 3913 997 3999 genuflexionem
1020 3917 1054 3979 in
1080 3914 1185 3980 medio
1209 3912 1331 3980 efficiet
1360 3912 1401 3978 ad
1433 3913 1586 3994 Crucem,
1620 3935 1660 3982 ee

430 4025 471 4090 ad
494 4025 625 4090 laevam
650 4023 745 4109 primi
768 4021 928 4108 adiunget
951 4042 1051 4110 super
1075 4022 1216 4108 gradum
1244 4021 1450 4109 superiorem
1481 4023 1515 4086 in
1547 4041 1660 4090 cornu

430 4133 609 4218 Epistolae,
635 4130 837 4216 pelviculam
859 4150 934 4195 cum
957 4151 1062 4214 aquae
1092 4130 1241 4215 ampulla
1274 4135 1392 4206 sumet,
1422 4129 1549 4214 primus
1581 4149 1658 4196 ma·

431 4242 623 4325 rantergium
647 4241 716 4303 sive
733 4236 947 4312 sudariolum,
965 4247 999 4302 et
1016 4258 1082 4302 una
1099 4237 1336 4302 ministrabunt
1353 4236 1545 4302 Celebranti
1560 4235 1660 4304 ablu-

433 4349 554 4412 tionem
568 4367 736 4422 manuum,
753 4353 827 4432 post
842 4365 938 4428 quam
955 4343 1069 4408 eadem
1089 4346 1198 4408 omnia
1214 4343 1255 4409 ad
1267 4343 1406 4409 abacum
1423 4343 1655 4430 reportabunt.

521 4454 573 4519 35.
598 4456 730 4520 Primus
754 4454 894 4538 accipiet
918 4451 1158 4537 campanulum,
1184 4471 1219 4516 se
1243 4450 1403 4536 adiunget
1433 4451 1545 4528 alteri,
1570 4450 1659 4518 redi·

433 4558 516 4626 bunt
538 4566 616 4627 ante
640 4562 769 4640 Altare,
786 4557 1014 4648 genuflectent
1029 4558 1070 4623 ad
1088 4558 1242 4636 Crucem,
1259 4580 1299 4626 ac
1315 4558 1479 4644 dirempti,
1495 4559 1528 4624 in
1544 4557 1654 4644 gradu

434 4665 553 4744 infimo,
578 4669 651 4734 loco
677 4678 817 4756 uterque
842 4692 911 4746 suo,
936 4689 1044 4754 genua
1069 4665 1218 4732 flectent.
