4175 5717
529 772 594 840 'Zdtt
988 788 1054 838 bra.
1081 785 1115 838 11.

436 923 455 968 e
478 922 557 968 cera
579 901 666 976 alba,
690 897 866 966 sufficienti
889 899 991 985 copia,
1017 919 1077 986 pro
1102 917 1242 963 numero
1264 895 1559 967 intervenientium
1580 917 1658 988 pro·

440 1011 589 1078 cessioni.
1093 1085 1097 1092 ‚

529 1122 579 1185 17.
604 1120 638 1186 Si
662 1119 804 1186 ecclesia
827 1119 872 1183 sit
894 1116 1114 1193 cathedralis,
1140 1136 1201 1182 nec
1224 1117 1353 1184 functio
1377 1116 1434 1184 dat
1455 1119 1497 1186 ab
1520 1119 1660 1208 Episco-

439 1207 489 1317 p'o,
512 1227 803 1317 praeparabuntur
836 1231 1031 1311 paramenta
1062 1245 1136 1290 cum
1167 1226 1341 1292 amictibus
1371 1247 1432 1313 pro
1466 1227 1659 1306 Canonicis,

438 1339 532 1402 iuxta
556 1333 818 1421 praebendarum
841 1330 1119 1409 distributionem,
1144 1340 1219 1398 octo
1251 1333 1412 1421 pluvialia
1435 1355 1496 1422 pro
1519 1333 1661 1406 Benefi-

438 1444 547 1508 ciariis
570 1441 693 1508 hastile
717 1440 948 1506 umbraculum
963 1441 997 1504 in
1013 1441 1257 1526 processionem
1273 1443 1465 1526 gestaturis,
1489 1443 1660 1510 tunicella

437 1571 512 1617 cum
534 1549 680 1636 cingulo
704 1549 781 1615 alba
804 1555 839 1614 et
861 1549 985 1614 amictu
1008 1567 1070 1633 pro
1093 1546 1310 1627 subdiacono,
1336 1551 1391 1635 qui
1423 1549 1566 1618 Crucem
1593 1571 1661 1638 ge·

438 1659 548 1724 stabit.
1199 1711 1203 1720 .

527 1766 577 1830 18.
601 1764 722 1831 Altare
745 1765 850 1830 maius
873 1764 1094 1830 exornabitur
1117 1765 1238 1832 festivo
1269 1785 1370 1842 more,
1402 1765 1562 1834 videlicet
1593 1785 1661 1834 sex

437 1872 646 1938 candelabris
668 1872 834 1938 nobilibus
864 1893 939 1937 cum
974 1871 1133 1950 candelis,
1159 1878 1193 1939 et
1224 1871 1333 1939 cruce
1363 1873 1463 1938 simili
1491 1873 1661 1940 candela-

436 1982 516 2058 bris,
540 1982 643 2067 pallio
666 1981 734 2046 albi
758 1980 881 2046 coloris
904 1989 939 2046 et
961 1987 1074 2068 tapeto
1098 2003 1197 2070 super
1219 1980 1353 2067 gradus.
1378 1981 1412 2050 Si
1436 1985 1470 2048 in
1493 1983 1559 2064 hoc
1582 1985 1661 2070 ipso

437 2089 547 2154 Alteri
571 2086 628 2154 fiet
650 2089 813 2174 expositio
838 2087 895 2154 SS.
928 2088 1136 2155 Sacramenti
1167 2090 1230 2155 hac
1261 2090 1314 2157 die
1344 2097 1379 2155 et
1409 2110 1469 2176 per
1498 2097 1661 2158 octavam

436 2203 604 2262 statuetur
627 2197 769 2260 thronus
794 2216 852 2262 seu
876 2195 1111 2261 baldachinum
1135 2196 1202 2262 albi
1226 2198 1359 2280 coloris,
1384 2199 1418 2263 in
1452 2217 1517 2284 quo
1547 2217 1664 2286 expo-

436 2313 536 2369 netur
560 2303 617 2369 SS.
642 2302 905 2378 Sacramentum
929 2301 1075 2368 aderunt
1098 2303 1299 2370 candelabra
1322 2325 1396 2370 cum
1420 2303 1572 2372 candelis
1597 2323 1664 2372 nu·

436 2424 527 2476 mero
550 2412 755 2497 praescripto
779 2411 874 2475 iuxta
889 2429 1014 2475 morem
1030 2412 1086 2476 vel
1103 2410 1196 2497 leges
1212 2410 1403 2498 synodales.
1421 2412 1542 2479 Aderit
1554 2415 1662 2480 etiam

434 2521 467 2584 in
495 2518 605 2583 Alteri
639 2517 904 2592 tabernaculum,
929 2518 984 2584 ubi
1019 2519 1134 2604 reponi
1162 2521 1266 2604 possit
1296 2519 1352 2587 SS.
1386 2519 1661 2600 Sacramentum

432 2626 569 2712 quodsi
593 2625 847 2728 tabernaculum
871 2623 967 2700 desit,
990 2626 1246 2711 praeparabitur
1280 2627 1393 2693 velum
1415 2626 1532 2694 album
1555 2627 1663 2702 abbi-

434 2735 588 2812 bendum,
612 2741 650 2800 ut
674 2735 772 2800 infra.

523 2843 574 2910 19.
599 2843 636 2907 ln
659 2843 762 2909 abaco
784 2849 919 2928 praeter
942 2843 1090 2914 calicem,
1115 2848 1269 2928 patenam
1292 2849 1355 2908 etc.
1380 2863 1441 2930 pro
1469 2843 1574 2910 Missa
1608 2863 1664 2912 so-

432 2953 544 3028 lemni,
568 2950 704 3016 Missale
728 2971 803 3016 cum
827 2950 960 3015 cussino
985 2969 1044 3035 pro
1069 2949 1279 3027 Celebrante,
1313 2951 1595 3037 Evangeliarium
1625 2959 1662 3019 et

318 3073 328 3094 ⁴
432 3060 681 3152 Epistolapium,
705 3057 880 3145 ampullas,
904 3056 1137 3142 carnpanulam
1162 3064 1224 3122 etc.
1250 3058 1363 3124 velum
1386 3058 1563 3124 humerale
1594 3079 1661 3146 pro

434 3169 650 3245 subdiacono,
675 3167 929 3254 praeparabitur
951 3167 1096 3232 alterum
1121 3167 1233 3233 velum
1256 3167 1431 3234 humerale
1447 3168 1561 3236 nobile
1586 3169 1661 3236 albi

433 3277 555 3341 coloris
579 3295 639 3360 pro
664 3274 864 3340 celebrante
889 3279 924 3338 et
946 3274 1094 3359 pluviale
1118 3295 1178 3360 pro
1195 3273 1319 3350 eodem,
1337 3275 1660 3344 ostensoriumalbo

433 3384 509 3448 velo
533 3388 733 3460 contectum,
758 3382 867 3447 hostia
890 3385 1003 3466 aptata
1027 3383 1060 3445 in
1085 3381 1205 3446 lunula
1236 3381 1388 3468 ponenda
1403 3384 1436 3448 in
1465 3385 1660 3450 ostensorio

432 3497 467 3556 et
490 3493 523 3556 in
547 3491 648 3555 Missa
671 3489 810 3554 solemni
835 3487 1072 3562 consecranda
1098 3488 1235 3554 libellus
1267 3509 1343 3554 cum
1374 3491 1526 3556 oratione
1554 3489 1661 3560 Deus

433 3600 497 3684 qui
517 3599 616 3665 achis
639 3605 703 3662 etc,
727 3617 788 3682 pro
812 3596 1021 3672 Gelebrante,
1039 3599 1123 3662 acsi
1140 3616 1221 3684 opus
1238 3605 1337 3676 esset,
1356 3599 1467 3664 taenia
1482 3617 1544 3664 seu
1556 3599 1661 3666 chor·

432 3706 512 3772 dula
535 3727 553 3771 e
576 3707 683 3771 serico
706 3705 783 3770 albo
806 3704 895 3770 collo
920 3704 1131 3770 Celebrantis
1148 3705 1345 3791 imponenda
1360 3704 1401 3770 ad
1419 3701 1659 3774 sustinendum

433 3814 674 3880 Ostensorium.

518 3922 635 3988 20.1n
665 3921 874 4008 presbyterio
905 3921 1160 4008 praeparabitur
1191 3921 1284 3987 Grux
1316 3919 1588 4008 processionalis,
1621 3927 1659 3989 et

430 4050 532 4118 prope
555 4028 640 4095 illud
665 4035 833 4095 statuetur
856 4028 1090 4094 umbraculum
1105 4027 1218 4093 album
1234 4035 1310 4095 octo
1326 4029 1431 4095 hastis
1447 4029 1657 4096 instructum

430 4144 465 4203 et
488 4145 631 4223 quatuor
653 4137 806 4202 laternae
828 4136 933 4202 hastis
957 4133 1078 4200 infixae
1109 4155 1184 4201 cum
1216 4135 1366 4202 candelis
1398 4157 1417 4200 e
1449 4153 1528 4202 cera
1558 4135 1657 4203 intus

429 4247 582 4324 occlusis,
606 4244 787 4332 gestandae
811 4246 937 4310 circum
962 4243 1019 4309 SS.
1044 4243 1309 4309 Sacramentum.

519 4356 571 4420 21.
596 4355 630 4420 Si
655 4353 821 4440 processio
845 4352 1003 4418 subsiste-t
1025 4351 1112 4438 apud
1129 4351 1301 4438 quodpiam
1319 4352 1441 4418 Altare
1458 4353 1492 4416 in
1509 4351 1565 4416 via
1581 4371 1657 4418 ere·
1733 4345 1737 4358 '

431 4471 530 4539 ctum,
555 4464 610 4527 vel
634 4464 667 4527 in
690 4463 803 4546 aliqua
825 4459 978 4535 ecclesia,
1003 4459 1123 4524 Altare
1146 4461 1180 4523 in
1204 4479 1268 4543 quo
1292 4458 1478 4547 deponetur
1503 4456 1563 4524 SS.
1577 4475 1580 4480 ·
1595 4458 1658 4524 saa

432 4577 647 4642 crementum,
672 4569 846 4635 ornabitur
870 4569 990 4634 festivo
1014 4588 1116 4644 more,
1140 4565 1306 4632 ardebunt
1329 4568 1363 4632 in
1387 4568 1457 4655 ipso
1487 4563 1655 4632 candelae

432 4687 467 4748 et
489 4700 589 4766 super
612 4700 724 4747 mensa
746 4679 855 4746 aderit
876 4677 1051 4763 corporale
1074 4682 1261 4742 extensum.
1293 4675 1329 4740 ln
1362 4674 1476 4742 eadem
1506 4671 1655 4742 ecclesia
