4175 5717
525 727 591 794 252
977 743 1041 792 rna.
1068 743 1100 791 11.

436 855 526 919 ribus
549 854 711 919 stantibus
746 853 879 938 propius
903 851 1030 928 Altare;
1056 851 1236 916 celebrans
1268 869 1341 915 cum
1378 847 1542 912 Ministris
1572 849 1647 910 ante

435 961 543 1025 altare
567 959 755 1024 subsistent.

522 1069 575 1133 27.
600 1068 720 1135 clerus
744 1066 908 1150 regularis
932 1065 1138 1130 ordinabitur
1161 1062 1246 1149 apud
1271 1063 1389 1127 Altare
1414 1062 1519 1125 maius
1551 1063 1658 1124 extra·

433 1175 652 1240 balaustrium
684 1176 730 1238 ita
753 1179 792 1236 ut
814 1171 945 1236 ordines
970 1172 1164 1254 antiquioris
1189 1169 1387 1235 institutioni
1411 1169 1478 1233 sint
1512 1167 1648 1252 propius

435 1285 563 1350 Altero.

522 1391 575 1456 28.
607 1389 906 1456 Confraternitates
931 1387 1147 1472 disponentur
1180 1391 1254 1472 post
1292 1384 1466 1470 regulares
1490 1379 1647 1448 methodo

435 1498 568 1566 tradita.

520 1603 574 1668 29.
599 1601 777 1668 Celebraus
800 1606 877 1667 ante
908 1602 1026 1666 Altare
1057 1621 1156 1685 quum
1180 1601 1320 1676 venerit,
1345 1597 1572 1664 reverentiam
1606 1593 1648 1660 ad

434 1711 582 1786 Crucem,
606 1709 661 1775 vel
685 1705 949 1793 genuflexionem
971 1709 1081 1784 faciet,
1106 1710 1133 1772 si
1157 1707 1264 1773 aderit
1293 1709 1326 1770 iu
1358 1705 1467 1772 Alteri
1499 1701 1560 1770 SS.
1584 1701 1649 1770 Sa·

434 1823 648 1892 cramentum,
683 1822 752 1881 tum
787 1817 821 1878 in
850 1835 959 1899 genua
990 1815 1183 1900 procumbet
1216 1834 1255 1879 ac
1283 1814 1375 1878 brevi
1409 1811 1528 1888 orabit,
1561 1807 1650 1894 quod

433 1927 538 2010 ipsum
562 1923 683 1988 facient
706 1923 825 2006 reliqui
850 1942 963 1987 omnes
986 1924 1021 1986 in
1043 1923 1286 2008 processionem
1310 1921 1399 1985 ituri.

520 2031 573 2096 30.
597 2031 760 2114 assurget
784 2028 965 2094 celebrans
988 2037 1023 2094 et
1046 2049 1120 2094 cum
1144 2049 1183 2093 eo
1207 2029 1328 2112 reliqui
1357 2045 1478 2102 omnes,
1503 2027 1562 2110 qui
1593 2023 1651 2092 ad·

433 2138 612 2223 geniculati
629 2144 734 2210 erant
752 2143 822 2202 tum
838 2156 857 2200 a
876 2136 1067 2202 cantoribus
1083 2136 1272 2201 cantabitur
1288 2135 1467 2220 antiphona
1483 2133 1649 2220 Exurge.

437 2241 583 2312 Domino
606 2249 668 2308 etc.
693 2249 731 2308 ut
755 2245 787 2306 in
811 2243 947 2318 Rituali‚
973 2264 1046 2309 cum
1071 2249 1101 2316 a.
1126 2243 1242 2328 psalmi
1274 2243 1369 2309 Deus
1398 2241 1551 2308 auribus
1581 2261 1650 2308 no-

434 2355 519 2419 stris
535 2372 609 2417 cum
627 2352 747 2419 Gloria
764 2352 867 2418 Patri
881 2357 915 2415 et
931 2357 1102 2437 repetetur
1118 2349 1265 2415 canendo
1282 2351 1461 2436 antiphona
1481 2349 1649 2434 Eoeurye.

519 2459 572 2522 31.
597 2459 748 2544 Repetito
771 2458 970 2542 antiphonae
993 2465 1105 2534 cantu,
1130 2477 1246 2522 rursus
1270 2454 1495 2541 genuflectent
1531 2475 1650 2522 omnes

429 2589 468 2632 ac
491 2566 557 2632 duo
580 2572 742 2642 cantores,
767 2562 863 2630 flexis
886 2566 1023 2650 genibus
1040 2568 1073 2629 in
1091 2564 1195 2629 medio
1211 2566 1324 2642 choro,
1341 2567 1498 2652 incipient
1522 2583 1651 2632 canere

431 2674 589 2750 Litanias,
614 2672 881 2758 etrespondebit
911 2673 1030 2740 Clarus
1063 2679 1216 2758 repetens
1247 2672 1378 2738 eosdem
1409 2693 1539 2751 versus,
1565 2693 1651 2758 quos

431 2781 614 2845 cecinerint
635 2785 788 2845 cantores
813 2779 918 2844 iidem.
1421 2769 1423 2774 ’

518 2888 571 2952 32.
597 2887 703 2961 Quum
726 2892 880 2951 cantores
904 2889 1114 2952 cantaverint
1137 2893 1168 2960 t.
1194 2886 1323 2955 Sancta
1346 2887 1475 2964 Μανία,
1496 2907 1566 2956 ora
1577 2907 1651 2974 pro

430 2993 538 3069 nebia,
557 2999 591 3058 et
607 2993 725 3059 Glerus
743 2992 949 3078 responderit
966 2995 1064 3059 etiam
1081 2993 1209 3061 Sancta
1226 2995 1357 3072 Maria,
1370 3015 1434 3062 ora
1445 3015 1516 3079 pro
1533 2997 1649 3076 nobb,

430 3100 645 3184 abrumpatur
668 3107 794 3174 cantus,
819 3107 1023 3186 consurgent
1046 3119 1157 3166 omnes
1180 3107 1214 3166 et
1237 3103 1432 3188 principium
1448 3103 1667 3170 Processit»-

431 3209 480 3270 nis
504 3206 569 3272 flet.

517 3313 570 3377 33.
596 3313 778 3400 Campanae
812 3315 983 3392 ecclesiae,
1012 3335 1055 3379 ex
1090 3337 1154 3400 qua
1192 3317 1295 3382 exibit
1328 3319 1503 3404 processio,
1534 3319 1652 3404 pulsa-

429 3419 554 3484 buntur
578 3419 697 3485 festivo
719 3441 812 3486 more
833 3421 938 3486 donec
961 3423 1065 3486 omnis
1089 3423 1208 3488 Glerus
1224 3423 1263 3488 de
1280 3425 1421 3490 ecclesia
1439 3423 1648 3492 discesserit

431 3528 580 3611 Aequum
604 3533 700 3600 esset,
724 3535 762 3593 ut
785 3529 905 3594 festivo
929 3549 1019 3594 more
1043 3537 1201 3596 sonarent
1216 3533 1316 3597 etiam
1332 3551 1510 3618 campanae
1525 3553 1647 3600 aarum

429 3634 654 3710 ecclesiarum,
678 3641 756 3700 ante
779 3655 859 3719 quas
878 3636 1071 3721 praeteribit
1086 3639 1262 3723 processio.
1281 3638 1395 3704 Itidem
1411 3639 1532 3705 festive
1549 3659 1650 3706 sona·

429 3740 510 3806 bunt
533 3761 709 3826 campanae
732 3741 823 3806 illius
846 3743 1017 3820 ecclesiae,
1042 3765 1106 3828 quo
1130 3747 1295 3830 processio
1318 3748 1499 3832 perveniet.
1652 3739 1660 3754 ’

347 3936 352 3947 Ι
515 3849 568 3915 34.
593 3849 623 3914 Α
638 3848 764 3915 duobus
780 3850 834 3914 vel
851 3850 1001 3936 pluribus
1018 3853 1148 3919 clericis
1164 3853 1324 3939 delegatis
1345 3853 1555 3920 ordinabitur
1570 3875 1649 3944 pro·

429 3958 534 4022 cessio
558 3956 672 4021 ordine
696 3958 857 4040 sequenti.

515 4064 567 4129 35.
594 4063 893 4129 Goufraternitates
916 4065 1087 4146 laicorum,
1105 4069 1133 4133 si
1149 4068 1298 4147 aderunt,
1324 4088 1541 4154 unaquaeque
1565 4091 1645 4138 cum

429 4173 495 4236 suis
521 4170 703 4256 insignibus
727 4175 857 4235 etcum
882 4171 999 4249 Cruce,
1024 4175 1080 4240 uel
1104 4174 1269 4241 crucifixo
1290 4179 1323 4240 in
1346 4179 1456 4242 fronte
1481 4179 1644 4264 ipsarum.

430 4278 475 4342 lle
497 4278 750 4363 praecedentiae
775 4277 889 4344 ordine
915 4281 1104 4346 servabitur
1127 4284 1211 4366 quod
1246 4285 1351 4370 capite
1383 4285 1440 4355 lv.
1468 4303 1560 4351 num.
1589 4285 1642 4352 13.

429 4387 485 4450 lib.
510 4389 533 4456 Ι.
559 4387 716 4452 traditum
740 4393 799 4451 est.

515 4493 568 4558 36.
593 4495 777 4580 Regulares
801 4494 897 4559 iuxta
912 4495 1059 4562 ordinem
1084 4497 1285 4564 fundationis
1315 4501 1491 4587 respectivi
1515 4499 1644 4567 Coeno-

430 4598 481 4673 bii‚
499 4605 537 4664 ut
551 4603 788 4685 praescribitur
811 4623 831 4667 a
854 4603 1006 4688 Gregorii
1023 4605 1111 4670 Xlll.
1129 4606 1370 4674 Constitutione
1387 4608 1557 4691 deposcit
1568 4627 1642 4694 ρα·

429 4707 569 4770 storalis
591 4707 642 4770 2¹5.
669 4709 728 4771 lul.
756 4710 848 4774 l585.
874 4712 1031 4778 lucedent
1054 4714 1119 4778 bini
1144 4723 1300 4780 canentes
1324 4717 1479 4782 Litanias.
