4175 5717
530 743 592 808 116
982 760 1049 808 mn.
1076 760 1110 808 11.

526 867 579 933 26.
605 867 724 934 Eundo
746 869 788 935 ab
813 868 925 934 Altari
948 867 1006 935 SS.
1031 867 1237 934 sacramenti
1261 867 1302 933 ad
1333 867 1489 942 alterum,
1523 867 1559 932 111
1590 884 1660 952 quo

440 972 497 1040 liet
530 977 703 1063 expositio,
728 976 863 1062 aliquod
897 977 1064 1041 canticum
1095 975 1150 1044 vel
1180 975 1328 1061 psalmus
1358 993 1379 1040 a
1410 973 1592 1041 Sacerdote
1624 977 1663 1040 et

439 1083 572 1150 clericis
596 1085 787 1150 alternatim
810 1083 967 1150 mediocri
990 1103 1073 1150 voce
1096 1082 1287 1150 recitandus
1311 1085 1385 1148 erit.

528 1191 581 1258 27.
607 1191 658 1258 Ad
682 1193 801 1258 Altare
832 1193 1048 1278 expositionis
1080 1190 1135 1256 ubi
1173 1197 1310 1256 ventum
1340 1191 1415 1266 erit,
1445 1188 1511 1255 duo
1540 1189 1664 1256 clerici

438 1299 587 1367 ferentes
610 1301 778 1366 intorticia
801 1305 879 1365 ante
903 1298 1022 1364 Altare
1046 1297 1251 1384 geniculabit
1273 1316 1293 1361 a
1315 1296 1479 1363 lateribus
1503 1297 1537 1362 111
1568 1297 1665 1384 pavi·

438 1415 560 1487 mento,
585 1409 730 1476 clericus
753 1414 888 1493 gestans
911 1406 1155 1483 umbraculum,
1179 1404 1219 1470 ad
1243 1407 1430 1491 ingressum
1454 1404 1663 1492 presbyterii

439 1516 575 1583 claudet
597 1516 683 1582 illud
706 1521 741 1582 61
763 1514 907 1601 deponet
929 1514 1079 1589 seorsim;
1104 1512 1265 1579 Sacerdos
1288 1519 1400 1578 autem
1423 1510 1585 1578 ascendet
1618 1509 1679 1596 ad,

438 1625 569 1692 Altero.

525 1733 579 1799 28.
604 1731 791 1798 conscenso
814 1729 1034 1818 suppedaneo,
1059 1727 1242 1794 custodiam
1266 1747 1341 1793 cum
1366 1726 1423 1794 SS.
1441 1726 1665 1793 Sacramento

437 1841 571 1926 deteget
609 1837 877 1904 extremitatibus
912 1837 981 1902 veli
1018 1836 1213 1913 humeralis,
1245 1855 1383 1920 eamque
1420 1839 1522 1922 ponet
1555 1853 1665 1921 super

435 1949 554 2015 Altare
578 1948 612 2012 in
646 1945 752 2012 medio
776 1944 943 2032 corporali
977 1946 1041 2009 iam
1072 1950 1223 2020 extenso;
1258 1941 1473 2030 genuflectet,
1498 1940 1664 2028 expediet

434 2055 547 2121 velum
570 2052 755 2128 humerale,
779 2050 867 2136 quod
892 2051 1073 2137 recipietur
1095 2070 1115 2115 a
1139 2050 1263 2116 clerico
1287 2053 1342 2135 qui
1366 2049 1497 2116 terebat
1524 2048 1667 2116 umbra·

435 2163 558 2238 culum,
583 2161 638 2226 vel
662 2159 703 2225 ab
726 2159 835 2225 altero
859 2159 915 2243 qui
938 2178 958 2223 a
982 2159 1125 2224 sinistris
1149 2157 1293 2224 adstabit
1316 2156 1497 2224 Sacerdoti.

522 2267 577 2335 29.
602 2266 697 2343 Quod
720 2266 747 2332 si
771 2267 934 2352 expositio
957 2264 1014 2332 flet
1037 2267 1071 2330 in
1094 2265 1209 2330 eodem
1240 2265 1351 2330 Alteri
1381 2267 1415 2330 in
1447 2285 1514 2350 quo
1547 2283 1665 2333 asser·

435 2383 535 2442 vatur
560 2375 617 2442 SS.
643 2374 905 2450 Sacramentum,
930 2393 1072 2459 sequens
1097 2372 1178 2439 ordo
1201 2373 1381 2440 tenebitur.

524 2484 577 2550 30.
603 2480 854 2548 Thuriierarius
878 2479 919 2546 ad
943 2479 1063 2546 Altero
1086 2501 1187 2566 quum
1211 2483 1352 2558 venerit,
1384 2482 1445 2549 ibit
1476 2465 1583 2568 prop'e
1613 2483 1665 2549 la-

435 2597 491 2658 tus
527 2589 709 2677 Epistolae,
742 2587 808 2654 duo
832 2587 948 2654 clerici
971 2587 1143 2653 intorticia
1166 2590 1370 2654 sustinentes
1398 2589 1587 2654 consistent
1625 2589 1663 2655 in

435 2698 646 2786 presbyterio
669 2717 689 2762 a
711 2695 874 2762 lateribus
899 2693 1038 2768 Altaris,
1065 2694 1228 2761 Sacerdos
1263 2716 1338 2761 cum
1369 2697 1491 2762 ceteris
1523 2695 1665 2764 clericis

435 2805 594 2892 procedet
616 2809 695 2869 ante
718 2801 865 2868 infimum
889 2800 1039 2888 gradum.
1067 2802 1228 2869 Sacerdos
1248 2802 1440 2890 ingrediens
1457 2805 1547 2868 intra
1565 2809 1667 2891 septa

433 2913 644 3000 presbyterii,
669 2909 807 2975 nudabit
830 2916 930 2996 caput
953 2929 993 2974 ac
1015 2909 1158 2975 biretum
1183 2910 1295 2977 tradet
1318 2911 1443 2977 clerico
1466 2929 1486 2976 a
1509 2911 1664 2978 1111161116

432 3020 588 3086 adstanti.
613 3017 663 3083 Ab
688 3017 838 3082 omnibus
861 3015 919 3082 1161
941 3017 1038 3082 simul
1063 3015 1263 3103 genuflexio.

521 3126 573 3191 31.
599 3124 850 3190 Thuriferarius
873 3123 974 3189 stabit
997 3123 1072 3190 loco
1095 3124 1275 3210 praedicto,
1300 3125 1416 3192 clerici
1448 3126 1663 3195 sustinentes

432 3235 602 3300 intorticia
624 3232 865 3319 geniculabunt
894 3231 970 3298 loco
1001 3231 1156 3310 indicato,
1188 3235 1291 3299 ceteri
1324 3233 1439 3300 clerici
1474 3236 1507 3300 111
1544 3235 1661 3321 gradu

432 3341 553 3407 intimo.
579 3339 740 3407 Sacerdos
770 3338 929 3406 ascendet
959 3341 992 3404 in
1023 3339 1281 3427 suppedaneum,
1313 3342 1472 3408 extrahet
1501 3362 1520 3408 6
1551 3341 1664 3410 bursa

433 3448 610 3534 corporale
633 3446 720 3532 quod
748 3448 783 3512 in
813 3445 920 3512 medio
952 3446 1062 3511 Alteri
1093 3448 1284 3533 explicabit,
1316 3454 1351 3514 et
1379 3449 1551 3514 clavicula
1581 3469 1664 3538 ape·

433 3558 498 3621 1161
521 3553 679 3621 ostiolum
711 3553 931 3631 tabernaculi,
968 3552 1180 3638 genuflectet,
1214 3555 1334 3622 educet
1361 3556 1545 3623 custodiam
1578 3579 1661 3626 cum

435 3664 467 3730 S.
493 3664 619 3736 Hostia,
644 3682 741 3746 quam
764 3667 866 3748 ponet
888 3662 921 3725 in
948 3660 1055 3727 medio
1079 3663 1245 3750 corporali
1270 3669 1304 3730 et
1327 3663 1482 3730 ostiolum
1500 3665 1664 3732 taberna·

432 3770 500 3836 culi
524 3767 668 3835 claudet.

519 3877 572 3942 32.
597 3875 731 3942 Interea
754 3877 898 3942 clericus
923 3878 1043 3962 aliquis
1067 3879 1207 3965 accipiet
1230 3880 1414 3946 scabellum
1437 3900 1497 3946 seu
1513 3880 1658 3948 brevem

431 3985 555 4051 scalam
580 3988 615 4048 et
652 3983 798 4068 portabit
827 4003 898 4049 earn
931 3986 963 4049 in
995 3985 1242 4073 suppedaneum
1274 3988 1307 4052 in
1339 3987 1429 4053 latus
1461 3987 1659 4076 Evangelii,

431 4092 540 4177 ibique
563 4112 583 4155 a
605 4089 714 4155 latere
738 4088 866 4156 Altaris
890 4089 1088 4176 genuflexus
1113 4093 1280 4160 subsistet.

516 4199 569 4263 33.
595 4196 756 4263 Sacerdos
781 4201 952 4282 postquam
977 4199 1159 4265 custodiam
1192 4222 1267 4266 cum
1300 4202 1357 4269 SS.
1390 4202 1657 4272 Sacramentoe

430 4304 649 4371 tabernaculo
688 4303 853 4378 eduxerit,
890 4304 1121 4372 Ostensorium
1162 4311 1312 4395 accipiet,
1349 4311 1438 4375 intra
1475 4311 1656 4396 corporale

431 4420 530 4497 ponet
553 4414 688 4498 deteget
711 4409 787 4475 velo
812 4431 877 4496 quo
901 4417 1027 4479 tectum
1052 4416 1117 4479 erit
1141 4416 1294 4501 quodque
1318 4419 1350 4481 in
1368 4416 1480 4482 Alteri
1496 4415 1653 4504 deponet,

430 4521 463 4581 et
486 4522 612 4604 aperiet
635 4518 846 4605 crystallum,
871 4541 955 4605 quae
979 4522 1135 4607 spheram
1152 4522 1337 4590 Ostensorii
1354 4524 1512 4590 occludit:
1531 4524 1652 4592 deinde

430 4625 558 4708 aperiet
581 4626 774 4704 custodiam,
800 4626 952 4695 lunulam
978 4649 1053 4695 cum
1078 4628 1109 4695 S.
1142 4632 1259 4697 Hostia
1288 4632 1463 4698 manubrio
1497 4631 1650 4720 accipiet.
1684 4655 1689 4664 ·
