4175 5717
537 759 599 826 166
987 781 1053 828 ura.
1079 781 1112 828 11.

445 886 587 972 phonam
610 885 787 971 Asperpes
810 907 865 953 me
887 893 950 954 etc.
976 894 1009 953 et
1034 887 1151 954 reddet
1175 891 1399 975 aspersorium
1427 889 1586 969 Diacono,
1613 883 1689 958 1119ι

445 994 570 1059 9191199
593 1013 613 1058 9
636 1013 701 1078 quo
724 997 902 1081 acceperit.
929 997 1051 1061 Postea
1074 996 1314 1063 thuriferarius
1339 996 1429 1064 dabit
1451 997 1670 1086 thuribulum

443 1101 588 1167 Diacono
620 1107 654 1166 et
682 1103 736 1167 hic
766 1102 969 1180 celebranti,
1002 1104 1057 1189 qui
1088 1104 1216 1191 palmas
1247 1105 1394 1172 adolebit
1423 1108 1457 1171 in
1492 1105 1617 1186 medio,
1649 1127 1671 1174 a

443 1210 584 1275 sinistris
609 1213 643 1274 et
665 1208 829 1275 adextris
855 1211 924 1276 suis
948 1219 982 1277 et
1005 1211 1216 1278 thuribulum
1240 1214 1397 1280 restituet
1420 1212 1579 1292 Diacouo,
1611 1215 1671 1300 qui

442 1337 560 1383 rursus
583 1315 673 1386 dabit
696 1317 925 1383 thuriferario.
950 1318 1179 1384 Subdiaconus
1210 1319 1362 1386 demittet
1392 1318 1553 1387 fimbriam
1585 1319 1669 1388 dex·

442 1430 548 1490 teram
571 1424 739 1510 pluvialia,
764 1443 861 1510 quam
883 1425 1048 1491 hactenus
1073 1428 1280 1504 sustinuerit,
1298 1432 1333 1493 et
1348 1426 1389 1492 ad
1414 1426 1543 1493 laevam
1569 1427 1668 1494 illius

443 1532 577 1598 redibit.

528 1641 581 1706 46.
606 1641 677 1706 1199
694 1640 819 1717 9191191,
837 1641 926 1706 91191
949 1640 1159 1707 thuribulum
1175 1642 1265 1708 alter
1281 1641 1456 1708 vasculum
1472 1647 1663 1728 gestantes,
1686 1707 1695 1722 ,

391 1830 394 1834 .
442 1755 658 1814 revertentur
681 1747 721 1813 ad
745 1749 891 1824 abacum,
917 1749 951 1813 iu
975 1769 1039 1833 quo
1063 1749 1124 1814 illa
1146 1748 1323 1835 deponent.

529 1859 582 1920 47.
608 1856 789 1922 celebrans
812 1876 996 1922 conversus
1031 1856 1072 1921 ad
1104 1857 1249 1934 Missale,
1286 1857 1405 1922 iunctis
1438 1855 1593 1924 manibus
1624 1877 1669 1924 ac

441 1971 520 2028 tono
544 1964 653 2028 feriali
678 1964 825 2029 cantabit
840 1965 1012 2032 Dominus
1034 1964 1223 2033 oobttcum.
1252 1962 1400 2031 Oramus
1424 1969 1458 2030 et
1474 1965 1668 2031 orationem

442 2072 547 2147 Deua,
573 2072 637 2156 qai
656 2072 770 2159 fitium
794 2078 982 2139 taumate.

530 2181 582 2244 48.
607 2179 678 2244 Hoc
701 2185 850 2265 tempore
875 2181 1163 2246 anremoniarius
1187 2181 1243 2247 vel
1269 2180 1356 2246 alius
1380 2181 1453 2246 vice
1483 2179 1580 2246 illius
1611 2179 1671 2248 ef-

439 2285 537 2363 ficiet,
564 2293 601 2352 ut
623 2307 725 2374 prope
748 2287 868 2352 Altare
892 2295 1028 2375 praesto
1060 2290 1104 2354 sit
1133 2287 1266 2374 dignior
1298 2287 1398 2365 Cleri,
1426 2286 1572 2374 palmam
1606 2287 1672 2356 09-

438 2395 583 2460 19119911
607 2394 756 2472 daturus,
781 2397 837 2480 qui
861 2395 1069 2464 Sacerdotali
1096 2396 1211 2462 ordine
1236 2396 1413 2481 insignitus
1446 2415 1520 2462 esse
1550 2394 1668 2474 debet,

440 2523 547 2587 neque
570 2504 604 2566 in
632 2502 693 2567 tali
716 2504 847 2568 actione
870 2509 986 2570 utetur
1009 2505 1108 2570 stola.

527 2610 580 2676 49.
606 2611 688 2676 Item
711 2611 797 2696 apud
821 2611 940 2678 Altare
955 2611 1065 2678 aderit
1082 2612 1240 2689 Sacrista,
1257 2613 1312 2696 qui
1329 2612 1456 2698 palmas
1471 2616 1532 2676 aut
1549 2629 1668 2678 ramos

439 2718 604 2783 olivarum
627 2718 738 2784 tradet
761 2721 794 2783 in
818 2695 1066 2786 distributione.

527 2827 580 2892 50.
606 2828 686 2892 Post
710 2829 892 2892 orationem
917 2848 1015 2912 quam
1038 2826 1270 2904 indicavimus,
1295 2825 1477 2892 0919111999
1501 2843 1580 2890 9919
1604 2825 1669 2892 Mi·
1714 2879 1722 2888 .

438 2936 553 3000 nistris
577 2936 690 3000 veniet
712 2934 753 3000 ad
777 2935 919 3001 medium
943 2935 1073 3000 Altaris
1098 2941 1132 3000 et
1156 2939 1376 3000 convertetur
1407 2951 1526 2998 versus
1556 2933 1667 3019 ipsius

437 3042 569 3127 gradus.
605 3041 770 3108 Diaconos
804 3043 948 3108 adstabit
978 3063 999 3108 9
1030 3043 1186 3118 sinistris,
1212 3039 1442 3108 Subdiaconus
1474 3059 1494 3105 9
1528 3039 1666 3106 dextris

437 3149 645 3215 Celebrantis
669 3151 805 3234 eiusque
829 3148 991 3216 fimbriam
1014 3149 1189 3215 dexteram
1214 3148 1371 3235 pluvialis
1396 3147 1587 3212 sustinebit.

523 3258 577 3322 51.
603 3257 758 3334 Sacrista,
784 3263 915 3344 sumpta
938 3257 1147 3326 celebrantis
1172 3263 1206 3322 et
1229 3255 1392 3341 dignioris
1415 3254 1536 3340 palma,
1565 3274 1667 3322 acce-

435 3365 491 3430 det
514 3366 554 3430 ad
579 3365 696 3430 Altare
720 3386 819 3452 super
843 3365 966 3450 gradus
991 3386 1092 3452 prope
1116 3366 1311 3430 Diaconum.

523 3473 575 3538 52.
601 3473 765 3539 innuente
790 3472 1066 3548 0991999919119,
1092 3471 1223 3558 dignior
1252 3474 1342 3535 inter
1375 3469 1522 3546 0191919,
1540 3489 1666 3556 appro-

435 3581 605 3667 pinquabit
621 3581 661 3646 ad
679 3581 821 3646 medium
839 3581 976 3658 Altaria,
991 3582 1214 3648 reverentiam
1237 3584 1296 3643 aut
1319 3573 1592 3663 genuflexionem
1616 3577 1660 3644 ad

435 3691 541 3774 ipsum
564 3687 696 3764 efficiet,
720 3689 878 3754 ascendet
901 3692 935 3753 in
965 3689 1105 3774 gradum
1134 3688 1345 3773 superiorem
1377 3690 1411 3749 et
1441 3689 1617 3770 acceptam
1642 3705 1665 3750 a

434 3795 584 3865 Sacrista
608 3794 816 3863 Celebrantis
840 3797 982 3883 palmam
999 3794 1207 3861 osculabitur
1223 3813 1262 3858 ac
1278 3793 1427 3879 porriget
1449 3790 1662 3870 celebranti,

434 3924 566 3968 manum
591 3904 661 3966 eius
685 3923 751 3967 nou
775 3903 941 3972 osculans.
969 3903 1150 3969 0919111999
1173 3901 1317 3988 palmam
1341 3900 1492 3984 accipiet,
1518 3897 1663 3965 oscula-

435 4010 962 4089 11119199119119189111199999,
987 4013 1042 4096 qui
1067 4031 1139 4077 earn
1163 4015 1264 4097 ponet
1289 4009 1323 4073 in
1348 4007 1469 4072 Alteri.

521 4120 573 4184 53.
598 4118 723 4183 Deinde
746 4120 815 4204 ipse
842 4118 973 4203 dignior
1007 4119 1107 4194 Cleri,
1144 4118 1207 4181 nisi
1238 4116 1292 4181 hic
1325 4115 1431 4180 199111
1466 4112 1661 4182 canonicus

432 4233 491 4292 aut
514 4226 666 4302 Praesul,
691 4222 887 4310 genuflexus
912 4229 945 4290 in
969 4232 1121 4292 extremo
1147 4224 1360 4310 suppedaneo
1385 4221 1528 4309 palmam
1553 4241 1575 4285 a
1600 4221 1663 4290 09-

432 4334 584 4400 lebraute
607 4335 756 4419 accipiet,
782 4333 937 4399 osculans
969 4337 1061 4421 prius
1092 4333 1245 4420 palmam,
1278 4329 1396 4396 deinde
1429 4348 1564 4394 manum
1598 4329 1663 4396 09-

430 4439 603 4518 1911199119,
628 4463 667 4506 99
691 4444 718 4506 91
743 4441 846 4506 199111
870 4442 1021 4520 Ρ199991,
1048 4441 1190 4525 accipiet
1221 4459 1293 4505 9919
1321 4445 1413 4503 91999
1444 4442 1479 4502 91
1506 4435 1658 4521 palmam

431 4554 559 4613 19911191
583 4550 799 4628 osculabitur;
824 4551 874 4614 siu
899 4550 1002 4615 luerit
1027 4549 1215 4616 Ganonicus
1239 4548 1380 4633 accipiet
1404 4551 1497 4611 stans
1518 4543 1658 4627 quidem

430 4654 488 4719 sed
526 4658 677 4741 palmam,
709 4657 827 4724 deiude
857 4677 989 4724 manum
1023 4655 1231 4723 celebrantis
1264 4653 1486 4720 osculabitur.
1526 4651 1658 4718 Postea
