4175 5717
522 743 564 806 76
968 761 1034 808 nra.
1061 751 1109 810 ιιι.

517 869 569 932 td.
595 868 739 934 Tandem
762 870 876 934 clerici
901 870 1056 935 redibunt
1080 871 1199 934 iterum
1225 869 1266 935 ad
1292 869 1422 948 Altero,
1451 871 1644 956 extinguent

430 995 544 1040 cereos
568 981 603 1040 et
626 977 775 1043 reserent
798 979 831 1042 in
856 979 1038 1042 sacrarium
1063 978 1172 1042 omnia
1196 998 1236 1042 aa
1259 995 1344 1061 quae
1375 978 1408 1042 in
1443 997 1539 1044 sacra
1568 977 1643 1044 luu-

430 1084 539 1148 ctione
562 1083 710 1150 adhibita
734 1085 870 1151 fuerint.

527 1406 577 1462 DE
598 1406 869 1464 raocnssmua
890 1406 929 1461 IN
951 1401 1079 1466 FESTO
1100 1407 1155 1464 SS·
1176 1406 1375 1512 conponis
1397 1405 1555 1466 CHRISTI

997 1536 1081 1546 ιιι-ιιι·-

931 1732 1074 1798 CAPUT
1099 1733 1158 1796 IX.

437 1966 463 2028 l.
489 1883 550 2037 In
573 1967 734 2050 paroeciis
759 1966 927 2030 ruralibus
951 1966 1044 2031 clero
1069 1965 1269 2042 carentibus,
1294 1964 1445 2032 iacienda
1469 1965 1534 2030 erit
1564 1965 1641 2030 Pro-

431 2074 536 2138 cessio
559 2073 715 2138 solemnis
739 2075 773 2137 in
797 2074 883 2139 festo
909 2073 966 2140 SS.
992 2075 1146 2160 Corporis
1172 2073 1295 2140 Christi
1317 2081 1352 2138 et
1374 2093 1478 2138 curae
1502 2073 1567 2138 erit
1588 2073 1641 2138 Pa·

433 2181 544 2256 meno,
569 2186 605 2245 ut
628 2179 748 2244 evadat.
770 2179 892 2246 decora
915 2187 949 2246 et
972 2179 1092 2247 decens
1117 2187 1280 2265 quatenus
1304 2181 1476 2266 patientur
1499 2177 1567 2246 loci
1587 2181 1642 2246 oir-

432 2289 661 2352 cumstantiae.
688 2287 798 2362 Quare
822 2307 896 2352 cum
920 2287 1027 2353 tribus
1053 2295 1238 2372 quatuorve
1261 2287 1394 2352 clericis
1417 2292 1453 2352 et
1483 2285 1642 2353 evocando

431 2396 464 2458 in
488 2392 712 2460 adiumentum
736 2415 832 2460 suum
856 2396 1001 2480 aliquam
1025 2395 1352 2472 Oonlrateruitatom,
1384 2413 1470 2478 quae
1503 2413 1643 2461 cominu-

432 2503 520 2566 niter
543 2502 628 2567 solet
653 2522 726 2567 esse
749 2503 902 2568 instituta
935 2504 968 2566 in
1003 2521 1198 2586 unaquaque
1222 2502 1375 2588 paroecia
1397 2501 1438 2568 ad
1462 2501 1644 2568 associatio·

432 2629 506 2674 nem
530 2609 586 2674 SS.
612 2609 744 2682 viatici,
768 2611 888 2696 poterit
907 2609 994 2674 hanc
1010 2627 1138 2674 sacram
1155 2609 1357 2674 functionem
1373 2627 1548 2694 peragere,
1564 2625 1641 2692 quae

431 2714 471 2780 ad
494 2715 525 2780 id
549 2721 687 2802 spectat,
713 2722 750 2780 ut
773 2715 911 2780 Divinus
936 2715 1137 2800 Redemptor
1161 2721 1275 2782 noster
1291 2717 1324 2779 in
1341 2715 1502 2800 mysterio
1520 2713 1644 2780 Eucha-

433 2824 546 2888 ristiae
569 2823 705 2908 speciali
729 2823 824 2888 cultu
848 2823 1042 2888 honoretur.
1070 2823 1140 2908 lpse
1164 2824 1274 2906 itaque
1297 2822 1476 2908 prospiciet
1512 2819 1645 2908 singulis

432 2929 530 2995 rebus
553 2937 588 2994 et
611 2929 702 2994 dabit
725 2936 911 3016 opportuna
934 2929 1134 2996 documenta
1158 2929 1338 2995 secundum
1361 2949 1401 2994 ea
1429 2949 1515 3014 quae
1546 2925 1647 2995 tradi·

435 3039 502 3102 turi
527 3057 649 3101 sumus.
955 3101 958 3106 ,
1441 3103 1443 3110 ,

518 3146 549 3210 2.
575 3145 749 3210 Processio
772 3145 962 3230 peragenda
995 3151 1049 3210 eat
1083 3165 1178 3210 mane
1212 3152 1246 3211 et
1279 3149 1353 3230 post
1387 3141 1646 3210 celebrationem

431 3253 561 3326 lliseae,
587 3251 643 3316 sed
667 3251 842 3317 curabitur
867 3259 903 3316 ut
926 3245 984 3318 fiat
1007 3272 1133 3316 summo
1151 3271 1255 3327 mane,
1273 3249 1315 3316 ad
1333 3249 1505 3316 vitandum
1521 3255 1646 3318 aetum

431 3360 507 3424 anni
531 3360 699 3444 temporis,
725 3360 757 3422 in
783 3357 868 3442 quod
891 3358 1088 3445 plerumque
1111 3357 1226 3423 incidit
1250 3356 1309 3422 illa
1332 3357 1540 3424 solemnitas.

517 3467 548 3531 3.
573 3466 712 3530 Dabitur
735 3485 836 3550 opera
859 3472 895 3530 ut
919 3467 1001 3540 viae,
1026 3484 1086 3551 per
1110 3485 1191 3550 quae
1216 3465 1400 3530 transitura
1422 3465 1467 3530 eit
1482 3465 1647 3551 processio

429 3573 633 3638 mundentur
656 3581 691 3638 et
713 3573 932 3658 procoesionis
949 3579 1099 3658 tempore
1115 3571 1317 3637 claudantur
1333 3570 1493 3637 tabernae
1510 3579 1544 3638 et
1561 3573 1646 3658 ipsae

431 3681 603 3746 domorum
627 3683 755 3745 ianuae.
781 3681 817 3743 ln
842 3681 960 3745 itinere
984 3687 1143 3764 poterunt
1166 3681 1275 3764 spargi
1299 3678 1422 3744 herbae
1447 3679 1597 3745 virentes
1619 3683 1649 3744 et

432 3786 555 3853 odorae
578 3789 702 3852 mixtae
725 3785 871 3864 floribus3
897 3788 982 3852 muri
1006 3806 1136 3870 quoque
1161 3795 1194 3852 et
1218 3787 1384 3852 fenestrae
1408 3784 1584 3853 domorum
1599 3805 1651 3852 ex-

432 3896 545 3959 ornari
568 3901 726 3980 poterunt
750 3897 870 3980 tapetis
893 3901 928 3960 et
950 3894 1088 3972 aulaeis,
1112 3893 1219 3979 quoad
1242 3891 1314 3958 fieri
1331 3893 1514 3982 hocliceat
1528 3915 1589 3982 per
1608 3893 1651 3960 ia·

434 4002 579 4067 cultates
603 4003 785 4085 paroeciae.

520 4112 549 4173 4.
575 4108 608 4174 Si
634 4109 698 4174 iter
721 4131 741 4174 a
764 4111 975 4196 proceirsione
998 4107 1263 4197 percurrendum
1286 4115 1376 4174 esset
1407 4107 1650 4193 aliquantulum

433 4218 580 4301 longum,
605 4219 728 4301 poterit
752 4221 834 4304 erigi
858 4220 890 4283 in
916 4220 984 4303 ipsa
1008 4220 1062 4282 ria
1086 4218 1204 4283 Altare
1221 4216 1365 4300 aliquod,
1383 4217 1415 4280 in
1434 4236 1499 4301 quo
1516 4214 1576 4282 flat
1591 4221 1650 4282 su·

432 4325 487 4399 tio,
512 4323 569 4387 sed
592 4324 766 4391 curabitur
791 4331 827 4389 ut
850 4324 969 4388 Allare
992 4327 1036 4388 sit
1060 4324 1190 4400 decons,
1208 4322 1294 4389 adsit
1310 4322 1453 4400 tobalea,
1476 4321 1649 4410 corporale

432 4449 614 4515 expansum
639 4433 671 4495 ιιι
697 4432 802 4499 medio
826 4436 860 4494 et
882 4450 942 4494 sex
966 4432 1086 4497 saltem
1111 4431 1314 4499 candelabra
1336 4451 1418 4497 cum·
1436 4430 1588 4498 candelis
1603 4449 1649 4496 ce·

435 4554 510 4598 rere.

519 4643 549 4708 5.
575 4643 783 4718 Processioni
808 4661 873 4706 non
897 4645 977 4712 licet
1000 4645 1181 4713 subsistere
1206 4649 1240 4712 ιιι
1267 4649 1355 4713 omui
1391 4646 1530 4724 sacello,
1567 4641 1649 4731 quod
