4175 5717
521 717 586 784 236
981 735 1048 786 nm.
1073 737 1094 786 1.

517 847 571 914 27.
594 847 750 934 Repetita
771 855 848 934 post
868 853 939 914 tres
962 847 1107 934 psalmos
1129 845 1323 931 antiphona,
1354 849 1509 931 assurgat
1538 842 1652 930 capita

429 953 562 1020 detecto
586 961 621 1020 et
644 954 835 1041 Capitulum
859 954 1023 1021 recitabit.
1518 1043 1521 1050 ,

520 1060 575 1126 28.
599 1062 681 1128 Post
703 1063 951 1148 responsorium
967 1061 1058 1128 olata
1073 1078 1156 1127 voco
1171 1060 1260 1126 dicet
1273 1059 1446 1128 Dominus
1459 1057 1650 1137 vobiscum

431 1174 502 1235 tum
526 1170 710 1235 orationem
732 1189 808 1234 cum
831 1169 1058 1245 conclusione,
1082 1174 1157 1254 post
1184 1186 1282 1252 quam
1314 1172 1444 1253 repetet
1475 1165 1652 1234 nonam

432 1277 619 1354 moseum,
643 1283 810 1364 postremo
834 1295 917 1343 voce
940 1276 1146 1344 submissiori
1169 1282 1201 1351 t.
1225 1275 1401 1343 Pidetium
1422 1275 1561 1342 onim
1584 1279 1651 1341 etc

519 1385 573 1452 29.
598 1384 633 1452 Si
655 1384 851 1452 recitandae
873 1390 977 1451 amnt
997 1404 1123 1472 preces,
1148 1383 1353 1471 geniculabit
1374 1389 1449 1471 post
1470 1401 1655 1471 responso-

433 1493 529 1568 rium,
553 1511 669 1578 preces
691 1512 774 1558 voca
797 1492 1002 1559 submissiori
1025 1492 1187 1570 recitabit,
1219 1491 1337 1559 deinde
1366 1496 1521 1577 assurget
1549 1487 1655 1576 atque

433 1598 549 1666 eodem
571 1600 663 1666 vocis
684 1617 777 1677 sono,
800 1618 866 1683 quo
889 1620 969 1666 usus
992 1601 1058 1666 erit
1079 1598 1574 1685 aprincipio,dicet1)omiaas
1587 1615 1654 1666 oo-

431 1704 568 1774 obeam
591 1712 627 1773 et
648 1707 842 1784 orationem,
866 1711 1039 1792 utsupra.

521 1813 574 1879 30.
599 1811 772 1890 Advertot,
796 1811 883 1896 quod
906 1814 939 1877 in
962 1813 1063 1889 Hora,
1088 1833 1186 1897 quam
1209 1815 1358 1899 proxime
1382 1818 1541 1899 sequatur
1563 1811 1655 1880 cele-

433 1920 542 1986 bratio
564 1920 696 1996 Missae,
720 1919 922 1987 omittendus
944 1925 997 1987 est
1017 1926 1051 1995 t.
1075 1920 1253 1989 Fidelium
1274 1921 1414 1988 animae
1437 1927 1500 1987 etc.
1526 1917 1574 2008 (a)

522 2027 575 2093 3l.
601 2024 718 2094 Officio
738 2026 824 2092 hora
845 2028 940 2094 Nona
961 2028 1136 2114 completo,
1160 2029 1223 2094 nisi
1246 2028 1347 2094 Missa
1361 2028 1466 2094 feriae
1481 2033 1541 2094 aut
1558 2027 1657 2113 Vigi-

434 2135 499 2200 liae
522 2134 756 2211 celebrabitur,
781 2139 856 2220 post
877 2140 910 2210 t.
927 2134 1103 2202 Fideliam
1118 2136 1257 2203 animae
1272 2141 1335 2201 eto.
1352 2134 1507 2201 recitabit
1521 2139 1657 2200 secrato

434 2243 544 2310 Pater
565 2249 695 2320 noster,
719 2262 784 2326 quo
806 2242 970 2320 absoluto,
993 2242 1094 2310 addat
1116 2242 1206 2310 elata
1229 2263 1312 2309 voce
1334 2248 1366 2318 t.
1390 2242 1564 2310 omanus
1594 2241 1657 2312 det

433 2348 533 2417 nobis
556 2355 620 2416 oto.
642 2355 743 2434 atque
764 2350 979 2437 antiphonam
993 2349 1128 2416 finalem
1144 2350 1185 2417 de
1197 2351 1234 2415 B.
1251 2351 1394 2437 Virgine
1410 2349 1581 2416 inchoabit
1593 2353 1658 2416 aut

436 2462 538 2533 stans,
562 2462 623 2522 aut
643 2456 782 2542 genibus
804 2453 900 2523 flexis
923 2477 984 2543 pro
1007 2458 1165 2544 temporis
1187 2457 1359 2542 qualitate,
1383 2462 1578 2543 postquam
1604 2459 1658 2522 ta·

437 2584 513 2630 men
530 2570 623 2630 stans
646 2563 783 2650 pedibus
803 2583 939 2630 versum
962 2566 1212 2649 orationemque
1239 2565 1459 2651 respectivam
1488 2562 1656 2632 recitabit

524 2671 577 2738 32.
602 2671 684 2739 Post
705 2672 792 2738 hanc
814 2673 999 2739 orationem
1014 2670 1157 2740 officium
1173 2672 1351 2758 complebit
1364 2691 1468 2739 versu
1486 2671 1659 2742 Divinum

438 2780 616 2849 ancilium
636 2785 700 2848 etc.
724 2785 824 2863 atque
846 2780 963 2847 ordine
985 2782 1138 2867 superius
1153 2778 1309 2857 indicato,
1333 2780 1472 2847 achoro
1495 2778 1655 2848 chesdet

524 2887 577 2954 33.
601 2885 654 2953 Ad
677 2886 855 2974 Vesperas,
880 2888 1023 2954 servatis
1047 2888 1087 2953 iia
1109 2907 1194 2971 quae
1217 2885 1306 2954 dicta
1328 2894 1408 2955 sunt
1430 2904 1490 2974 pro
1506 2905 1656 2966 acoemu,

437 3013 547 3080 genua
569 2994 742 3061 submittet
764 2996 800 3060 in
821 2994 924 3060 stallo
954 3014 1025 3072 suo,
1050 3001 1181 3060 secreto
1204 2995 1291 3062 dicet
1320 2995 1504 3062 orationem
1533 2993 1657 3079 Apert',

439 3102 585 3172 Domine
607 3108 672 3169 etc.
694 3107 851 3187 assurget
872 3121 913 3168 ac
934 3102 1090 3169 recitabit
1103 3099 1222 3171 'Pater
1243 3109 1365 3171 noster
1379 3108 1414 3168 et
1435 3101 1508 3170 Ave
1522 3101 1657 3169 Music.

439 3209 523 3275 Tum
545 3209 762 3276 inclinatione
784 3208 875 3274 iacta
896 3207 938 3275 ad
961 3210 1174 3276 Praefectum
1197 3209 1311 3287 choro,
1336 3209 1480 3295 signabit
1502 3227 1537 3276 sa
1555 3213 1659 3294 atque

439 3316 529 3382 elata
551 3336 633 3383 voce
656 3317 792 3401 incipiet
814 3316 910 3384 Deus
932 3317 971 3384 in
993 3318 1200 3386 adiutomm
1223 3324 1286 3383 etc.

526 3423 579 3489 34.
604 3423 716 3489 Primo
740 3423 867 3508 psalmo
891 3425 1051 3502 intonato,
1075 3423 1202 3490 sedebit
1225 3430 1259 3490 et
1273 3429 1374 3511 caput
1395 3424 1523 3511 operiet
1536 3421 1658 3490 bireto

440 3529 492 3596 Ad
515 3530 618 3596 verba
641 3530 692 3599 Sit
714 3551 841 3600 comen
862 3531 1005 3599 Domini
1025 3530 1245 3600 benedictum
1274 3532 1392 3618 psalmi
1424 3530 1524 3598 exn.
1547 3531 1576 3597 si
1605 3548 1660 3596 re-

441 3635 607 3714 citabitur,
632 3643 732 3723 caput
754 3637 892 3705 nudabit
914 3659 954 3704 ac
977 3659 1094 3705 versus
1117 3639 1236 3706 Altare
1259 3636 1416 3706 inflectet.
1625 3645 1627 3650 '

527 3744 580 3811 35.
605 3744 761 3830 Repetita
782 3751 857 3831 post
878 3748 1030 3831 quintum
1053 3746 1217 3833 psalmum
1239 3746 1430 3833 antiphona,
1454 3750 1553 3833 caput
1568 3743 1661 3812 dote-

440 3858 507 3939 get,
531 3858 687 3937 assurget
709 3858 745 3918 et
767 3852 957 3939 Capitulum
980 3853 1072 3920 elata
1086 3874 1168 3921 voce
1180 3855 1342 3922 recitabit.
1359 3855 1530 3941 Responso
1545 3873 1566 3919 a
1581 3853 1661 3921 cho·

440 3981 479 4027 ro
501 3960 573 4028 Deo
593 3959 743 4045 gratias,
767 3959 936 4026 inchoabit
957 3961 1128 4046 hymnum,
1152 3981 1249 4046 quem
1271 3962 1395 4028 chorus
1417 3960 1636 4028 continuabit

528 4069 582 4135 36.
606 4069 688 4133 Post
711 4068 941 4153 repetitionem
963 4069 1165 4156 antiphonae
1187 4067 1229 4134 ad
1251 4070 1459 4157 Magnificot
1480 4067 1569 4135 dicet
1590 4067 1659 4138 Do·

440 4176 559 4246 minus
580 4174 758 4244 vobicum
781 4179 881 4258 atque
904 4176 1087 4240 orationem
1111 4195 1186 4241 cum
1209 4175 1434 4241 conclusione.
1458 4173 1493 4241 Si
1515 4180 1550 4240 et
1568 4173 1659 4242 aliae

441 4285 769 4352 commemorationes
793 4280 884 4358 fient,
909 4283 1063 4349 recitabit
1086 4283 1232 4366 reliquas
1257 4284 1434 4358 orationes,
1447 4299 1588 4366 quorum
1603 4300 1660 4367 po-

442 4399 599 4458 stremam
620 4390 799 4477 complebit
821 4389 1045 4468 conclusione,
1070 4394 1145 4476 post
1173 4409 1270 4474 quam
1300 4389 1399 4456 addet
1420 4393 1452 4463 i.
1484 4385 1660 4458 Dominus

516 4602 556 4674 (o)
576 4603 750 4677 Inspiciatur
767 4603 993 4664 caeremoniale
1012 4605 1059 4663 lib.
1077 4608 1102 4661 2.
1121 4621 1185 4678 cap.
1204 4609 1230 4663 8.
1249 4623 1328 4666 num.
1350 4608 1389 4664 18.
