4175 5717
528 675 592 750 186
976 688 1042 752 rie.
1069 688 1127 752 nt*

436 810 584 877 cantabit
609 809 731 879 Gloria
755 811 859 879 Patri
876 816 939 877 etc.
963 813 998 877 et
1020 811 1144 877 chorus
1161 829 1220 877 seu
1237 815 1392 877 cantores
1408 800 1656 898 respondebunt

437 917 535 985 Sicut
562 924 639 986 crat
662 925 726 985 etc.
1408 929 1410 936 '
1454 942 1457 950 ¹
1635 969 1638 974 .

525 1026 575 1092 19.
601 1023 782 1093 Celebrans
805 1026 953 1093 cantabit
978 1025 1127 1094 Orontes
1150 1026 1357 1112 (assistentes
1372 1026 1573 1094 Flectomus
1590 1045 1655 1111 pc·

433 1154 508 1202 auo
531 1132 608 1221 eto.)
632 1140 667 1199 et
689 1136 872 1200 orationem
899 1133 1123 1220 Omnipotens
1146 1141 1178 1202 et
1199 1134 1402 1201 misericors
1425 1140 1489 1201 etc.

521 1242 575 1308 20.
599 1241 681 1308 Post
704 1243 888 1309 orationem
912 1241 1094 1309 Celebrans
1117 1241 1283 1309 intonabit
1308 1243 1525 1329 antiphonam
1549 1244 1657 1311 Bene-

434 1352 499 1428 dic,
516 1335 672 1427 Domine,
690 1369 788 1434 quam
811 1354 965 1415 cantores
989 1349 1235 1436 prosequentur
1257 1369 1332 1416 cum
1352 1351 1487 1437 psalnns
1509 1350 1567 1417 Ad
1589 1351 1656 1419 Do·

433 1460 570 1525 minum
581 1463 663 1524 cum
680 1456 1025 1526 tnoumrermeeavi
1041 1459 1161 1526 ocalm
1171 1478 1267 1527 meos
1277 1460 1316 1525 ia
1327 1465 1474 1526 montes:
1486 1458 1656 1527 hortatus

433 1585 513 1633 aum
535 1571 570 1631 et
591 1566 626 1630 in
648 1562 714 1631 flne
735 1566 997 1649 uniuscuiusque
1013 1565 1133 1651 psalmi
1150 1564 1481 1634 cantabitur-Gloria
1496 1564 1609 1633 Potn'.

520 1672 573 1740 21.
598 1674 752 1738 lutonata
774 1672 967 1758 antiphona,
992 1672 1173 1739 Celebrans
1197 1674 1337 1760 accipiet
1360 1672 1579 1759 aspergillum
1601 1672 1651 1737 *ah

434 1793 499 1847 uno
522 1780 763 1857 assistentium,¹
782 1787 816 1846 et
838 1779 937 1845 simul
960 1799 1035 1846 cum
1060 1781 1138 1866 ipsis
1161 1789 1303 1865 cumque
1325 1779 1451 1846 clerico
1465 1781 1653 1846 sustinente
1717 1807 1719 1811 ⁴

434 1887 606 1954 vasculum
621 1907 726 1973 aquae
741 1893 877 1953 sanctae
894 1887 1290 1955 circumibit'interiorem
1307 1888 1469 1953 ecclesiae
1481 1885 1652 1963 ambitum.

433 2015 611 2083 aspergens
642 2013 755 2061 muros
786 1997 918 2061 sursum
942 2003 976 2061 et
999 1995 1153 2062 deorsum
1177 2016 1304 2062 versus.
1337 1996 1571 2082 Aspersionem
1593 1996 1652 2059 in·

431 2104 565 2169 choabit
586 2123 606 2169 a
628 2095 737 2168 latere
761 2101 936 2188 Evangelii
957 2101 1085 2169 Altaris
1102 2103 1249 2189 primarii
1264 2106 1300 2168 et
1315 2104 1347 2167 in
1364 2102 1435 2188 ipso
1443 2102 1653 2186 aspersionis

433 2217 510 2275 actu
534 2208 687 2276 recitabit
708 2208 913 2278 versiculum
936 2210 1113 2301 Asperpea
1136 2229 1200 2286 me,
1225 2209 1372 2277 Domine
1388 2214 1459 2275 etc.

518 2316 572 2383 22.
596 2317 740 2382 Peracta
761 2318 964 2403 aspersione,
992 2316 1174 2393 Gelebrans
1198 2317 1320 2383 redibit
1341 2323 1421 2381 ante
1444 2315 1569 2381 Altarc'
1586 2331 1652 2379 maa

433 2426 557 2490 nimum
580 2430 615 2489 et
644 2425 800 2490 restituet
829 2421 1059 2509 aspergillum·
1075 2425 1254 2501 assistenti,
1279 2429 1315 2488 et
1345 2423 1399 2489 hic
1429 2421 1563 2492 clerico.
1594 2417 1650 2505 qui

433 2552 508 2596 cum
530 2531 669 2596 vasculo
693 2530 819 2596 referet
841 2529 927 2596 illud
951 2532 983 2595 in
1008 2532 1203 2596 sacristiam.

520 2639 574 2705 23.
599 2637 770 2724 Completo
799 2638 1002 2725 psalmorum
1034 2642 1134 2703 cantu
1166 2645 1201 2703 et
1231 2638 1374 2723 repetita
1403 2656 1424 2702 a
1457 2634 1652 2702 canmribus

433 2746 623 2832 antiphona,
647 2744 829 2811 celebrans
860 2744 1008 2811 cantabit
1041 2743 1190 2812 Oremm
1214 2744 1421 2831 (assistentes
1452 2744 1654 2811 Electum

430 2872 550 2936 penae
574 2853 651 2938 etc.)
675 2857 710 2916 et
733 2854 915 2917 orationem
940 2853 1046 2930 Deua,
1059 2855 1123 2937 qui
1148 2856 1222 2919 loco
1247 2859 1310 2918 etc.

519 2960 572 3026 24.
597 2959 679 3025 Post
713 2960 913 3037 orationem,
937 2965 1121 3046 praeeunte
1154 2957 1279 3036 cruce,
1314 2958 1430 3025 ordine
1460 2957 1652 3044 supradicto

433 3067 551 3133 Clarus
574 3073 609 3132 et
633 3066 815 3132 Celebrans
839 3072 1057 3133 revertentur
1080 3066 1113 3131 iu
1137 3067 1332 3132 sacristiam.

520 3173 573 3239 25.
597 3172 803 3239 Admittetur
825 3172 967 3266 populus
990 3174 1025 3238 in
1049 3173 1234 3251 ecclesiam
1259 3174 1408 3240 Sacrista
1423 3172 1651 3238 cum-clericis

433 3280 600 3346 ornabunt
622 3279 763 3357 Altaria
788 3300 903 3347 cereos
919 3286 954 3347 et
968 3280 1138 3367 lampades
1160 3280 1353 3357 accendent
1370 3300 1456 3364 aqua
1477 3279 1652 3346 benedicta
1735 3305 1739 3312 ·
1765 3287 1767 3292 '

432 3386 627 3453 infundetur
650 3390 684 3453 in
707 3388 818 3454 fontes
841 3388 1003 3454 lustrales
1027 3388 1067 3453 ad
1091 3388 1182 3453 fores
1205 3387 1366 3455 ecclesiae
1382 3394 1417 3453 et
1432 3388 1561 3453 interea
1585 3387 1651 3455 Ce-

429 3496 565 3561 lebrans
588 3497 622 3560 in
646 3497 799 3563 sacristia
828 3494 977 3581 deposito
1005 3495 1156 3589 pluviali,
1181 3495 1384 3582 manipulum
1417 3499 1451 3560 et
1480 3494 1651 3579 planetam

433 3602 557 3668 induet.
764 3585 770 3598 ’
841 3616 843 3619 ’
1177 3608 1179 3614 ’

518 3709 572 3775 26.
596 3709 708 3777 Rebus
732 3709 881 3776 omnibus
905 3712 971 3778 rite
993 3710 1164 3788 ordinatis,
1189 3711 1371 3779 Celebrans
1387 3711 1526 3777 exibita
1542 3730 1653 3776 sacra·

433 3821 482 3883 rio
505 3824 540 3884 et
563 3817 746 3884 celebrabit
775 3818 918 3895 Missam,
942 3837 1027 3904 quae
1058 3820 1123 3884 erit
1150 3818 1191 3885 de
1222 3818 1329 3885 officio
1360 3817 1453 3885 illius
1476 3818 1591 3893 feriae,
1623 3820 1650 3882 si

431 3923 584 3991 inciderit
607 3926 640 3989 in
664 3923 748 3990 diem
773 3926 1031 4012 privilegiatum,
1057 3926 1111 3990 vel
1135 3925 1176 3992 de
1200 3926 1323 3992 Sancto
1339 3927 1434 3992 cuius
1449 3927 1574 3990 nomini
1597 3925 1650 3990 di-

431 4039 507 4099 cata
529 4032 677 4098 ecclesia¹
695 4037 756 4099 est.

516 4139 561 4204 27
583 4138 685 4205 Juvat
708 4137 873 4207 adducere
896 4141 1096 4207 decisionem
1120 4142 1152 4208 S.
1178 4142 1244 4208 Rit.
1270 4143 1390 4228 congr.

518 4245 568 4311 Ad
592 4245 668 4311 dub.
695 4247 745 4311 10.
770 4248 929 4313 Potestne
954 4250 1136 4335 Episcopus
1160 4250 1215 4314 vel
1240 4270 1299 4335 per
1322 4270 1357 4314 se
1381 4252 1497 4336 ipsum,
1516 4250 1569 4314 vel
1588 4269 1648 4334 per

430 4353 532 4418 alium
556 4351 762 4419 sacerdotem
784 4354 980 4420 benedicere
1000 4359 1182 4421 oratorium
1198 4357 1388 4421 monialium
1407 4355 1439 4421 S.
1457 4358 1646 4440 Augustini,

430 4480 524 4544 quae,
548 4458 707 4525 destituto
731 4480 845 4526 earum
869 4469 1048 4536 conventu,
1072 4465 1174 4529 vitam
1191 4449 1317 4549 'degunt
1333 4466 1366 4528 in
1382 4464 1522 4548 quadam
1540 4463 1646 4536 domo,

432 4574 468 4630 ut
491 4569 616 4651 possint
640 4575 848 4631 sacramenta
873 4568 1148 4634 Confessioniset
1164 4591 1280 4636 sacrae
1306 4572 1536 4636 Eucharistiae
1560 4572 1648 4635 reci-

432 4693 520 4759 pere,
545 4694 619 4739 cum
642 4674 764 4757 absque
789 4674 946 4739 clausura
971 4676 1106 4741 vivant?
