4175 5717
523 733 588 796 270
983 752 1049 799 cra.
1075 753 1096 798 r.

441 858 599 926 Romano
623 859 785 941 Imperio,
809 878 908 942 quum
939 856 972 923 id
1002 859 1132 945 saepius
1159 857 1347 924 decreverit
1370 857 1402 923 S.
1427 857 1653 943 Congregatio

432 966 568 1031 ltituum
595 971 808 1051 posteaquam
828 965 971 1032 abolitus
996 966 1059 1032 iuit
1082 964 1203 1031 titulus
1220 970 1254 1030 et
1271 965 1532 1050 repraesentatio
1548 983 1651 1052 prae-

433 1071 530 1138 dicta.

515 1179 590 1244 330.
614 1179 811 1246 Orationum
834 1187 935 1245 cantu
967 1178 1131 1257 absoluto,
1156 1179 1364 1244 reverebitur
1395 1177 1536 1246 Crucem
1565 1181 1646 1244 eta

429 1288 537 1352 latere
561 1286 740 1352 descendet
762 1287 802 1352 ad
827 1307 1010 1363 scamnum,
1035 1287 1090 1352 ubi
1114 1285 1260 1374 casulam
1285 1285 1444 1351 demittet.
1465 1283 1598 1350 Redibit
1615 1283 1650 1350 in

429 1414 533 1459 cornu
558 1394 736 1480 Epistolae,
760 1396 839 1478 quin
861 1393 1019 1460 ascendat
1041 1393 1082 1459 ad
1108 1393 1234 1470 Altare,
1258 1399 1292 1459 et
1315 1393 1473 1458 consistet
1496 1391 1582 1458 facie
1605 1389 1648 1457 ad

432 1501 589 1587 populum
613 1521 720 1567 versa.

518 1607 592 1672 331.
617 1609 646 1673 A
671 1609 816 1674 Diacono
847 1611 986 1695 accipiet.
1003 1609 1152 1684 Crucem,
1169 1627 1266 1692 quam
1281 1614 1359 1674 ante
1375 1613 1489 1695 pectus
1507 1609 1651 1690 utraque

425 1715 529 1778 'manu
554 1716 737 1780 sustinebit.
767 1716 956 1782 Adiurante
980 1717 1124 1782 Diacono
1147 1716 1277 1802 deteget
1303 1722 1429 1802 partem
1445 1693 1651 1802 superiorem

435 1822 549 1887 Crucis
573 1842 676 1906 usque
699 1822 741 1887 ad
763 1829 891 1908 partem
911 1830 1138 1888 transversam
1154 1828 1252 1907 atque
1269 1842 1287 1889 e
1305 1823 1430 1887 Missali
1446 1827 1544 1887 canet
1558 1820 1652 1888 Ecce

435 1930 569 2013 tionum
595 1930 720 1996 Crucis
743 1939 776 1994 et
799 1937 955 1996 cantores
979 1929 1221 1996 continuabunt
1244 1930 1281 1996 ia
1305 1949 1373 2014 quo
1396 1931 1495 1995 salus
1524 1927 1655 1995 mundi

433 2038 600 2118 pependit
622 2043 655 2101 et
679 2038 800 2102 chorus
831 2037 948 2105 Venite
976 2040 1174 2104 adoremur.
1192 2037 1250 2102 His
1273 2037 1381 2103 verbis
1399 2035 1474 2101 dum
1491 2034 1532 2101 ab
1549 2035 1654 2100 omni·

435 2142 496 2207 bus
520 2141 772 2228 genuflectetur,
800 2144 981 2211 celebrans
1004 2165 1091 2210 unus
1115 2142 1225 2210 stabit.
1463 2139 1465 2144 ’

520 2250 595 2315 332.
621 2253 701 2316 Post
724 2252 806 2317 haec
831 2251 1033 2317 conscendet
1063 2252 1306 2339 suppedaneum
1335 2251 1462 2316 Altaris
1485 2251 1519 2315 in
1542 2267 1652 2316 cornu

435 2357 612 2443 Epistulae,
639 2358 755 2443 ibique,
782 2366 950 2444 utsupra,
975 2358 1109 2444 deteget
1132 2360 1302 2425 brachium
1326 2357 1500 2424 dexterum
1531 2356 1651 2423 Grucis

435 2472 470 2529 et
493 2463 651 2531 Crucifixi
674 2473 830 2552 etcaput
853 2467 998 2532 eiusdem
1024 2467 1185 2552 imaginis,
1211 2467 1414 2550 (trucemque
1437 2464 1589 2552 paullum
1615 2471 1652 2531 et

435 2592 550 2637 vocem
579 2573 750 2649 attollens,
775 2580 874 2639 canet
904 2575 1027 2640 iterum
1052 2573 1141 2640 Ecce
1166 2575 1300 2659 lippum
1334 2574 1472 2650 Graccis·
1495 2577 1651 2638 cantores

365 2723 368 2728 -
437 2684 547 2743 aretem
571 2687 606 2744 et
628 2679 760 2757 chorus,
787 2687 956 2767 utsupra,
983 2679 1238 2767 respondebunt.

525 2785 599 2850 333.
624 2787 747 2852 Veniet
776 2786 894 2856 deinde
923 2789 957 2852 in
988 2787 1130 2853 medium
1158 2787 1413 2874 suppedaneum.
1445 2785 1586 2854 Crucem
1616 2787 1652 2852 in

435 2897 541 2958 totum
565 2892 708 2978 deteget,
734 2913 831 2977 quam
856 2894 970 2979 paullo
994 2895 1134 2983 amplius
1150 2895 1296 2970 attollet,
1314 2913 1492 2980 vocemque
1507 2893 1653 2980 amplius

328 3039 330 3044 -
437 3000 572 3064 elevans
597 3007 694 3065 canet
717 3003 818 3066 tertia
842 3003 914 3066 rice
937 3002 1027 3069 Eece
1052 3003 1186 3088 liparam
1205 3003 1339 3080 aecta,
1357 3009 1390 3067 et
1406 3007 1558 3068 cantores
1575 3001 1655 3068 cho·

439 3127 571 3190 rusque,
597 3113 633 3173 ut
656 3114 763 3182 antea,
781 3115 1048 3194 prosequentur·

525 3215 600 3278 3:34.
626 3217 706 3282 Post
728 3223 897 3281 cantatum
929 3217 1046 3284 Venite
1068 3218 1265 3294 adoremur,
1290 3217 1498 3284 manentibus
1529 3217 1655 3282 ceteris

436 3322 574 3406 genibus
597 3320 702 3399 flexis,
729 3344 813 3389 unus
837 3322 1018 3390 Celebrans
1048 3323 1226 3391 descendet
1256 3324 1296 3390 de
1327 3325 1446 3400 Alteri,
1470 3309 1654 3390 comitante

441 3429 714 3506 caeremonias-io,
734 3433 846 3496 veniet
861 3430 902 3496 ad
919 3437 1065 3517 tapetum
1082 3438 1116 3497 et
1131 3434 1298 3498 cussinum
1322 3438 1472 3519 paratum
1488 3437 1566 3497 ante
1582 3429 1657 3498 infl-

440 3555 528 3599 mum
553 3535 680 3601 Altaris
703 3538 851 3621 gradum,
868 3538 1167 3624 adgeniculahitur,
1187 3539 1327 3605 Crucem
1350 3540 1482 3604 cussino
1506 3540 1656 3626 imponet

440 3661 479 3706 ac
502 3644 620 3706 taeniis
643 3645 669 3708 si
693 3664 774 3730 opus
798 3645 910 3721 fuerit,
934 3646 1108 3712 cohibebit.

528 3750 602 3815 335.
627 3752 685 3816 His
708 3749 841 3828 effectio,
866 3767 1027 3839 assurget,
1053 3752 1255 3839 genuflectet
1284 3753 1324 3818 ad
1357 3751 1496 3820 Crucem
1528 3759 1563 3818 et
1594 3753 1656 3821 ibit

441 3857 481 3922 ad
505 3877 673 3923 scamnum
698 3859 752 3923 ubi
775 3862 862 3924 sacri
885 3861 1028 3926 Ministri
1052 3863 1081 3927 ei
1105 3861 1233 3926 obriam
1257 3861 1401 3926 venient.

532 3965 606 4030 336.
630 3966 677 4029 lbi
694 3966 833 4051 deponet
850 3969 1052 4053 manipulum
1070 3968 1116 4052 (S.
1133 3970 1172 4034 lt.
1190 3969 1224 4034 0.
1245 3968 1285 4033 15
1300 3967 1389 4052 Sept.
1409 3964 1505 4050 1736)
1526 3966 1658 4034 sedebit

444 4074 477 4136 in
501 4092 634 4136 scamno
658 4079 689 4136 et
715 4074 844 4138 calceos
868 4075 927 4139 sibi
951 4075 1114 4140 detrahet.
1140 4074 1187 4160 (a)

525 4364 566 4430 (a)
586 4363 722 4418 Meretus
745 4361 773 4416 iu
800 4359 874 4416 iretis
898 4362 935 4416 nd
956 4362 1123 4418 ‘Garantum
1151 4360 1225 4417 baec
1251 4360 1381 4418 habet«
1410 4359 1440 4416 ln
1466 4359 1656 4418 extendendo

446 4449 500 4506 boc
521 4451 640 4508 decreto
659 4451 776 4525 irrepsit
794 4452 892 4506 forsan
912 4451 1014 4524 aliquis
1034 4469 1119 4508 error
1137 4450 1297 4524 scriptoris
1310 4450 1377 4524 quia
1396 4467 1433 4506 ex
1452 4449 1579 4508 rubricis
1599 4469 1655 4525 po-

446 4539 502 4596 tius
522 4541 673 4600 deducitur
692 4561 748 4599 non
768 4541 971 4615 deponendum
991 4539 1169 4614 numipulum
1189 4541 1217 4597 in
1237 4540 1314 4598 dicta
1333 4539 1561 4610 circumstantia;
1575 4543 1656 4603 unde

445 4647 518 4704 opus
537 4641 630 4688 estut
649 4632 814 4704 diligentius
833 4631 1025 4690 examinetur.
1045 4650 1060 4684 a
1523 4619 1525 4624 ’
