4175 5717
519 803 585 868 310
976 817 1042 868 mn.
1068 817 1102 868 n.

519 927 571 992 Ad
594 929 652 992 IV.
677 929 847 1013 Negative.

517 1037 569 1100 Ad
594 1037 635 1100 V.
661 1037 831 1122 Negative.

519 1146 570 1211 Ad
595 1147 652 1210 Vl.
685 1147 856 1230 Negative
887 1145 943 1210 sed
978 1144 1225 1210 benedictiones
1257 1145 1434 1211 mulierum
1467 1152 1500 1211 et
1531 1145 1649 1213 Fontis

433 1253 641 1339 Baptismalis
665 1253 736 1316 lieri
759 1253 880 1317 debere
903 1273 924 1316 a
947 1253 1117 1317 Purochis.

520 1361 570 1426 Ad
595 1361 668 1425 VII.
693 1361 853 1445 Negative
876 1367 975 1445 prout
999 1362 1095 1424 iacet.

519 1469 570 1534 Ad
596 1468 683 1533 VIII.
708 1469 868 1553 Negative
890 1473 991 1553 prout
1013 1469 1109 1544 iacet,
1134 1466 1192 1533 sed
1215 1475 1367 1555 spectare
1391 1469 1431 1536 ad
1464 1469 1649 1536 Par-ochos.

521 1577 572 1642 Ad
595 1577 652 1642 IX.
684 1577 845 1660 Negative
867 1583 968 1661 prout
1002 1576 1097 1652 iacet,
1123 1575 1179 1642 sod
1208 1583 1359 1661 spectare
1392 1575 1434 1642 ad
1458 1553 1649 1644 Ecclesiam

431 1685 613 1769 digniorem
636 1683 677 1748 ad
700 1683 839 1747 formam
864 1682 1115 1748 constitutionis
1140 1683 1260 1748 Leonis
1285 1685 1326 1749 X.

520 1791 571 1857 Ad
594 1791 636 1856 X.
662 1792 821 1876 Negotiue
845 1799 943 1876 prout
968 1791 1062 1866 iacet,
1088 1790 1144 1855 sed
1168 1791 1272 1856 licere
1296 1791 1532 1858 confratribus
1556 1792 1650 1859 dum·

431 1907 528 1965 taxat
550 1901 584 1963 in
599 1897 836 1963 festivitatibus
852 1895 1108 1962 solemnioribus
1124 1897 1269 1962 elusdem
1287 1898 1467 1977 Ecclesiae,
1484 1899 1542 1966 vel
1558 1899 1650 1968 Ora·

431 2009 517 2082 lorii,
544 2013 580 2071 ut
604 2008 637 2070 in
661 2002 872 2070 Brundusina
895 2003 955 2069 sub
979 2003 1031 2068 die
1056 2004 1079 2068 I.
1104 2005 1189 2070 Iunii
1215 2006 1308 2072 1601.

518 2111 569 2178 Ad
593 2112 650 2177 XI.
675 2113 845 2196 Negative.

517 2220 568 2284 Ad
592 2220 664 2284 XII.
691 2219 850 2304 Negative
874 2225 908 2284 et
931 2218 1037 2302 quoad
1062 2218 1307 2286 benedictiones
1332 2241 1406 2286 curn
1431 2221 1598 2308 Reliquiis
1615 2233 1650 2290 et

433 2329 631 2411 Inraginibus
654 2335 834 2394 serventur
857 2327 1003 2394 decreta.

518 2435 570 2499 Ad
594 2435 681 2499 XIII.
707 2435 793 2499 Satis
816 2435 986 2519 provisum
1010 2435 1043 2499 in
1068 2435 1307 2521 superioribus.

518 2541 568 2606 Ad
593 2541 685 2606 XIV.
709 2539 1015 2618 Affirmative‚·nisi
1038 2541 1139 2608 aliter
1164 2541 1360 2610 Ordinarius
1384 2551 1513 2612 statuat
1528 2565 1575 2612 ex
1601 2567 1653 2614 ra-

429 2648 578 2713 tionabili
603 2668 713 2714 causa.

517 2754 568 2820 Ad
592 2753 668 2820 XV.
692 2753 908 2822 Affirmalive.

518 2863 569 2928 Ad
592 2863 684 2929 XVI.
708 2861 923 2929 AffirmatiVe.

517 2970 568 3035 Ad
592 2969 699 3036 XVII.
726 2972 895 3055 Negative.

517 3078 568 3142 Ad
592 3079 713 3144 XVIII.
739 3077 955 3144 Affirmative.
1317 3141 1325 3160 ,

515 3186 566 3252 Ad
590 3188 681 3252 XIX.
707 3187 877 3270 Negotium,
903 3187 964 3251 nisi
988 3186 1089 3252 aliter
1113 3187 1295 3272 Episcopus
1318 3186 1481 3274 disponat.

516 3295 567 3360 Ad
591 3295 667 3359 XX.
691 3291 908 3370 Affirmatiue
933 3293 1064 3376 quando
1088 3293 1302 3358 tumulandus
1327 3303 1379 3360 est
1395 3294 1568 3364 subiectus
1584 3297 1648 3364 Pa·

430 3403 542 3478 rooho‚
567 3403 656 3466 Intra
678 3402 773 3466 cuius
796 3399 877 3465 fines
901 3409 952 3465 est
976 3401 1127 3466 Ecclesia
1151 3399 1205 3464 vel
1231 3399 1434 3468 Oratorium.

517 3508 568 3574 dd
592 3509 683 3573 XXI.
708 3506 925 3573 Affirmative.

516 3617 567 3682 Ad
592 3616 698 3681 XXII.
723 3616 893 3700 Negative,
918 3614 980 3678 nisi
1002 3613 1135 3679 adesset
1157 3614 1294 3680 licentia
1317 3615 1481 3703 Episcopi.

517 3723 567 3788 Ad
591 3724 714 3788 XXIII.
739 3723 899 3807 Negative
923 3729 1021 3785 extra
1043 3723 1210 3808 propriam
1234 3722 1430 3788 Ecclesiam.

517 3831 568 3896 Ad
593 3831 717 3896 XXIV.
743 3831 913 3916 Negetive.

516 3939 568 4004 Ad
590 3938 701 4004 XXV.
726 3937 896 4020 Negative.

517 4046 569 4112 Ad
592 4046 730 4124 xxvi„
744 4045 913 4129 Negetive.

516 4154 567 4220 Ad
591 4153 731 4218 XXVII.
757 4153 927 4235 Negatire.

516 4261 567 4327 Ad
592 4259 747 4325 XXVIII.
773 4259 942 4342 Negative.

516 4370 567 4435 Ad
592 4367 717 4432 XXIX.
742 4366 911 4449 Negative.

514 4478 564 4542 Ad
589 4477 698 4540 XXX.
723 4471 938 4548 Affirmative
962 4470 1136 4538 dummodo
1161 4493 1225 4538 non
1250 4475 1428 4560 impediant
1447 4475 1639 4544 lunellones

428 4591 463 4650 et
485 4585 602 4650 Divina
625 4581 740 4647 officia.

516 4689 567 4755 Ad
590 4691 715 4755 XXXI.
741 4688 955 4754 Affiruuaim'e.
