4175 5717
530 693 591 762 156
993 715 1060 765 mn.
1085 715 1106 764 1.

438 845 537 890 neum
560 823 601 890 ad
624 824 714 889 latus
739 823 926 910 Evangelii,
949 827 1090 912 accipiet
1112 847 1132 892 a
1156 827 1356 893 Celebrante
1381 826 1536 906 Calicem,
1560 845 1659 914 quem

437 933 608 1018 absterget
631 939 731 1017 atque
747 934 929 999 exsiccabit
944 932 1183 1019 purificatorio,
1202 934 1465 1021 purificatorium
1482 943 1659 1003 extensum

356 1051 359 1056 '
437 1060 537 1127 super
561 1041 708 1117 calicem,
734 1061 834 1126 super
857 1038 1118 1126 purificatorium
1142 1048 1295 1129 patenam
1325 1050 1358 1109 et
1388 1044 1513 1131 pallam
1540 1043 1659 1110 deinde

434 1149 589 1234 imponet,
614 1147 750 1234 pli‘cabit
772 1146 957 1233 corporale,
982 1147 1069 1232 quod
1094 1155 1194 1233 ponet
1217 1150 1252 1214 in
1275 1149 1386 1227 bursa,
1413 1147 1557 1216 Calicem
1581 1170 1659 1216 con·

433 1261 526 1341 teget
549 1254 636 1331 vele,
660 1273 762 1340 super
783 1254 870 1338 quod
894 1261 995 1340 ponet
1017 1254 1154 1321 bursam
1181 1277 1257 1322 cum
1274 1258 1452 1344 corporali,
1471 1264 1505 1323 et
1520 1263 1658 1344 accepto

435 1363 547 1432 Calice
572 1382 670 1427 manu
694 1363 839 1438 sinistra,
864 1361 1069 1447 dexteraque
1093 1383 1193 1451 super
1208 1364 1343 1430 bursam
1359 1367 1475 1451 posita,
1489 1365 1656 1431 amovebit

434 1491 509 1537 eum
532 1471 572 1535 de
596 1470 717 1546 Altari,
742 1476 777 1535 et
799 1468 840 1535 de
864 1470 1072 1557 suppedaneo
1096 1479 1130 1537 et
1153 1467 1310 1556 gradibus
1326 1471 1530 1539 descendens
1546 1491 1586 1539 ac
1602 1493 1656 1560 ge-

435 1576 619 1644 nuflectens
643 1579 678 1642 in
701 1577 809 1642 medio
832 1571 920 1650 ante,
936 1577 1087 1654 Crucem,
1113 1578 1244 1645 deferet
1266 1580 1363 1645 illum
1389 1579 1430 1646 ad
1453 1581 1591 1647 abacum
1622 1585 1656 1645 et

381 1693 385 1698 '
434 1685 556 1751 redibit
578 1686 612 1748 in
636 1684 772 1771 planum
794 1690 871 1750 ante
895 1683 1042 1751 intimum
1066 1685 1205 1771 gradum
1229 1695 1304 1773 post.
1328 1687 1569 1754 Celebrantem.
1606 1685 1654 1774 (a)

522 1793 574 1856 71.
599 1791 765 1875 Sequetur
788 1793 969 1858 Diaconum
993 1799 1027 1858 et
1052 1793 1294 1870 Celebrantem,
1320 1795 1397 1860 dum
1413 1795 1595 1881 procedent
1611 1795 1652 1860 ad

435 1899 576 1966 medium
601 1899 740 1976 Altaris,
765 1919 871 1984 neque
896 1897 1161 1984 genuflexionem
1184 1902 1295 1980 faciet,
1319 1922 1419 1986 quum
1448 1904 1481 1967 in
1512 1902 1653 1968 medium

435 2008 617 2074 devenerit.

523 2116 575 2181 72.
600 2116 778 2200 Postquam
802 2115 966 2182 Diaconus
990 2119 1151 2183 cecinerit
1174 2118 1227 2185 Ite
1249 2118 1363 2184 Missa
1386 2125 1445 2195 eet,
1459 2117 1515 2183 vel
1539 2119 1653 2185 Beate-

432 2224 593 2290 dicamus
615 2223 772 2300 Domino,
798 2226 869 2288 sine
904 2224 977 2289 ulla
1006 2222 1250 2309 genuflexione,
1283 2224 1484 2290 conscendet
1514 2225 1653 2311 gradiun

431 2333 635 2418 superiorem
659 2352 777 2397 versus
801 2332 963 2417 angulum
987 2334 1100 2418 ipsine,
1125 2353 1164 2398 ac
1188 2352 1297 2418 genua
1320 2330 1475 2399 flectente
1507 2334 1653 2398 Diacono

429 2439 470 2503 nd
494 2438 755 2504 benedictionem
781 2439 1000 2516 Celebrantis,
1024 2439 1230 2526 geniculabit
1247 2446 1281 2506 et
1298 2440 1535 2518 Subdiaconus,
1552 2444 1652 2524 atque

433 2547 613 2612 inclinatus
637 2566 672 2612 se
696 2547 849 2631 signabit.

519 2655 571 2720 73.
598 2653 632 2719 Si
656 2651 927 2720 transferendum
951 2655 1016 2719 erit
1039 2673 1099 2739 pro
1134 2654 1253 2719 ultimo
1287 2654 1473 2740 Evangelio
1507 2653 1652 2732 Missale,

432 2762 531 2827 simul
554 2782 593 2826 ac
617 2762 781 2828 Diaconus
805 2763 965 2826 cecinerit
987 2761 1049 2838 Ite,
1079 2762 1192 2827 Missa
1227 2769 1288 2837 est,
1321 2768 1429 2827 sumet
1459 2759 1544 2826 illud
1577 2780 1653 2826 cum

430 2870 563 2933 cussino
587 2870 643 2934 vel
667 2869 761 2954 legili
785 2873 820 2934 et
842 2868 972 2934 deleret
994 2868 1035 2932 ad
1061 2869 1150 2933 latus
1175 2869 1361 2954 Evangelii,
1386 2865 1652 2955 genuflexionem

430 2974 506 3040 dum
530 2978 673 3042 transiet
695 2983 774 3041 aute
799 2975 939 3041 Crucem
964 2974 1094 3040 Altaris
1117 2975 1273 3041 efficiens.

518 3086 570 3148 74.
596 3083 630 3148 Si
655 3084 840 3149 Canonicus
864 3084 968 3148 fuerit
991 3089 1025 3148 et
1054 3085 1087 3147 in
1123 3083 1277 3148 Ecclesia
1308 3103 1369 3148 sua
1400 3083 1652 3158 ministraverit,

428 3190 470 3255 ad
495 3191 702 3257 Celebrant-is
726 3191 988 3257 benedictionem
1012 3210 1079 3256 non
1102 3191 1318 3275 geniculabit,
1342 3190 1400 3256 sed
1423 3189 1588 3276 profunde
1604 3192 1652 3255 in-

431 3300 623 3365 clinabitur.

518 3410 569 3473 75.
594 3408 832 3474 Benedictione
856 3413 1002 3494 accepta,
1027 3413 1193 3492 assurget.
1218 3407 1463 3492 suppedaneum
1486 3425 1652 3472 conscen-

429 3514 485 3580 det
509 3523 543 3580 et
567 3516 758 3582 Celebranti
782 3518 916 3581 assistet
939 3515 1094 3580 ultimum
1130 3515 1351 3600 Evangelium
1386 3515 1525 3601 legenti,
1550 3525 1586 3579 s'e
1610 3515 1653 3579 si-

430 3629 521 3688 stens
537 3623 577 3688 ad
594 3624 686 3689 illius
702 3626 881 3689 sinistram:
899 3624 1077 3689 sustinebit.
1094 3624 1123 3688 ei
1140 3622 1300 3688 tabellam
1318 3623 1492 3707 Evangelii
1509 3622 1540 3688 S.
1553 3623 1654 3687 Joan·

430 3733 489 3806 nis,
514 3738 613 3815 atque
637 3731 700 3796 hoc
724 3752 802 3796 casu
825 3731 866 3796 ad
890 3729 1042 3797 Verbum
1059 3750 1142 3797 curo
1159 3737 1222 3795 etc.
1240 3751 1306 3795 non
1323 3728 1535 3814 genuflectet.
1554 3727 1650 3804 Quod

430 3842 456 3903 si
481 3838 571 3904 aliud
596 3839 817 3924 Evangelium
841 3840 984 3924 legetur,
1009 3845 1085 3925 post
1108 3839 1160 3905 Ite
1183 3839 1296 3905 Missa
1312 3847 1362 3905 eet
1377 3837 1561 3903 transferet
1575 3838 1653 3901 mis·

430 3947 501 4013 sale
525 3966 600 4011 cum
623 3946 727 4031 legili,
752 3966 810 4011 seu
834 3948 966 4012 cussino
990 3946 1031 4010 ad
1056 3947 1146 4011 latus
1170 3946 1356 4031 Evangelii,
1374 3952 1408 4010 et
1431 3946 1574 4010 lectione
1595 3943 1652 4009 ab-

430 4054 550 4130 soluta,
575 4053 710 4119 Missale
734 4053 869 4119 claudet
892 4059 927 4118 et
949 4056 983 4118 in
1000 4053 1112 4119 Alteri
1128 4053 1305 4137 relinquet.
1324 4054 1361 4116 ln
1379 4061 1520 4136 utroque
1535 4057 1649 4117 tannen

431 4182 520 4239 casu,
544 4161 585 4226 ad
609 4159 707 4225 finem
731 4159 943 4247 respondebit
965 4162 1037 4229 Deo
1059 4162 1208 4247 gratiae.

518 4270 570 4334 76.
595 4268 677 4334 Post
700 4268 876 4355 Evangelii
900 4271 1129 4335 recitationem
1152 4268 1289 4334 accedet
1319 4267 1360 4332 ad
1391 4270 1560 4335 sinistram
1590 4267 1650 4334 Oe-

431 4373 592 4441 lebrantis
616 4377 649 4440 in
674 4375 894 4463 suppedaneo.

500 4536 542 4608 (a)
563 4537 615 4594 Est
626 4535 812 4604 subdiaconi,
825 4534 943 4593 minime
957 4553 1028 4592 vero
1042 4535 1166 4593 alicuius
1178 4535 1314 4610 acolythi,
1325 4536 1571 4610 quemadmodum
1586 4554 1646 4594 non

431 4633 513 4684 recte
531 4625 626 4684 solent
643 4627 769 4702 quidam,
788 4626 918 4688 Calicem
937 4625 973 4682 ad
992 4626 1117 4682 abacum
1138 4627 1264 4684 deterre.
