4175 5717
601 682 623 748 8
1063 699 1128 748 um.
1151 702 1172 748 1.

599 810 631 876 2.
656 809 851 893 Priusquam
874 806 1091 874 de·Saerario
1118 805 1381 895 proficiscantur,
1404 805 1598 873 salutabunt
1628 825 1722 873 rere·

513 923 628 984 renter
651 916 800 992 Crucem,
824 914 880 981 vel
903 916 1077 999 imaginem
1100 916 1310 1001 praecipuam
1332 914 1377 979 ibi
1398 914 1609 1000 propositam.

600 1024 631 1090 3.
656 1022 707 1089 Ad
730 1023 875 1088 Sacrarii
897 1023 1038 1097 ianuam,
1062 1021 1148 1108 apud
1171 1036 1266 1106 quam
1290 1023 1354 1088 sita
1376 1027 1429 1087 est
1449 1021 1578 1086 concha
1595 1040 1721 1105 acquae

514 1129 715 1207 benedictae,
739 1132 795 1214 qui
817 1130 986 1216 proximus
1009 1130 1087 1195 buic
1108 1130 1299 1215 pertransit,
1316 1136 1425 1194 sumat
1450 1128 1543 1192 illam
1569 1134 1721 1194 extremo

512 1235 614 1322 digito
631 1236 742 1329 ’medio
765 1235 882 1303 manus
905 1236 1075 1312 dexterae,
1099 1244 1134 1303 et
1148 1237 1232 1302 nihil
1247 1237 1371 1301 clausis
1386 1237 1509 1300 ceteris
1522 1235 1632 1320 digitis
1648 1254 1722 1321 por-

512 1345 601 1429 rigat
623 1346 723 1423 socio,
746 1347 802 1429 qui
825 1344 938 1410 eadem
961 1347 1091 1411 ratione
1114 1347 1262 1431 accipiet,
1285 1364 1325 1410 ac
1355 1363 1390 1410 se
1421 1327 1529 1408 crucis
1559 1345 1654 1427 siguo
1677 1345 1719 1409 si-

513 1455 663 1535 gnabunt
686 1451 744 1540 (a).
1028 1535 1031 1540 Ι

600 1563 630 1625 l.
656 1561 737 1628 Cum
761 1561 802 1627 ad
825 1562 934 1629 altere
964 1559 1182 1649 pervenerint
1215 1558 1441 1647 genuflectent
1467 1565 1545 1625 ante
1570 1559 1720 1637 Crucem,

510 1667 724 1734 advertentes
747 1676 786 1735 ut
808 1685 880 1736 sese
910 1670 1096 1754 aequaliter
1126 1669 1304 1753 eodemque
1335 1676 1482 1753 tempore
1514 1666 1580 1732 bini
1609 1666 1721 1754 depri-

512 1782 612 1851 ment,
630 1775 862 1860 commodeque
879 1784 1085 1862 consurgant
1099 1783 1198 1861 atque
1214 1778 1385 1843 concinne.
1402 1776 1621 1858 Posteaquam
1636 1776 1722 1860 prio-

512 1902 566 1949 res
588 1882 654 1947 duo
677 1880 943 1967 genuflexionem
966 1885 1183 1963 confecerint,
1208 1883 1322 1949 eodem
1352 1884 1480 1967 pariter
1509 1878 1588 1946 'loco
1622 1901 1721 1966 pera-

510 1996 592 2073 gant
615 1989 760 2067 secundi,
784 1997 883 2075 atque
907 1994 954 2057 ita
976 1993 1131 2057 similiter
1154 2012 1213 2078 per
1239 1993 1328 2056 vices
1359 1990 1489 2073 reliqui.
1505 1989 1722 2075 Quapropter

510 2096 645 2162 secundi
670 2117 771 2162 unum
795 2097 921 2164 faciant
941 2100 1121 2166 tardiorem
1145 2100 1293 2184 gradum,
1312 2105 1349 2163 ut
1370 2099 1483 2184 primis
1507 2096 1588 2162 deut
1610 2096 1721 2162 locum

509 2206 550 2270 ad
573 2202 861 2290 genuflectendum
885 2208 1063 2298 commode;
1087 2215 1161 2293 post
1191 2204 1456 2291 genuflexionem
1486 2223 1567 2270 vero
1597 2203 1663 2268 bini
1686 2224 1721 2269 se

509 2314 650 2379 invicem
666 2313 862 2379 salutabunt
876 2314 1033 2380 mediocri
1049 2316 1250 2390 reverentia,
1265 2321 1333 2379 tam
1348 2331 1444 2378 suum
1459 2313 1596 2395 quisque
1610 2310 1722 2375 locum

509 2427 611 2506 petet,
633 2420 722 2486 alter
744 2420 959 2487 dextrorsum
982 2422 1072 2487 alter
1095 2424 1321 2488 sinistrorsum
1345 2420 1455 2495 (lhori,
1479 2418 1586 2502 ibique
1609 2419 1721 2483 cuncti

508 2534 637 2594 stantes
660 2528 795 2614 pedibus
818 2532 1012 2595 consistent.
1510 2513 1513 2518 ¹

597 2636 627 2699 5.
653 2636 772 2702 Clarus
796 2639 850 2721 qui
875 2638 908 2702 in
934 2638 1043 2703 Choro
1067 2640 1141 2714 erit,
1165 2638 1349 2702 morabitur
1364 2643 1423 2701 aut
1446 2641 1548 2712 stans,
1572 2640 1631 2699 aut
1646 2654 1723 2699 con-

509 2742 628 2818 sidens,
653 2749 711 2808 aut
732 2744 871 2828 genibus
895 2743 1000 2811 flexis.
1026 2745 1135 2820 Quum
1158 2745 1311 2811 standum
1335 2747 1409 2819 erit,
1434 2763 1530 2807 nemo
1553 2761 1639 2808 uuus
1666 2763 1722 2807 se-

508 2954 582 3011 citus
601 2973 664 3011 mos
685 2964 737 3022 est,
756 2966 788 3013 ut
807 2957 959 3014 collarium
979 2958 1017 3014 sit
1041 2958 1205 3014 seiunctum
1235 2968 1263 3013 et
1292 2958 1405 3012 seratur
1433 2955 1486 3011 sub
1519 2963 1601 3011 veste
1629 2954 1722 3010 talari.

508 3045 593 3110 Quod
614 3055 711 3101 temen
731 3047 814 3118 parvi
833 3055 883 3103 aut
903 3047 983 3110 nihili
1003 3049 1096 3104 refert
1115 3048 1152 3103 ad
1172 3048 1305 3113 sormam,
1325 3062 1391 3101 curn
1419 3062 1438 3101 a
1465 3046 1597 3101 locorum
1625 3044 1723 3114 regio-

508 3152 634 3208 numque
654 3135 819 3207 dependeat
837 3137 982 3194 institutis
1004 3138 1034 3193 ld
1055 3138 1153 3211 utique
1173 3137 1296 3193 interest
1315 3148 1346 3192 ut
1365 3136 1454 3191 restis
1482 3135 1519 3190 sit
1546 3134 1663 3193 decens,
1691 3143 1723 3188 ut

508 3224 613 3297 pedum
634 3232 719 3281 tenus
737 3225 898 3283 descendat
916 3233 1003 3301 etque
1023 3228 1217 3301 undequaque
1237 3226 1273 3282 sit
1291 3225 1407 3299 penitus
1426 3225 1535 3280 clausa.
1599 3241 1602 3247 ·

579 3315 694 3386 Syrme,
713 3332 800 3387 quam
820 3316 908 3386 vulgo
928 3317 1052 3372 caudam
1073 3326 1187 3382 vocent,
1207 3325 1252 3373 est
1272 3316 1445 3372 Praesulum
1469 3313 1651 3370 solummodo
1682 3311 1723 3367 iu·

508 3403 600 3474 signe,
620 3404 778 3462 etidcirco
797 3407 920 3478 simplici
940 3408 1028 3465 Clero
1049 3407 1238 3464 interdicitur.

558 3567 560 3571 Ι
578 3494 702 3550 Fasciae
721 3513 835 3569 quoque
853 3515 924 3553 usus
944 3497 1025 3554 circa
1043 3498 1158 3554 lumbos
1177 3497 1253 3571 apud
1267 3498 1385 3555 Clarum
1399 3496 1561 3569 simplicem
1571 3494 1723 3560 obsolevit;

509 3584 658 3657 proprium
678 3603 755 3641 nunc
775 3588 949 3644 Praesulum
970 3595 1015 3644 est
1034 3588 1159 3659 signum.

579 3675 839 3748 Superpelliceum,
859 3677 942 3733 cuius
962 3678 1059 3733 forma
1078 3694 1155 3734 nunc
1174 3676 1324 3749 multiplex
1343 3684 1430 3749 atque
1450 3676 1619 3732 edmerum
1638 3690 1724 3729 orna·

509 3769 637 3819 mentum
658 3764 808 3821 redactum
823 3773 876 3832 est,
890 3767 1055 3823 cavendum
1069 3785 1106 3823 ne
1120 3774 1179 3823 tum
1193 3767 1360 3822 formatum
1375 3766 1462 3822 etiam
1476 3765 1564 3821 nimia
1578 3763 1724 3835 elegantia

426 3847 429 3860 '
508 3852 647 3910 indecens
657 3853 702 3910 sit.
716 3855 909 3913 Dissimulare
919 3875 978 3913 non
988 3874 1144 3929 possumus
1154 3855 1229 3929 quod
1240 3856 1432 3928 quorumdam
1442 3854 1723 3935 superpelliceorum

508 3952 680 4001 ornamenta
699 3946 793 4017 potius
813 3947 939 4005 scenicis
959 3945 1287 4020 repraesentationibus,
1307 3954 1358 4002 aut
1380 3946 1503 4002 cilicinis
1529 3946 1577 4002 ubi
1600 3944 1725 4000 reticula

509 4042 539 4091 et
567 4034 698 4108 strophia
726 4045 927 4109 proponuntur
955 4036 1081 4102 venalia,
1108 4053 1195 4109 quem
1230 4053 1331 4093 sacres
1359 4037 1524 4093 structiones
1554 4035 1726 4091 excercenti

509 4124 596 4181 Clero
616 4125 816 4183 convenirent.

578 4216 620 4285 (o)
640 4215 696 4280 Qui
715 4217 897 4288 praecedere
917 4218 1022 4291 quique
1042 4216 1125 4290 sequi
1144 4217 1272 4274 debeant
1289 4219 1357 4274 dum
1377 4215 1414 4272 ad
1438 4216 1534 4272 officia
1552 4215 1724 4288 peragenda

508 4302 661 4359 ordinatim
680 4305 738 4361 itur
756 4306 945 4374 anchorum
966 4308 1052 4381 idque
1072 4325 1126 4380 pro
1145 4308 1289 4364 varietate
1309 4305 1489 4364 functionum
1508 4306 1646 4379 ipsarum,
1659 4307 1726 4362 sub-

507 4392 696 4464 sequentibus
715 4396 857 4468 capitibus
876 4397 1056 4463 docebimus,
1075 4414 1112 4453 ne
1131 4397 1196 4470 plus
1215 4415 1310 4472 aequo
1324 4398 1442 4466 longum
1456 4394 1512 4452 boe
1527 4407 1615 4470 caput
1628 4395 1725 4462 fieret,

506 4480 535 4536 in
553 4498 610 4554 quo
629 4486 785 4553 generales
808 4493 920 4544 tantum
944 4506 1074 4545 canones
1102 4489 1257 4546 deduntur
1283 4505 1301 4544 a
1331 4486 1419 4544 Clero
1444 4486 1631 4552 observandi,
1656 4504 1723 4542 cum

506 4569 611 4627 divinis
629 4574 732 4631 officiis
751 4575 780 4631 in
798 4577 897 4635 Chcro
917 4579 978 4642 erit,
991 4578 1193 4635 interfuturus.
