4175 5717
517 725 581 788 :tls
976 746 1041 790 ms.
1067 745 1100 789 n.

435 851 672 915 Cenomanensi
696 851 736 914 18
752 851 928 916 Februarii
948 850 1032 914 1843
1048 852 1221 934 sequentia
1236 851 1464 936 excerpsimus
1480 869 1542 936 pro
1557 849 1649 914 cultu

432 957 594 1041 lteliquiis
619 957 651 1022 S.
678 959 793 1024 Crucis
816 957 1013 1024 exhibendo.

518 1064 767 1130 Benedicendus
792 1072 844 1130 est
867 1065 1008 1151 populus
1031 1064 1165 1130 dumea
1185 1067 1359 1150 reponitur
1375 1067 1409 1130 in
1427 1062 1579 1131 custodia
1594 1063 1649 1130 rel

430 1178 503 1256 post.
526 1175 781 1256 processionem,
804 1173 856 1236 rel
882 1180 956 1259 post
983 1174 1233 1259 expositionem,
1258 1180 1292 1237 ct
1315 1172 1504 1238 benedictio
1528 1173 1652 1258 imper-

428 1279 539 1344 tiemle
562 1287 613 1345 est
635 1301 654 1344 a
678 1280 860 1357 sacerdote,
885 1282 940 1364 qui
964 1281 1170 1346 functionem
1194 1281 1318 1367 explet.
1343 1281 1379 1345 ln
1404 1286 1483 1346 actu
1512 1279 1651 1366 hujusce

428 1387 664 1453 benedictionis
690 1388 901 1453 interdicitur
924 1397 1042 1453 cantus
1060 1389 1296 1472 cuiuscumque
1314 1407 1442 1464 versus,
1459 1393 1519 1452 aut
1536 1387 1653 1472 precis,

429 1497 526 1560 sicuti
544 1502 661 1560 cantus
678 1498 740 1560 iste
756 1495 968 1561 interdicitur
979 1499 1078 1560 etiarn
1093 1498 1125 1560 in
1138 1494 1423 1561 benedictionibus
1436 1513 1513 1560 cum
1527 1493 1584 1560 SS.
1598 1493 1654 1560 Sa·

430 1607 609 1666 eramento.
635 1603 750 1667 Potest
775 1602 806 1667 S.
832 1603 948 1668 Crucis
970 1603 1112 1686 reliquia
1139 1602 1431 1688 processionaliter
1448 1601 1576 1668 deferri
1596 1621 1655 1666 ca-

429 1711 496 1793 pite
508 1708 639 1774 detecto
655 1710 715 1775 sub
732 1708 950 1774 baldacclrino
966 1717 1000 1774 et
1017 1709 1145 1774 duobus
1162 1709 1389 1774 thuriferariis
1404 1707 1655 1774 incensantibus

430 1818 463 1880 in
487 1818 526 1880 iis
551 1823 679 1882 tantum
704 1817 787 1882 locis
820 1817 873 1881 ubi
901 1817 996 1882 adest
1024 1816 1231 1882 consuetudo
1260 1816 1541 1882 immemorabilis.
1570 1813 1656 1880 Dum

430 1925 609 2008 exponitur
624 1943 725 2008 super
741 1924 851 1988 altare
867 1921 1092 1988 thurificauda
1107 1931 1159 1989 est
1176 1924 1299 2011 triplici
1316 1923 1417 1989 ductu
1433 1943 1453 1986 a
1473 1922 1657 1990 Sacerdote

430 2050 496 2094 non
513 2027 701 2116 genuflexo,
718 2030 776 2096 sed
799 2037 919 2106 stante,
944 2032 1043 2096 etiam
1069 2031 1153 2096 seria
1178 2031 1235 2094 Vl.
1261 2033 1294 2096 in
1318 2031 1517 2096 Parascere.
1536 2029 1657 2098 clerus

431 2139 635 2206 transeundo
651 2145 730 2204 ante
745 2141 833 2204 hanc
849 2140 1033 2224 lteliquiam
1051 2140 1125 2204 loco
1141 2141 1289 2226 principe
1312 2159 1412 2224 super
1430 2139 1542 2204 altare
1556 2157 1658 2224 expo-

433 2249 540 2324 sitam,
565 2247 661 2313 debet
686 2249 782 2312 unico
806 2267 893 2330 genu
918 2247 959 2312 ad
982 2254 1110 2312 terram
1133 2245 1220 2312 flexo
1245 2265 1416 2322 venerare,
1434 2248 1462 2312 si
1484 2253 1600 2312 autem
1624 2247 1658 2312 in

433 2355 583 2421 custodia
606 2356 736 2421 inclusa
759 2354 871 2431 luerit,
897 2355 969 2421 sola
1003 2355 1221 2421 inclinatione
1256 2355 1439 2440 praefatam
1467 2354 1659 2438 Reliquiam

435 2463 654 2528 reverebitur.
680 2463 718 2527 ln
741 2463 843 2528 Missa
867 2481 951 2546 quae
973 2462 1168 2527 celebratur
1191 2481 1304 2528 coram
1328 2461 1480 2545 Reliquia
1504 2459 1563 2526 SS.
1579 2459 1662 2527 Gru·

434 2575 480 2639 cis
504 2571 613 2658 palam
637 2573 797 2657 expositu,
814 2568 1106 2656 genuflectendum
1130 2577 1182 2636 est
1204 2590 1224 2635 a
1248 2569 1427 2636 Sacerdote
1444 2577 1479 2636 et
1495 2570 1661 2637 Ministris

434 2682 532 2745 unico
556 2684 686 2744 tantum
708 2698 796 2764 genu
813 2680 846 2743 in
863 2698 997 2744 accessu
1022 2686 1057 2744 et
1080 2680 1112 2742 in
1134 2698 1277 2754 recessu,
1296 2684 1330 2744 et
1346 2680 1475 2762 quoties
1493 2677 1660 2744 Sacerdos

434 2788 557 2853 transit
580 2806 639 2872 per
663 2785 804 2851 medium
828 2785 957 2861 altaris,
982 2807 1042 2851 seu
1065 2785 1105 2851 de
1129 2786 1237 2852 latere
1261 2785 1415 2852 adlatus
1440 2787 1473 2850 in
1501 2779 1676 2852 incensa?

436 2897 526 2960 tione
548 2895 667 2959 altaris
691 2892 846 2968 eiusdem;
873 2892 990 2958 Glerus
1015 2895 1048 2957 in
1072 2894 1175 2957 choro
1200 2913 1266 2958 non
1291 2892 1411 2958 habeat
1434 2897 1535 2979 caput
1549 2891 1663 2960 detec-

436 3011 517 3078 tum,
536 3001 621 3086 quod
644 3001 776 3064 omnino
794 3000 976 3083 requiritur
992 3019 1104 3065 coram
1123 2999 1178 3066 SS.
1197 3000 1410 3065 sacramento
1426 2999 1538 3085 palam
1557 3020 1664 3088 expo·

436 3112 509 3184 sito,
536 3129 641 3193 neque
674 3109 706 3172 in
738 3109 883 3184 transitu
906 3104 1110 3192 genuflectet
1134 3114 1285 3192 utroque,
1310 3106 1368 3172 sed
1395 3109 1493 3172 unico
1528 3115 1663 3176 tantum

436 3238 534 3303 genu.
548 3214 662 3291 Quoad
674 3215 914 3300 expositionem
930 3215 1026 3279 huius
1041 3214 1214 3298 Reliquiae
1232 3214 1316 3279 seria
1334 3215 1390 3279 Vl.
1408 3217 1443 3280 in
1466 3215 1659 3284 Parascere

436 3331 511 3412 post
547 3325 680 3388 Missam
704 3320 1076 3408 praesanctificatorum,
1102 3328 1258 3387 serretur
1290 3343 1368 3387 usus
1401 3323 1566 3407 cuiusque
1595 3324 1664 3392 loci

438 3432 545 3518 quoad
569 3431 716 3497 colorem
740 3429 896 3515 pluvialis
912 3436 946 3493 et
962 3429 1028 3493 veli
1044 3429 1227 3494 humeralis
1244 3435 1278 3493 et
1297 3427 1403 3513 quoad
1427 3431 1665 3498 recitationem

439 3541 599 3607 orationis
616 3539 764 3621 Respice
781 3557 999 3622 quaesumus
1015 3536 1161 3603 Domine
1175 3556 1196 3600 a
1212 3535 1392 3602 Sacerdote
1407 3534 1590 3622 genuflexo
1607 3539 1667 3606 rel

439 3655 560 3714 stante.
585 3649 722 3712 Demum
746 3665 789 3710 ex
812 3646 962 3730 generali
978 3645 1113 3724 decreto
1137 3644 1169 3710 S.
1195 3645 1233 3710 tt.
1260 3645 1293 3710 C.
1319 3664 1338 3708 a
1362 3665 1408 3709 sa.
1434 3663 1530 3710 mem.
1549 3645 1666 3714 Leone

440 3757 512 3821 Xll.
538 3753 731 3820 confirmato
755 3753 832 3818 dum
856 3753 1023 3818 toleratur
1046 3751 1250 3817 consuetudo
1279 3749 1451 3817 deferendi
1482 3751 1515 3818 S.
1544 3751 1665 3822 Crucis

438 3864 626 3947 lteliquiarn
650 3863 683 3925 in
707 3862 917 3945 processione
941 3859 1000 3926 sub
1028 3857 1257 3936 baldacchino,
1282 3859 1424 3926 edicitur
1456 3861 1593 3927 omnino
1624 3869 1666 3928 ut

439 3972 522 4037 haec
546 3970 687 4052 reliquia
703 3969 841 4033 seorsim
859 3988 879 4033 a
896 3967 1043 4052 lteliquis
1061 3967 1259 4032 Sanctorum
1277 3969 1311 4031 in
1326 3967 1425 4032 theca
1439 3965 1664 4046 custodiatur,

438 4083 537 4162 atque
561 4077 677 4141 stricte
700 4076 903 4162 praecipitur
927 4073 1114 4141 Ordinariis
1139 4075 1289 4140 locorum
1308 4082 1344 4141 ut
1363 4073 1574 4141 eliminandis
1598 4075 1665 4142 hac

441 4188 474 4249 in
498 4205 535 4248 re
559 4183 715 4248 abusibus
731 4184 817 4248 serio
837 4183 1037 4260 incumbant,
1057 4190 1198 4269 urgeant
1217 4183 1349 4248 Decreti
1365 4183 1466 4267 ipsius
1484 4183 1667 4248 observan-

439 4294 528 4368 tiam,
553 4297 587 4356 et
611 4311 652 4356 no
675 4291 828 4375 deinceps
852 4311 926 4356 cum
950 4291 1148 4356 Sanctorum
1173 4292 1322 4374 reliquiis
1355 4292 1386 4354 in
1418 4289 1534 4356 eadem
1563 4291 1665 4358 theca

441 4400 581 4484 Lignum
605 4399 662 4465 SS.
688 4399 804 4465 Crucis
821 4398 993 4463 occlusum
1017 4407 1210 4482 permaneat
1225 4419 1286 4483 pro
1306 4397 1433 4463 viribus
1451 4397 1663 4464 adlaborent.

874 4673 1210 4682 ——-——-·-—-—-—
1220 4675 1236 4684 .-
