4175 5717
533 715 599 780 2ιὶιὶ
989 721 1053 770 ure.
1079 719 1113 768 n.

530 844 583 904 ςῑ,
609 839 726 904 legalem
752 841 784 900 in
807 835 993 920 parimento
1008 831 1208 914 spargentur
1226 821 1327 890 flores
1344 827 1379 890 et
1393 819 1517 898 herbae
1533 819 1659 888 odorae

441 970 598 1014 r.;··÷.·.··.··.<.
623 967 654 1010 e:
677 944 776 1008 :sulse
798 943 898 1026 ipsius
920 937 1064 1022 parietes
1086 937 1246 1018 poterunt
1269 929 1407 998 floribus
1430 931 1602 998 exornari.

531 1059 581 1122 55.
607 1057 786 1120 Praeterea
808 1065 934 1132 septum
957 1041 1013 1107 liet
1035 1062 1054 1106 e
1078 1042 1221 1106 scamnis
1252 1061 1312 1108 seu
1345 1039 1467 1107 tabulis
1501 1039 1555 1107 rel
1590 1039 1659 1104 alio

442 1165 535 1230 :rs-{2
560 1181 683 1228 czeruen
719 1158 834 1223 Alrure
855 1169 888 1216 er
922 1167 1092 1215 scamnum
1125 1167 1317 1234 pauperum,
1350 1153 1389 1214 ut
1419 1147 1660 1214 submoveatur

442 1293 538 1338 :·..;::·.s
562 1267 672 1356 pupuli
696 1258 880 1332 multitudo,
905 1275 989 1341 quae
1012 1255 1101 1322 forte
1125 1255 1360 1342 impedimento
1393 1263 1481 1322 esset
1512 1261 1546 1324 et
1581 1259 1661 1322 tur-

440 1383 531 1446 hrt-:z
557 1393 702 1440 urrmrres
726 1365 933 1434 t'elebrantis
957 1369 992 1430 et
1014 1363 1259 1438 Ministrorum.
1609 1421 1612 1426 .

526 1485 577 1548 [ml.
604 1483 638 1544 lu
661 1477 772 1559 alique
795 1471 951 1538 cubiculo
973 1471 1073 1538 aulae
1096 1474 1255 1558 contiguo
1278 1471 1334 1538 vel
1358 1471 1425 1538 alio
1448 1468 1543 1538 modo
1564 1489 1660 1558 prae·

439 1593 607 1660 sur-ebrini·
631 1587 722 1650 limus
745 1579 882 1646 idoneus
906 1600 966 1666 pro
988 1580 1151 1646 sacristia.
1170 1579 1348 1647 Stetuetur
1363 1579 1407 1646 ibi
1422 1599 1536 1648 mensa
1550 1597 1662 1666 capu

437 1670 592 1784 &sperus
614 1709 720 1780 pauno
744 1689 799 1754 rel
823 1687 966 1764 tobalea,
992 1689 1025 1753 in
1051 1708 1115 1772 qua
1139 1695 1308 1774 ponentur
1331 1693 1527 1775 paramenta
1558 1687 1662 1756 Gele-

439 1809 565 1874 brunus
587 1819 619 1866 et
645 1798 883 1870 Ministrorum,
907 1815 1024 1881 nempe
1059 1795 1209 1882 pluviale
1244 1795 1432 1862 violaceum
1462 1815 1552 1865 cum.
1570 1795 1663 1864 stola

437 1913 544 1980 cruris.
567 1905 748 1990 cingulum,
771 1902 858 1980 alba,
882 1905 1024 1969 amictus
1047 1909 1082 1968 et
1104 1902 1259 1982 biretum
1284 1923 1345 1990 pro
1368 1902 1514 1970 Diacono
1545 1908 1662 1970 autem

439 2015 633 2104 nmnipulus.
656 2011 834 2076 dalmatica
857 2016 891 2075 et
913 2010 1002 2076 stola
1017 2009 1086 2075 albi
1103 2010 1237 2088 coloris,
1255 2010 1437 2096 cingulum,
1454 2009 1542 2088 alba,
1560 2011 1664 2078 amio-
1723 2041 1730 2056 ·

439 2151 491 2194 rus
513 2143 544 2190 et
569 2123 721 2191 biretum,
745 2137 806 2203 pro
830 2117 1038 2185 Subdiacono
1062 2119 1261 2205 manipulus,
1279 2124 1314 2184 et
1336 2117 1501 2185 tunicella
1514 2117 1587 2184 albi
1604 2137 1664 2206 pa·

438 2255 518 2300 ruer
541 2228 674 2296 coloris,
698 2224 882 2310 cingulum,
905 2226 992 2302 alba,
1016 2227 1158 2291 amictus
1183 2231 1217 2291 et
1240 2226 1394 2300 biretum,
1420 2225 1560 2312 insuper
1595 2223 1663 2292 duo

436 2337 634 2409 carulelnbra
656 2353 732 2398 cum
755 2333 904 2399 candelis
927 2333 1013 2400 albis
1036 2354 1097 2420 pro
1120 2333 1310 2420 Acolythis,
1335 2331 1546 2399 thuribulum
1584 2352 1663 2400 cum

435 2443 597 2516 ruricula,
621 2438 866 2525 superpellicea
888 2460 973 2523 quae
997 2442 1078 2506 satis
1102 2443 1170 2507 sint
1193 2461 1254 2527 pro
1288 2440 1422 2508 clericis
1453 2446 1488 2509 et
1516 2443 1664 2510 seorsim

438 2559 529 2622 ituris
552 2569 627 2616 cunr
651 2549 727 2633 igne
750 2552 785 2611 et
808 2546 935 2633 forcipe
956 2568 1018 2633 pro
1042 2549 1227 2614 thuribulo.

520 2661 573 2722 tlt).
597 2655 815 2722 Functionem
839 2662 977 2740 peraget
1000 2655 1171 2742 Superior,
1196 2659 1253 2743 qui
1287 2656 1491 2743 regulariter
1520 2656 1664 2726 Missam

434 2769 613 2834 snlnrunsrn
637 2761 831 2838 celebrarit,
856 2763 951 2847 eique
974 2764 1134 2830 assistent
1158 2764 1326 2832 Diaconus
1349 2770 1384 2830 et
1414 2763 1663 2840 subdiaconus:

432 2877 575 2944 :ulerunt
598 2869 759 2955 Acolythi
781 2889 821 2934 ec
844 2868 1094 2948 thuriferarius,
1119 2871 1264 2938 clericus
1289 2873 1344 2956 qui
1367 2871 1512 2958 gestabit
1534 2871 1672 2959 pelvim.

433 3005 506 3052 rum
530 2979 743 3065 elerrrosynis,
767 2978 857 3043 alter
880 2980 1031 3045 mantilia
1055 3001 1114 3047 seu
1139 2983 1351 3066 manutergia
1374 3002 1434 3068 pro
1454 2983 1665 3068 pauperibus

433 3099 575 3178 ‹prrutuor
598 3087 714 3152 clerici
737 3086 792 3168 qui
816 3105 936 3152 urceos
953 3093 988 3152 et
1002 3088 1117 3173 pelves
1134 3084 1278 3155 afferant
1293 3089 1476 3156 ablutionis
1492 3095 1663 3178 tempore:

432 3199 536 3264 stiterit
562 3195 662 3260 etiam
686 3213 772 3258 unus
796 3193 851 3258 vel
876 3193 940 3259 dun
965 3194 1042 3260 laici
1064 3195 1194 3262 decenti
1218 3196 1346 3272 habitu,
1378 3197 1432 3281 qui
1463 3195 1665 3268 adiumento

431 3313 526 3372 erunt
561 3303 595 3366 in
626 3300 841 3367 detrahendis
871 3303 1059 3387 iterumque
1090 3303 1284 3370 inducendis
1318 3304 1440 3370 calceis
1472 3325 1664 3392 pauperum

434 3411 579 3499 podibus.

912 3518 956 3584 In
977 3519 1173 3602 functione.

519 3733 572 3798 tl.
597 3733 687 3798 liora
710 3734 920 3819 praestituta,
944 3754 1029 3819 quae
1053 3740 1131 3800 ante
1162 3734 1331 3803 meridiem
1363 3737 1441 3821 erit,
1471 3735 1663 3806 Celebrans

435 3843 577 3909 llinistri
593 3841 763 3924 ceterique
779 3842 1001 3908 inservientes
1017 3844 1170 3929 superius
1188 3845 1348 3911 nominati
1359 3845 1664 3930 congregabuntur

433 3955 465 4016 in
488 3967 563 4014 eum
587 3947 707 4024 locum,
732 3949 787 4031 qui
811 3969 871 4035 pro
894 3951 1048 4015 sacristia
1070 3956 1216 4017 statutus
1241 3954 1315 4018 erit.
1343 3951 1664 4040 Clarus-superpel-

435 4059 511 4124 licio
534 4052 669 4120 indutus
694 4057 814 4141 poterit
838 4056 949 4121 locum
972 4057 1034 4122 sibi
1058 4078 1191 4123 sumere
1214 4060 1270 4125 rel
1294 4060 1328 4125 in
1356 4058 1525 4126 subselliis
1557 4081 1662 4148 prae-

432 4164 563 4252 purutis,
589 4162 644 4226 vel
668 4163 702 4226 in
727 4163 888 4229 lateribus
912 4184 1013 4250 prope
1037 4165 1157 4232 Altare
1181 4167 1228 4232 ita
1251 4175 1362 4233 tamen
1399 4173 1437 4233 ut
1470 4167 1657 4236 functionis

431 4277 537 4340 risum
559 4288 626 4334 non
651 4269 815 4355 impediat.
840 4272 973 4337 Interea
995 4273 1036 4339 ab
1061 4275 1239 4360 Acolythis
1264 4281 1323 4340 aut
1347 4275 1515 4342 colerico
1539 4295 1659 4343 eccen-

430 4383 552 4448 rlontur
575 4377 734 4443 candelae
758 4379 790 4442 iu
816 4379 937 4456 Alteri,
962 4387 996 4446 et
1030 4382 1064 4445 in
1100 4382 1310 4450 candelabris
1343 4382 1596 4470 Acolytborum
1622 4385 1655 4450 in

429 4489 590 4558 min-istie.
616 4488 867 4554 Thuriserarius
890 4490 1101 4576 praeparabit
1124 4492 1345 4559 thuribulum.
1372 4495 1551 4579 pauperes,
1567 4509 1653 4576 quo-

430 4621 501 4668 rnnr
527 4600 628 4661 crunt
651 4595 785 4661 lavandi
808 4595 916 4683 pedes,
941 4596 1117 4665 ordinatim
1141 4598 1361 4686 disponentur
1378 4601 1464 4688 apud
1481 4619 1649 4668 scamnum
