4175 5717
524 713 589 776 2111)·
985 727 1052 778 ara.
1076 723 1098 778 t.

521 837 597 903 292.
621 837 677 914 lbi,
701 836 825 903 nudate
848 838 964 923 capite,
989 838 1200 905 reverebitur
1224 839 1364 906 Crucem
1388 833 1442 904 vel
1474 835 1652 924 imaginem

433 947 653 1030 praecipuam,
665 944 859 1011 salutationi
882 944 1113 1012 Ministrorum
1130 945 1351 1032 respondebit,
1368 945 1518 1032 pluviale
1534 951 1571 1013 et
1584 952 1654 1014 sto-

398 1137 402 1142 ·
434 1051 500 1117 lam
523 1052 632 1119 albam
655 1052 815 1129 demittet,
840 1058 875 1119 et
896 1052 957 1118 sibi
982 1054 1127 1138 imponet
1150 1053 1271 1118 stolam
1295 1052 1487 1130 violaceam,
1512 1073 1653 1120 manens

434 1160 476 1226 ibi
500 1158 606 1227 donec
628 1159 788 1226 redeundi
810 1160 852 1226 ad
874 1160 994 1226 Altare
1016 1167 1147 1246 tempus
1171 1161 1246 1226 erit.

520 1269 596 1333 293.
620 1269 753 1334 Interea
774 1267 852 1334 dum
878 1285 1038 1352 vesperae
1069 1268 1103 1332 in
1137 1268 1240 1334 choro
1274 1265 1517 1346 recitabuntur,
1550 1265 1653 1334 9919-

433 1374 533 1441 brans
555 1381 667 1461 posset
690 1396 745 1442 eas
768 1377 912 1442 recitare
936 1394 1011 1439 cum
1034 1375 1207 1442 Ministris.

520 1483 595 1548 294.
620 1482 672 1548 Ad
701 1489 819 1549 nutum
842 1483 1109 1560 caeremoniari,
1135 1481 1327 1549 discedete
1361 1482 1517 1559 sacrario,
1549 1501 1652 1566 reve-

433 1590 574 1655 rentiam
595 1590 721 1656 faciens
745 1589 845 1657 Cruci
867 1590 923 1656 vel
947 1591 1080 1675 imagini
1103 1591 1302 1676 praecipuae
1325 1589 1537 1676 respondebit
1560 1589 1653 1656 salu-

432 1699 549 1763 tationi
571 1697 811 1775 Ministrorum,
834 1697 1021 1781 iunctisque
1044 1696 1195 1762 manibus
1210 1702 1245 1763 et
1261 1699 1368 1783 capite
1385 1702 1552 1782 cooperto,
1575 1696 1652 1766 Dia-
1719 1749 1722 1754 .

434 1824 553 1870 conum
575 1805 805 1890 subsequetur.

519 1912 594 1978 295.
618 1913 656 1977 19
679 1912 771 1978 aditu
793 1911 994 1998 presbyterii
1018 1911 1143 1978 nudato
1166 1914 1285 2000 capite,
1307 1911 1466 1978 salutabit
1496 1911 1647 1990 chorum,

433 2021 537 2103 primo
560 2022 594 2085 in
616 2026 712 2106 parte
737 2040 853 2086 versus
878 2039 983 2086 cornu
1006 2020 1192 2105 Evangelii,
1217 2018 1336 2086 deinde
1359 2019 1540 2105 Epistolae.

518 2127 593 2192 296.
617 2128 706 2194 Α919
729 2128 847 2194 Altare
870 2129 1094 2193 reverentiam
1118 2127 1315 2214 profundam
1338 2125 1460 2193 efficiet
1482 2126 1593 2204 Gruci,
1612 2132 1649 2193 et

431 2236 501 2299 sine
525 2240 636 2313 cantu,
660 2234 816 2301 mediocn'
839 2253 921 2301 voce
944 2234 1110 2301 intonabit
1125 2234 1340 2321 antiphonam
1357 2217 1564 2302 vincerent
1580 2231 1650 2300 aas·

430 2349 503 2418 etc,
528 2361 625 2425 quam
648 2343 770 2407 chorus
793 2347 1013 2428 prosequetur
1048 2361 1122 2408 cum
1157 2343 1353 2408 recitatione
1386 2342 1505 2428 psalmi
1537 2340 1646 2417 Daue,

432 2449 527 2516 Deus
550 2468 660 2526 meus,
683 2450 820 2532 respice
841 2450 880 2516 ia
902 2469 957 2516 me
978 2457 1042 2515 etc.

517 2555 592 2621 297.
617 2556 806 2641 Antiphone
829 2557 988 2634 intonata,
1012 2554 1171 2621 ascendet
1193 2555 1235 2621 ad
1258 2556 1386 2634 Altare,
1410 2555 1575 2622 amovebit
1605 2553 1647 2621 da

429 2661 535 2728 medio
559 2661 727 2738 tabellam,
752 2662 854 2748 vulgo
877 2664 1154 2748 cbartaplortam
1177 2669 1211 2728 et
1233 2662 1466 2730 adiuvantibus
1481 2663 1646 2728 Ministris

429 2770 586 2836 sustollet
608 2777 679 2836 tres
701 2755 861 2847 tobaleas,
885 2790 970 2854 quae
992 2777 1122 2836 amotae
1145 2769 1324 2836 medentur
1347 2771 1478 2837 clericis
1502 2771 1557 2837 vel
1585 2789 1648 2836 ae-

431 2877 532 2953 dituo,
558 2877 678 2942 relicta
700 2882 812 2943 tamen
834 2877 968 2944 tobalea
990 2884 1114 2955 cerata,
1139 2897 1203 2961 qua
1226 2880 1352 2962 tegitur
1375 2899 1489 2946 mensa
1511 2897 1570 2944 seu
1593 2897 1649 2966 pe·

431 2994 484 3051 tra
507 2992 612 3050 sacra.
637 2986 723 3050 Hinc
745 2985 923 3052 descendet
946 2986 986 3052 (19
1010 2987 1120 3052 Alteri
1145 3006 1184 3052 ac
1207 2977 1340 3054 recedet
1371 2971 1529 3072 quantum
1564 2989 1647 3054 satis

431 3096 496 3159 erit
518 3093 559 3158 ad
581 3092 799 3158 amovendum
821 3100 979 3179 tapetum.

518 3200 593 3265 298.
618 3202 699 3265 Post
721 3201 812 3276 haec,
837 3203 958 3266 iterata
981 3200 1021 3266 ad
1046 3201 1185 3268 Crucem
1209 3204 1400 3268 reverentia
1420 3201 1594 3288 profunda,
1612 3207 1649 3268 et

431 3307 471 3372 ad
496 3307 631 3373 (ilerum
654 3307 879 3385 inclinatione,
904 3307 1051 3374 discedet
1074 3329 1092 3374 e
1115 3310 1228 3386 choro,
1253 3312 1344 3377 etin
1367 3309 1459 3376 aditu
1475 3309 1574 3395 capiti
1590 3310 1651 3374 im·

431 3421 532 3499 ponet
554 3416 708 3493 biretum,
732 3416 912 3481 Diaconum
936 3415 1150 3499 subsequens.
1176 3417 1341 3484 Procedet
1364 3417 1405 3482 ad
1429 3417 1558 3502 reliqua
1581 3417 1649 3482 Al-

430 3524 517 3588 taria
541 3521 654 3588 eodem
677 3521 794 3588 ordine
817 3521 1022 3598 denudanda,
1058 3524 1188 3589 initium
1223 3544 1355 3590 sumens
1385 3524 1425 3591 ab
1456 3521 1526 3601 ilio,
1557 3523 1647 3608 quod

430 3631 615 3716 proximum
639 3632 705 3696 erit
727 3631 838 3697 Alteri
862 3631 977 3696 maidri
1001 3650 1021 3695 a
1043 3650 1150 3697 cornu
1166 3632 1350 3718 Evangelii,
1367 3631 1483 3698 deinde
1498 3632 1647 3698 alterum

430 3760 448 3805 e
473 3737 578 3804 latere
602 3738 716 3804 eodem
740 3741 843 3805 etsie
866 3739 906 3804 de
929 3740 1051 3806 ceteris
1074 3739 1237 3826 deinceps,
1262 3738 1360 3805 finem
1383 3739 1508 3806 faciens
1532 3741 1567 3804 in
1583 3739 1647 3810 illo

430 3845 514 3931 quod
538 3850 671 3932 propius
696 3849 760 3913 erit
783 3847 894 3912 Alteri
918 3849 1035 3913 maiori
1058 3868 1078 3912 a
1101 3866 1206 3913 cornu
1230 3848 1409 3934 Epistolae.

515 3953 591 4020 299.
616 3954 829 4019 Praeterieris
853 3959 931 4020 ante
954 3955 1082 4031 Altare,
1108 3956 1141 4019 in
1157 3974 1221 4040 quo
1238 3955 1294 4020 SS.
1313 3955 1562 4022 Sacramentum
1578 3957 1647 4024 erit

429 4063 625 4146 expositum,
650 4060 788 4125 nudabit
811 4067 908 4147 caput
933 4068 966 4125 et
990 4060 1153 4148 duplicem
1178 4063 1315 4147 peraget
1338 4059 1614 4146 genuflexionem.

517 4170 591 4233 399.
617 4168 740 4233 Ultimo
765 4168 875 4232 Altari
898 4167 1073 4246 denudato,
1099 4170 1218 4236 redibit
1240 4172 1273 4234 in
1298 4171 1446 4248 chorum,
1482 4190 1647 4238 reveren-

428 4277 507 4340 tiam
531 4275 640 4350 Clero,
665 4273 782 4339 deinde
806 4275 906 4341 Cruci
930 4276 1058 4341 Altaris
1082 4276 1201 4343 efficiet.
1223 4278 1331 4361 ibique
1355 4280 1523 4344 consistet.

516 4385 591 4448 391.
616 4384 744 4449 Chorus
768 4383 945 4468 complebit
969 4386 1197 4450 recitationem
1220 4386 1338 4470 psalmi
1360 4386 1520 4472 praedicti
1544 4392 1579 4452 et
1594 4393 1648 4454 re-

430 4494 520 4573 petet
542 4492 754 4577 antiphonam
777 4491 982 4557 Divinarum
1005 4498 1069 4556 etc.

516 4597 590 4666 392.
616 4599 699 4663 Hinc
723 4599 762 4664 ad
788 4605 903 4664 nutum
927 4598 1182 4664 caeremoniari
1209 4603 1428 4666 reverentiam
1445 4600 1646 4685 profundam
