4175 5717
516 927 579 998 1‘28
968 947 1034 997 ura.
1060 947 1095 996 11.

425 1059 490 1123 lius
515 1055 573 1122 flat
595 1057 756 1143 depositio
780 1062 814 1122 et
837 1052 1019 1122 confluenti
1042 1055 1165 1143 populo
1189 1075 1264 1121 oum
1288 1055 1348 1121 illo
1379 1054 1640 1123 benedictionem

427 1165 582 1231 sacerdos
606 1164 646 1231 de
669 1183 761 1232 more
785 1162 958 1247 concedat,
981 1162 1066 1229 idem
1083 1161 1245 1229 Sacerdos
1261 1165 1641 1250 primumacsepmatim

427 1272 601 1338 benedicat
624 1272 823 1338 monialibus
847 1273 881 1336 in
905 1271 1057 1336 interiori
1074 1270 1264 1336 eorumdem
1281 1272 1394 1348 choro,
1411 1271 1483 1337 sive
1501 1272 1642 1338 oratorio

427 1386 504 1466 post
525 1379 644 1456 altare,
671 1380 726 1445 vel
749 1377 832 1445 alibi
855 1376 1052 1464 genuflexis,
1077 1385 1111 1444 et
1144 1376 1262 1443 deinde
1292 1377 1415 1464 populo
1447 1379 1482 1444 in
1512 1377 1642 1465 publica

428 1487 572 1554 ecclesia
593 1488 750 1553 adstanti.
776 1486 808 1552 S.
833 1486 946 1552 eadem
971 1486 1005 1552 0.
1032 1481 1206 1551 referente
1226 1505 1276 1551 me
1300 1485 1519 1572 infrascripto
1535 1485 1642 1553 Socra

339 1639 341 1644 -
428 1595 514 1659 tario
548 1594 624 1660 loeo
657 1592 872 1659 Celsitudinis
902 1593 1051 1679 Reginae
1082 1593 1156 1658 llriri
1185 1598 1221 1658 et
1251 1593 1326 1658 Rmi
1360 1593 1397 1658 D.
1423 1592 1522 1660 Gard.
1547 1593 1640 1660 Ducis

430 1701 673 1767 Eborancensis
698 1701 857 1767 Ponentis
881 1725 898 1760 s
923 1700 965 1766 ad
988 1700 1076 1766 hanc
1099 1700 1394 1788 reprehensibilem
1419 1706 1455 1767 et
1477 1721 1499 1767 a
1521 1702 1589 1768 suis
1603 1701 1642 1766 ri·

428 1806 516 1874 tibus
540 1814 574 1873 et
597 1807 770 1873 Ecclesiae
793 1808 890 1894 praxi
914 1806 1042 1873 deviam
1066 1807 1340 1873 consuetudinem
1371 1807 1535 1875 radicitus
1563 1825 1640 1875 con·

428 1913 626 1992 vellendam,
651 1916 819 2001 praesenti
842 1914 993 2001 generali
1016 1914 1152 1980 decreto
1180 1914 1331 1985 districte
1366 1915 1524 2000 prohibet
1553 1915 1641 1981 illam

429 2024 461 2087 in
486 2027 656 2108 posterum
679 2022 861 2100 observari,
886 2023 1013 2088 etiamsi
1038 2021 1198 2088 diuturno
1221 2029 1256 2087 et
1279 2022 1536 2089 immemorabili
1550 2065 1553 2070 -
1567 2029 1642 2088 tam·

428 2149 508 2216 pora
531 2148 571 2194 ac
593 2150 657 2194 usu
682 2129 902 2207 convaluerit
919 2148 959 2195 ac
982 2131 1144 2216 praecipit
1165 2134 1205 2194 ut
1228 2128 1383 2194 sacerdos
1407 2147 1539 2195 sacram
1554 2129 1640 2195 illam

431 2255 593 2302 exercens
627 2221 833 2302 functionem
856 2237 890 2302 in
914 2236 1085 2321 quibusvis
1116 2235 1268 2302 ecclesiis
1298 2235 1494 2301 monialium
1528 2237 1641 2322 ubique

430 2345 583 2410 locorum
606 2346 737 2420 erectis,
762 2346 913 2410 cuiusvis
938 2346 1003 2411 sint
1028 2344 1164 2412 Ordinis
1187 2351 1222 2410 et
1244 2345 1393 2410 instituti
1417 2343 1552 2431 (omissa
1574 2365 1642 2433 spe-

431 2452 509 2518 ciali
531 2471 571 2517 ac
593 2458 750 2538 separata
773 2451 967 2518 monialium
992 2451 1233 2538 benedictione)
1257 2453 1387 2517 unicam
1411 2457 1545 2519 tantum
1574 2473 1640 2520 cum

432 2559 546 2625 eodem
571 2559 673 2626 SSriro
698 2559 914 2625 Sacramento
938 2560 1200 2626 benedictionem
1224 2561 1440 2626 interessenti
1456 2561 1579 2647 populo
1593 2561 1641 2626 im·

433 2670 607 2756 pertiatur.
632 2668 676 2733 Et
699 2670 746 2734 ita
770 2667 921 2734 decrevit
943 2688 982 2734 ac
1006 2669 1135 2735 servari
1159 2668 1338 2733 mandavit.
1355 2667 1415 2733 Die
1441 2669 1493 2732 ll.
1517 2669 1639 2735 Decem·

432 2777 501 2842 bris
529 2776 622 2841 1773.
648 2776 817 2859 Factaque
840 2775 959 2841 deinde
982 2796 1042 2862 per
1067 2795 1117 2841 me
1143 2775 1369 2841 secretarium
1400 2773 1441 2841 de
1472 2774 1638 2861 praedietis

435 2883 483 2948 Ss.
509 2883 646 2947 Domino
670 2889 785 2947 nostro
810 2883 984 2961 relatione,
1002 2883 1170 2948 Sanctitas
1187 2902 1247 2947 sua
1262 2882 1450 2968 praefatum
1475 2883 1548 2949 Sao.
1566 2882 1638 2948 (lon-

433 2991 636 3075 gregationis
653 2990 811 3075 generale
827 2989 998 3059 decretulo
1016 2988 1224 3055 confirmavit
1240 2995 1273 3055 et
1289 2989 1409 3073 ubique
1433 2988 1636 3074 exequutioni

434 3097 576 3164 dandum
600 3117 673 3164 essa
697 3099 874 3184 praecepit.
899 3098 957 3162 Die
984 3097 1033 3161 18.
1058 3096 1203 3162 eiusdem
1228 3098 1348 3162 mensis
1372 3102 1408 3162 et
1429 3098 1519 3162 anni.

977 3241 1104 3255 μψ-

883 3416 943 3474 DE
975 3415 1203 3473 ADVENTU

919 3722 1065 3790 CAPUT
1092 3722 1165 3787 Xll.

440 3959 468 4022 l.
498 3882 683 4031 Primam
708 3960 909 4024 Dominicam
936 3959 1108 4025 Adventus
1133 3961 1261 4025 initium
1286 3979 1360 4025 esse
1383 3962 1463 4025 anni
1491 3959 1634 4025 ecelesia·

438 4070 512 4134 stici
551 4086 646 4131 nemo
678 4066 807 4149 quidem
839 4069 980 4152 ignorat.
1012 4068 1248 4133 Vetustissima
1283 4073 1334 4132 est
1371 4070 1444 4133 eius
1478 4067 1633 4137 instituto

438 4181 567 4262 tempus
592 4179 702 4239 autem
727 4174 839 4239 luctus
863 4182 897 4239 et
919 4177 1112 4240 moestitiae.
1138 4175 1302 4249 Quocirca
1323 4176 1357 4239 in
1382 4173 1508 4242 Officiis
1523 4173 1634 4246 divinis,

439 4303 523 4367 quae
547 4280 746 4347 celebranda
769 4287 869 4346 erunt
884 4282 947 4346 hoc
963 4288 1121 4367 tempore,
1138 4282 1336 4348 documenta
1351 4302 1436 4367 quae
1457 4287 1634 4368 sequuntur.

440 4392 757 4457 animadvertentur.

527 4500 557 4564 2.
583 4499 619 4563 ln
650 4498 827 4562 Dominicis
858 4497 881 4560 l.
907 4497 945 4560 ll.
971 4503 1004 4561 et
1036 4499 1093 4563 lV.
1125 4499 1219 4564 color
1248 4499 1418 4565 violaceus
1450 4494 1634 4565 adhibendus

439 4608 546 4671 estin
571 4607 679 4670 Missis
703 4604 914 4681 solemnibus,
940 4607 1026 4669 sacri
1051 4607 1196 4670 Ministri
1219 4606 1401 4671 induentur
1426 4607 1567 4692 planetis
1590 4601 1636 4689 pli

441 4714 523 4777 catis
546 4719 624 4778 ante
647 4719 763 4799 pectus
786 4714 819 4776 in
845 4711 994 4777 ecclesiis
1018 4714 1214 4798 praecipuis
1240 4714 1272 4777 in
1296 4713 1371 4777 aliis
1395 4714 1574 4781 minoribus
1593 4707 1638 4774 ni·

441 4820 633 4886 nistrabunt
653 4820 696 4886 ad
719 4820 838 4887 Altare
860 4820 899 4887 ia
929 4819 1030 4890 albas:
1061 4821 1195 4904 organis
1226 4840 1292 4886 nou
1322 4822 1507 4898 sonabitur,
1537 4820 1637 4887 Alam
