4175 5717
530 647 591 714 184
934 671 939 682 ·
990 669 1057 718 nm.
1082 669 1103 717 1.

434 781 540 840 teram
563 774 734 860 applicans
757 780 939 840 extensam.
965 775 1243 861 Quotiescumque
1267 797 1347 842 vero
1384 775 1565 846 celebrans
1596 797 1658 866 νοτ

435 883 629 958 verentiam,
654 881 819 948 Diaconus
834 880 1101 968 genuflexionem
1117 891 1329 968 exsequetur,
1348 887 1426 969 quin
1445 883 1657 952 celebrantis

435 991 613 1074 planetam,
639 997 677 1056 ut
699 989 906 1056 declaratum
931 997 991 1066 est,
1016 992 1196 1075 relinquat.

527 1098 576 1164 19.
600 1099 637 1162 In
661 1097 916 1166 thurificationis
940 1099 1043 1175 exitu,
1067 1099 1225 1165 videlicet
1247 1121 1347 1184 quum
1372 1100 1551 1168 Celebrans
1576 1099 1657 1168 ulti·

435 1228 524 1272 mum
546 1207 682 1272 ductum
706 1206 870 1273 thuribuli
894 1206 995 1272 faciet
1017 1227 1136 1273 versus
1160 1213 1288 1294 partem
1305 1209 1507 1274 anteriorem
1523 1205 1656 1274 Altaria

435 1317 469 1380 in
494 1315 601 1380 latere
637 1314 818 1400 Epistolae,
847 1313 1012 1379 Diaconos
1048 1313 1198 1380 demittet
1232 1315 1401 1400 planetam
1434 1315 1656 1392 celebrantis,

435 1421 613 1488 descendet
636 1423 669 1485 in
693 1419 833 1506 gradum
855 1423 1060 1508 superiorem
1086 1442 1128 1487 ex
1152 1422 1265 1487 eadem
1289 1431 1395 1509 parte,
1420 1441 1551 1488 manum
1575 1421 1658 1488 dex·

435 1537 542 1596 teram
565 1528 775 1595 celebrantis
799 1528 1016 1605 osculabitur,
1040 1528 1213 1594 dexteram
1236 1549 1330 1595 suam
1354 1529 1415 1596 sub
1432 1529 1523 1595 illius
1540 1528 1658 1596 dexte·

436 1658 507 1702 ram
530 1644 639 1724 ponet,
663 1657 703 1702 ac
726 1638 862 1703 sinistra
884 1637 1106 1702 summitatem
1130 1636 1361 1703 catenularum
1385 1658 1405 1702 a
1439 1637 1573 1718 sinistra
1603 1635 1659 1700 iti-

433 1745 507 1811 dem
531 1745 739 1810 celebrantis
763 1743 956 1831 prehendet,
981 1743 1178 1809 deosculans
1214 1746 1312 1810 etiam
1349 1743 1510 1810 thuribuli
1539 1761 1658 1808 manu·

434 1853 552 1927 briem,
577 1853 630 1917 cui
654 1851 829 1917 catenulae
856 1853 946 1938 ipsae
976 1851 1219 1938 appenduntur.
1245 1850 1369 1916 Deinde
1392 1851 1434 1917 de
1458 1850 1569 1932 Alteri
1599 1849 1657 1917 de-

435 1959 572 2025 scendet
595 1962 626 2024 in
650 1959 786 2046 planum
810 1958 955 2025 eiusdem
992 1960 1109 2025 lateris
1144 1959 1324 2045 Epistolae,
1349 1967 1385 2024 et
1418 1957 1656 2024 Celebrantem

434 2067 540 2134 tribus
564 2067 718 2133 ductibus
742 2065 955 2142 thurificabit,
985 2073 1065 2133 ante
1100 2074 1133 2133 et
1166 2073 1240 2153 post
1269 2065 1549 2132 thurificationem
1580 2085 1658 2152 pro-

434 2174 537 2240 funda
560 2195 635 2240 eum
659 2175 829 2240 honorans
852 2176 1052 2241 reverentia.
1078 2171 1124 2261 (a)

520 2283 574 2347 20.
598 2283 653 2348 Ex
675 2282 789 2347 eadem
813 2281 930 2347 deinde
947 2289 1042 2369 parte
1058 2281 1197 2366 gradum
1213 2283 1418 2367 superiorem
1440 2279 1654 2358 conscendet,

433 2399 467 2454 et
490 2391 610 2455 iunctis
634 2390 784 2455 manibus
807 2389 950 2455 adstabit
974 2389 1166 2456 Celebranti
1189 2388 1414 2454 dextrorsum.
1590 2453 1592 2460 ,

519 2497 573 2564 21.
598 2496 803 2563 Alternatim
837 2517 912 2562 curn
948 2497 1148 2562 Celebrante
1182 2496 1337 2563 recitabit
1370 2496 1481 2583 Kyrie
1513 2498 1652 2572 eleison,

436 2604 572 2672 Christe
594 2605 732 2682 cleison,
760 2604 898 2672 Christe
920 2605 1062 2681 eleison,
1087 2605 1198 2690 Kyrie
1224 2605 1362 2671 amison.

520 2714 573 2779 22.
599 2715 633 2780 Si
656 2714 734 2779 dum
767 2717 900 2780 canitur
933 2714 1054 2800 Kyrie,
1079 2712 1258 2778 sedendum
1290 2715 1364 2791 erit,
1396 2712 1653 2780 descendentem

431 2820 471 2886 de
495 2821 606 2886 Alteri
629 2820 872 2898 Gelebrautem,
897 2821 1062 2886 Diaconus
1087 2831 1122 2886 se
1146 2825 1346 2885 convertens
1370 2819 1596 2898 dextrorsum,
1613 2841 1654 2888 ac

431 2927 633 2995 descendens
656 2928 696 2994 ad
721 2929 851 2994 laevam
874 2929 945 2994 eius
970 2948 1069 2993 manu
1085 2926 1228 3006 dextera
1243 2928 1420 2994 sustinebit
1436 2927 1496 2994 sub
1513 2927 1652 2994 brachio
1749 2989 1753 2998 .

431 3037 565 3101 sinistro
588 3057 689 3123 super
717 3037 862 3122 gradius,
887 3055 1019 3101 manum
1055 3038 1182 3101 interea
1217 3037 1384 3101 sinistram
1420 3043 1537 3102 tenens
1572 3043 1653 3102 ante

432 3150 547 3228 pectus
571 3149 754 3209 extensam.
1312 3208 1316 3217 .

519 3251 572 3316 23.
597 3251 648 3315 Ad
672 3272 841 3317 scamnum
865 3271 965 3335 quum
989 3252 1130 3327 uenerit,
1154 3250 1308 3316 advertat
1331 3261 1369 3316 ut
1384 3252 1518 3316 sinistra
1534 3251 1652 3318 suble-

430 3364 488 3424 vet
510 3365 638 3443 partem
661 3361 879 3446 posteriorem
909 3359 1064 3444 planetae
1096 3357 1315 3435 celebrantis,
1348 3379 1389 3424 ne
1419 3358 1469 3423 illi
1498 3357 1651 3436 insideat,

430 3466 573 3530 biretum
598 3467 805 3532 Celebrantis
828 3487 849 3530 a
872 3467 1139 3531 Gaeremoniario
1162 3467 1310 3551 accipiet,
1336 3466 1420 3550 quod
1443 3445 1650 3532 osculabitur

430 3575 463 3638 in
487 3575 675 3638 summitate
698 3576 793 3658 eique
823 3576 974 3660 porriget
992 3594 1048 3638 ex
1079 3581 1174 3658 parte
1205 3573 1320 3658 anguli
1350 3573 1430 3638 elati
1461 3571 1501 3637 de
1533 3572 1649 3650 medio,

430 3701 513 3765 quae
538 3683 571 3746 in
594 3684 702 3767 capite
726 3682 904 3768 respondet
933 3684 1006 3747 auri
1037 3681 1207 3758 dexterae,
1232 3688 1266 3747 et
1296 3680 1546 3746 deosculabitur
1576 3699 1649 3746 ma·

430 3809 509 3854 num
533 3791 604 3855 eius
628 3796 793 3855 momento
817 3810 881 3874 quo
904 3790 1053 3874 accipiet.
1079 3789 1200 3854 Postea
1227 3796 1335 3854 sumet
1368 3788 1511 3853 biretum
1542 3808 1649 3864 suum,

430 3896 516 3982 quod
540 3898 707 3962 sustinens
730 3905 808 3962 ante
831 3903 946 3984 pectus
971 3904 1114 3980 utraque
1137 3917 1246 3972 manu,
1273 3895 1487 3961 inclinabitur
1509 3895 1551 3960 ad
1568 3895 1652 3961 Sub·

431 4007 614 4084 diaconum,
639 4007 765 4072 sedebit
787 4026 848 4071 suo
871 4007 956 4081 loco,
981 4005 1067 4071 idest
1089 4027 1110 4070 a
1132 4006 1279 4072 «testeris
1304 4004 1511 4070 celebrantis
1536 4011 1570 4069 et
1597 4004 1648 4069 bi-

431 4123 504 4182 reto
539 4117 666 4202 operiet
687 4121 788 4199 caput
810 4113 869 4200 (b).
895 4113 1020 4179 Sedens
1052 4120 1163 4179 autem
1193 4114 1304 4179 ambas
1336 4133 1453 4178 manus
1485 4118 1647 4178 extensas

431 4245 532 4309 prope
555 4243 665 4308 genua
688 4231 797 4308 ponet.
1264 4219 1266 4224 ’

502 4407 544 4475 (α)
564 4408 594 4463 Si
614 4407 716 4464 Attene
736 4407 842 4463 multos
861 4405 985 4462 baberet
1003 4406 1122 4475 gradus.
1143 4423 1201 4460 non
1221 4403 1366 4478 oportebit
1384 4411 1415 4459 ut
1434 4405 1585 4461 Diaconus
1598 4403 1650 4460 de-

430 4494 553 4552 scendat
571 4497 599 4551 in
620 4498 827 4569 pavimentum,
847 4495 899 4552 sed
919 4496 1024 4552 sistere
1044 4495 1150 4568 poterit
1173 4494 1200 4549 in
1219 4496 1314 4567 gradu
1333 4493 1419 4551 tertio
1438 4494 1475 4551 ad
1489 4495 1650 4553 Celebran-

430 4589 490 4640 tern
511 4584 744 4644 thurificandum.

499 4676 541 4747 (b)
561 4677 644 4734 Iuvat
663 4679 727 4734 beic
746 4697 848 4737 rursus
868 4686 1049 4746 monerent
1069 4679 1126 4736 iam
1146 4680 1182 4736 de
1202 4679 1389 4738 Subdiacono
1402 4691 1526 4753 agentes
1540 4683 1644 4742 docui·
