4175 5717
517 737 558 800 94
965 755 1031 800 nna.
1057 754 1105 800 111.

430 861 652 948 explicabitur
682 861 716 926 in
751 859 867 934 medio,
898 867 999 945 atque
1029 861 1064 924 in
1094 860 1202 925 latere
1237 860 1407 948 Epistulae
1439 861 1543 946 legile
1571 881 1647 928 cum

431 967 619 1035 Pontifioali
644 989 704 1054 pro
728 967 908 1034 recitandis
931 987 951 1032 a
981 967 1134 1032 Parocho
1166 967 1342 1032 versiculis
1370 973 1405 1032 et
1427 967 1587 1034 oratione.
1613 967 1647 1034 Si

432 1077 541 1142 deerit
564 1075 759 1142 Pontificale
794 1077 918 1162 poterit
948 1073 1100 1140 adhiberi
1133 1075 1189 1139 hic
1219 1075 1289 1161 ipse
1318 1074 1414 1150 liber,
1447 1076 1481 1140 in
1513 1095 1577 1160 quo
1607 1073 1649 1142 ad

430 1186 587 1251 maiorem
610 1183 876 1250 commoditatem
899 1187 1053 1247 notamus
1077 1201 1192 1267 preces
1215 1182 1248 1246 in
1273 1180 1304 1247 S.
1330 1181 1532 1248 Visitatione
1560 1183 1650 1248 reci-

432 1292 559 1358 tandas.
585 1291 636 1358 Ad
661 1291 777 1356 Crucis
814 1289 912 1376 pedes
936 1289 991 1354 rel
1022 1289 1098 1354 loco
1130 1287 1274 1354 tabellae
1307 1309 1367 1354 seu
1402 1289 1652 1375 chanagloriae

432 1405 602 1464 statuetur
625 1418 731 1464 canon
754 1403 901 1485 apertus,
925 1399 954 1462 61
976 1397 1092 1464 haberi
1116 1397 1239 1484 poterit
1262 1402 1299 1462 ut
1321 1395 1521 1464 adhibeatur
1544 1398 1579 1463 in
1599 1397 1651 1465 be·

434 1506 631 1572 nedictione.

521 1613 552 1678 6.
579 1613 615 1676 ln
638 1611 849 1699 suppedaneo
871 1631 891 1676 a
915 1613 1023 1678 latere
1040 1611 1216 1696 Evangelii
1231 1613 1484 1698 praeparabitur
1501 1631 1562 1700 pro
1580 1611 1654 1699 Epi·

434 1741 532 1807 scopo
557 1720 780 1786 faldistorium
804 1739 880 1785 cum
903 1725 1097 1804 tegumento
1120 1720 1188 1785 albi
1212 1720 1346 1798 coloris,
1370 1721 1397 1786 si
1420 1721 1538 1786 haberi
1563 1725 1653 1808 pote-

436 1833 490 1907 rit,
525 1832 576 1895 sin
610 1831 729 1905 minus,
761 1828 855 1894 sedes
886 1827 1008 1894 decora
1046 1848 1120 1894 cum
1157 1828 1371 1894 fulcimentis.
1403 1829 1438 1896 Si
1469 1829 1652 1916 Episcopus

435 1937 667 2004 celebraturus
683 1937 728 2000 sit
743 1937 887 2012 Missam,
908 1935 1002 2001 sedes
1018 1937 1075 2002 vel
1091 1935 1314 2002 faldistorium
1335 1943 1480 2024 ponetur
1503 1937 1652 2014 seorsim,

436 2051 474 2110 nt
496 2052 645 2131 tempore
667 2043 777 2109 debito
800 2042 990 2109 collocetur
1012 2045 1046 2108 in
1071 2043 1290 2131 suppedaneo.

524 2154 554 2215 7.
580 2153 617 2216 ln
641 2151 748 2217 latere
771 2151 942 2237 Epistolae
967 2151 1219 2237 praeparabitur
1242 2152 1364 2218 abacus
1381 2159 1563 2240 coopertus
1580 2151 1657 2218 albe

438 2260 580 2336 tobalea,
604 2261 637 2324 in
660 2279 725 2344 quo
748 2259 942 2344 disponetur
965 2259 1055 2324 stola
1077 2258 1144 2324 albi
1168 2259 1291 2326 coloris
1314 2281 1375 2350 pro
1387 2261 1568 2348 Episcopo,
1589 2279 1658 2326 sco·

438 2368 514 2432 tula
537 2387 613 2432 cum
635 2366 786 2443 candela,
810 2365 1000 2452 pontificale
1023 2367 1080 2431 vel
1104 2367 1159 2432 hic
1174 2367 1261 2433 liber
1276 2389 1337 2455 pro
1353 2369 1527 2456 Episcopo,
1544 2368 1658 2434 velum

437 2475 615 2542 humerale
638 2475 762 2550 album,
778 2474 844 2540 duo
860 2475 1040 2549 interficia,
1058 2475 1147 2540 stola
1162 2476 1249 2561 nigri
1266 2478 1389 2542 coloris
1406 2496 1466 2562 pro
1483 2475 1657 2564 Episcopo,

439 2583 586 2648 formula
609 2582 828 2647 absolutionis
851 2581 1018 2647 etaltera
1052 2581 1283 2668 Indulgentiae
1306 2585 1340 2648 in
1371 2583 1505 2670 pagella
1536 2583 1594 2650 vel
1625 2583 1659 2652 iu

441 2689 558 2756 libello
581 2695 617 2756 et
638 2689 727 2754 stola
748 2689 816 2755 albi
840 2690 964 2755 coloris
988 2709 1048 2774 pro
1072 2691 1234 2756 Parocho.
1249 2691 1283 2758 Si
1307 2685 1490 2779 Episcopus
1510 2689 1661 2759 celebra·

439 2804 537 2862 turus
561 2798 605 2863 sit
628 2798 761 2862 Missam
784 2796 917 2875 lectam,
941 2797 1232 2884 praeparabuntur
1254 2800 1289 2864 iu
1314 2800 1417 2866 abaco
1443 2800 1555 2866 omnia
1572 2817 1661 2884 ¹quoe

440 2903 481 2969 ad
504 2905 638 2969 Missam
661 2924 743 2991 opus
766 2911 855 2970 sunt.

530 3014 561 3078 8.
587 3015 676 3081 Ante
699 3013 819 3079 Altare
842 3013 1098 3099 praeparabitur
1121 3012 1387 3099 genuflexerium
1409 3034 1486 3080 cum
1502 3019 1613 3082 strato
1628 3019 1663 3082 et

442 3141 517 3187 cum
541 3121 696 3208 pulvinis.

530 3230 562 3296 9.
587 3231 625 3295 ln
649 3230 797 3296 sacrario
820 3231 994 3296 vasculum
1017 3250 1123 3315 aquae
1147 3229 1341 3296 benedictae
1364 3249 1439 3296 cum
1469 3231 1661 3319 aspersorio

443 3338 651 3404 thuribulum
676 3359 751 3404 cum
775 3339 931 3403 navicula
954 3343 989 3404 et
1011 3339 1134 3422 exigua
1158 3340 1265 3424 imago
1299 3337 1458 3405 Cruciflxi
1480 3339 1514 3404 in
1551 3339 1661 3426 pelvi-

443 3447 521 3512 cula
544 3453 701 3533 cooperta
724 3446 799 3511 velo
822 3447 899 3511 albo
922 3466 961 3512 ac
985 3447 1229 3534 superpellicea
1258 3466 1318 3534 pro
1350 3446 1502 3512 Parocho
1535 3452 1570 3514 61
1601 3467 1661 3536 pro

443 3555 586 3620 clericis.

502 3721 506 3732 ,
535 3663 585 3726 10.
610 3661 644 3728 Si
668 3661 781 3727 clerici
816 3681 956 3728 numero
991 3667 1135 3747 quatuor
1166 3682 1233 3729 non
1263 3667 1373 3740 erunt,
1397 3683 1499 3750 prope
1531 3669 1661 3750 portam

444 3771 607 3837 ecclesiae
630 3767 883 3855 praeparabitur
906 3789 1029 3855 parvus
1052 3770 1175 3836 abacus
1199 3777 1374 3857 coopertus
1404 3770 1482 3836 alba
1514 3771 1661 3848 tobalea,

445 3889 480 3948 et
503 3898 603 3964 super
626 3879 695 3963 ipso
717 3877 825 3942 aderit
849 3877 1024 3943 vasculum
1050 3897 1155 3962 aquae
1170 3878 1363 3946 benedictae
1379 3898 1454 3944 cum
1470 3881 1662 3966 aspersorio

444 3995 480 4054 61
502 3990 610 4071 imago
634 3983 792 4052 crucifixi
815 3985 892 4051 albo
916 3985 992 4051 velo
1016 3992 1181 4052 contecta.

537 4097 586 4159 11.
611 4097 792 4161 Praeterea
815 4097 849 4161 in
873 4097 1020 4160 sacrario
1045 4095 1137 4161 Crux
1161 4094 1415 4180 processionalis
1445 4101 1480 4160 et
1511 4095 1663 4182 supelle-

445 4205 542 4270 ctiles
566 4223 681 4268 sacrae
696 4204 736 4268 ah
754 4204 916 4289 Episcopo
933 4203 1127 4268 visitandae.
1145 4202 1300 4268 Adernnt
1315 4203 1412 4267 etiam
1430 4201 1544 4268 clares
1561 4202 1684 4270 fontis·

446 4312 679 4398 bapstismalis,
703 4313 838 4375 armarii
861 4312 894 4374 in
918 4331 983 4393 quo
1008 4308 1093 4375 Olea
1116 4319 1232 4376 sancta
1255 4318 1289 4376 et
1311 4310 1451 4375 alterius
1481 4310 1516 4374 in
1547 4329 1615 4395 quo
1637 4333 1663 4376 6.

447 4417 620 4501 Reliquiae
643 4417 888 4483 custodiuntur.

539 4526 589 4590 12.
614 4526 649 4592 81
672 4525 913 4592 Goemeterium
936 4527 1123 4611 proximum
1148 4527 1212 4590 erit
1235 4526 1406 4602 ecclesiae,
1431 4525 1606 4610 aperietur
1633 4531 1667 4592 et

450 4631 576 4698 lumina
599 4653 698 4699 cerea
720 4654 821 4720 prope
845 4634 1035 4721 sepulturas
1052 4635 1255 4722 disponetur,
1273 4631 1483 4700 accendenda
1498 4633 1571 4719 ipso
1588 4639 1669 4702 tem·
1715 4661 1722 4676 ·
