4175 5717
522 795 585 860 178
975 816 1040 865 ms.
1066 816 1113 864 tv.

435 922 555 996 Credo,
580 920 734 987 dicentur
767 924 913 987 secunda
936 944 975 987 ac
1006 925 1119 987 tertia
1138 925 1254 998 oratio,
1286 929 1325 987 ut
1355 921 1585 1007 praescribunt
1615 920 1648 986 in

432 1030 540 1094 Missis
565 1031 685 1095 votivis
709 1030 884 1115 generales
903 1031 1076 1096 Rubricae
1099 1030 1244 1094 Missalis
1266 1031 1318 1095 tit.
1342 1028 1416 1093 VII.
1434 1049 1523 1094 unm.
1539 1029 1570 1094 3.
1588 1029 1652 1095 Be·

432 1137 636 1203 nedicamur
660 1138 808 1205 Domino
831 1139 864 1201 in
889 1135 954 1202 flue
977 1144 1012 1202 et
1034 1136 1257 1222 Evangelium
1281 1159 1307 1202 s.
1330 1136 1467 1201 Joannis
1491 1136 1535 1202 In
1551 1136 1652 1219 prin·

431 1245 522 1327 cipio
545 1252 608 1311 etc.
632 1244 728 1319 Quod
750 1247 778 1310 si
803 1223 974 1311 recitanda
996 1245 1063 1310 erit
1085 1244 1187 1310 Missa
1209 1242 1414 1330 respondens
1445 1241 1561 1319 officio,
1589 1244 1651 1309 ad·

434 1358 588 1418 vertatur
611 1352 696 1437 quod
720 1354 827 1418 oratio
847 1371 917 1436 pro
939 1370 1070 1434 sponso
1094 1358 1126 1418 et
1148 1369 1280 1434 sponsa
1310 1359 1452 1416 nonest
1486 1351 1653 1438 iungenda

433 1459 493 1526 sub
517 1460 616 1524 unica
637 1460 852 1525 conclusione
875 1478 950 1523 cum
974 1459 1081 1544 prima
1103 1460 1264 1535 oratione,
1289 1458 1549 1524 sed—recitanda
1578 1466 1652 1544 post

433 1580 546 1633 omnes
569 1568 747 1643 orationes,
771 1586 833 1633 seu
858 1567 1187 1631 commemorationes
1217 1584 1238 1630 a
1266 1565 1400 1631 rubrica
1429 1565 1652 1653 praescriptas

433 1680 568 1739 etanta
590 1673 752 1740 collectas
774 1694 796 1738 a
818 1674 989 1760 superiore
1013 1674 1202 1758 imperatas.

523 1780 571 1845 15.
596 1780 630 1846 Si
653 1780 776 1846 mulier
797 1780 901 1846 fuerit
923 1778 1032 1854 vidua,
1058 1780 1231 1845 omittetur
1254 1782 1446 1867 nuptiarum
1466 1780 1651 1846 benedictio

431 1890 501 1953 sive
524 1889 693 1953 orationes
709 1893 784 1974 poet
802 1888 912 1956 Pater
926 1893 1047 1955 noster
1063 1894 1097 1953 et
1112 1893 1191 1953 ante
1207 1885 1470 1954 benedictionem
1486 1889 1519 1951 in
1542 1888 1651 1954 Missa.

522 1996 572 2061 16.
598 1995 633 2061 Si
656 2015 722 2080 qua
744 1996 785 2061 de
802 1998 928 2061 caussa
942 2016 963 2060 a
980 1997 1154 2081 superiore
1169 1994 1351 2082 approbata
1366 1995 1568 2061 Matrimonii
1580 1996 1654 2062 iun·

433 2106 499 2168 ctio
523 2103 725 2169 celebranda
745 2110 835 2170 esset
858 2104 972 2189 primis
996 2103 1088 2167 boris
1120 2102 1303 2178 nocturnis,
1335 2103 1507 2169 Parochus
1538 2104 1654 2171 induet

434 2210 496 2275 sibi
519 2210 799 2297 superpelliceum
823 2210 1001 2276 etatulam
1024 2209 1249 2285 albi-coloris,
1278 2229 1382 2294 eaque
1412 2213 1521 2275 omnia
1552 2229 1653 2277 exse-

434 2322 566 2399 quetur,
601 2337 685 2401 quae
719 2318 871 2403 superius
905 2317 1030 2383 tradita
1068 2323 1147 2382 suut
1181 2336 1285 2401 usque
1318 2316 1360 2382 ad
1393 2315 1679 2384 celebrationem

437 2423 567 2491 Missae.
1080 2493 1086 2503 ,
1491 2428 1493 2433 ’

525 2531 575 2601 Π,
600 2531 697 2597 Ritus
721 2533 785 2609 hic,
810 2533 985 2617 inquibus
1010 2530 1092 2598 locis
1117 2532 1234 2598 nullus
1260 2531 1348 2597 alius
1379 2531 1527 2617 legitime
1558 2534 1654 2598 inve-

435 2648 511 2705 ctus
532 2640 608 2715 erit,
632 2659 676 2705 ex
699 2658 739 2705 eo
762 2640 848 2725 quod
871 2638 1453 2729 praescribit-Sac1·dm··Goncilium
1485 2640 1654 2707 Tridenti-

437 2766 524 2820 nnm‚
550 2766 687 2832 prorsus
710 2747 953 2813 observabitur.
1012 2795 1016 2802 ·
1048 2786 1051 2794 ·

979 2891 1107 2906 m

472 3068 523 3124 DE
543 3068 838 3127 BENEDICTIONE
859 3070 1038 3128 Palnnml
1061 3071 1215 3128 LAPlDlS
1235 3072 1373 3129 NOVAE
1393 3072 1617 3134 Eccnssstnn.

528 3177 555 3235 Α
574 3176 809 3236 secale-bora
827 3177 884 3235 Ex
903 3178 1103 3237 MANDATO
1122 3177 1300 3238 EPlSCOPl
1321 3179 1564 3241 PERAGENDA

1009 3308 1086 3323 ῃ

874 3541 877 3548 .
905 3488 1063 3556 -CAPUT
1086 3490 1175 3556 Xlll.
1260 3548 1264 3556 .

442 3702 469 3766 l.
496 3624 718 3787 Postquam
741 3704 923 3791 Episcopus
947 3724 987 3769 ea
1008 3706 1121 3770 omnia
1136 3709 1357 3783 constituerit,
1374 3728 1460 3791 quae
1475 3720 1656 3794 opussunt

435 3807 482 3872 ad·
499 3825 608 3874 novae
630 3809 792 3878 ecclesiae
807 3810 1080 3889 aedificationem,
1098 3811 1318 3880 Sacerdosab
1335 3834 1374 3880 eo
1389 3815 1573 3901 delegatus,
1589 3838 1655 3901 qno

437 3914 511 3990 loco
534 3914 734 4001 erigendum
752 3918 820 3982 erit
841 3916 963 3984 Altare
986 3919 1190 4004 prima-rium,
1214 3927 1315 4005 ponet
1339 3921 1395 3987 vel·
1423 3924 1500 4008 poni
1531 3923 1657 3991 iubebit

437 4020 578 4088 Crucem
601 4022 746 4108 ligneam
768 4025 905 4090 maioris
929 4026 1066 4102 formae,
1092 4033 1131 4093 ut
1152 4029 1298 4113 conspici
1313 4028 1443 4113 possit..

523 4128 554 4193 2.
580 4125 826 4200 Substruentur
848 4132 1076 4209 fundamenta,
1100 4134 1155 4200 vel
1186 4135 1286 4201 etiam
1317 4135 1415 4202 lineis
1447 4137 1655 4204 describetur
1691 4180 1694 4192 ·

438 4256 554 4302 eornm
581 4237 685 4304 loeus.
1568 4226 1570 4238 Ι

524 4345 555 4409 3.
582 4345 850 4431 Quandoquidem
875 4351 908 4413 iu
932 4349 1235 4415 substructionibus
1259 4352 1336 4436 ipsis
1353 4352 1530 4419 statuenda
1546 4355 1589 4420 sit
1603 4374 1658 4439 pe·

423 4458 492 4515 'tra
511 4452 783 4530 fundamentalis,
808 4455 910 4523 fossio
933 4454 990 4521 fiet
1013 4476 1078 4540 quo
1101 4456 1176 4522 loco
1201 4459 1271 4542 ipsa
1293 4460 1359 4524 erit
1381 4459 1588 4535 collocanda,
1609 4461 1658 4524 vi·

438 4557 561 4623 delicet
584 4560 617 4622 in
640 4561 766 4647 angulo
789 4561 929 4629 dextero
959 4564 1102 4640 absidae,
1134 4565 1188 4654 qui
1222 4565 1317 4636 loeus
1349 4566 1525 4660 respondet
1555 4567 1656 4635 lateri

439 4664 614 4755 Evangelii
637 4667 764 4737 Altaris
790 4671 947 4760 primarii.
1573 4708 1575 4712 v
1685 4672 1688 4677 ’
