4175 5717
518 723 562 787 46
975 740 1041 786 nin.
1068 741 1102 788 u.

516 848 568 916 93.
596 847 717 916 Glerus
741 849 776 913 in
800 847 914 924 choro,
940 867 1098 935 responso
1122 847 1233 916 Amen
1256 853 1332 934 post
1354 849 1549 926 orationem,
1573 867 1656 916 con·

430 957 547 1024 sidebit
570 963 604 1023 et
628 961 729 1042 caput
752 957 931 1041 cooperiet.

516 1065 569 1130 94.
598 1063 779 1129 Celebrans
804 1063 967 1128 submissa
989 1083 1072 1128 voce
1095 1063 1188 1149 leget
1211 1063 1405 1150 epistolam,
1429 1063 1507 1130 dum
1531 1069 1654 1130 0011111-

428 1176 519 1239 bitur
543 1192 563 1236 a
588 1170 806 1247 Subdiacono;
831 1169 996 1236 Diaconos
1020 1170 1232 1256 respondebit
1253 1172 1325 1240 Deo
1346 1173 1486 1258 aralius
1510 1174 1542 1236 in
1573 1169 1652 1249 fine,

430 1288 545 1369 postea
570 1279 750 1345 Celebrans
773 1277 866 1362 leget
888 1277 1056 1343 Graduale
1080 1299 1154 1343 cum
1172 1279 1324 1344 versibus
1348 1279 1403 1345 vel
1422 1300 1497 1345 cum
1514 1281 1653 1356 Tractu,

429 1395 489 1455 aut
513 1389 666 1454 Alleluia
689 1407 764 1451 cum
788 1385 948 1458 versibus,
974 1394 1009 1451 et
1031 1386 1243 1470 Sequentiam
1267 1407 1397 1471 quoque
1413 1407 1474 1474 pro
1488 1387 1655 1472 qualitate

428 1505 617 1581 temporum
640 1500 699 1559 aut
723 1494 888 1558 varietate
912 1491 1106 1570 officiorum,
1132 1501 1169 1560 ut
1192 1494 1393 1560 indicabitur
1417 1496 1450 1560 in
1474 1496 1543 1581 ipso
1568 1496 1656 1562 Mis-

429 1604 501 1679 sali;
526 1601 644 1668 deinde
668 1603 789 1667 iunctis
809 1601 959 1666 manibus
976 1601 1166 1687 expectabit
1181 1602 1258 1667 dum
1275 1601 1502 1668 Subdiaconus
1519 1601 1654 1670 desinat

431 1711 615 1797 Epistolam
639 1729 771 1774 canere.
791 1709 955 1774 Diaconos
971 1710 1116 1775 animum
1132 1708 1288 1775 advertat
1302 1708 1344 1775 ad
1361 1710 1479 1776 lolium
1496 1711 1655 1788 Missalis,

432 1820 460 1884 si
484 1839 565 1904 opus
589 1817 702 1895 fuerit,
729 1815 960 1882 evolvendum.

520 1924 572 1990 95.
597 1924 681 1989 Dum
704 1923 894 1989 cantabitur
920 1923 1070 2010 Epistola
1095 1924 1149 1990 vel
1174 1922 1374 1994 etiamdum
1399 1932 1540 1992 cauetur
1564 1923 1657 1992 Gra-

432 2033 541 2108 duale,
576 2038 635 2096 aut
669 2032 811 2097 Tractus
845 2051 905 2096 seu
942 2029 1132 2115 Sequentia.
1168 2032 1406 2098 thuriferarius
1440 2033 1658 2119 praeparabit

433 2143 541 2227 ignem
565 2141 597 2204 in
621 2139 804 2216 thuribulo
829 2144 866 2205 ut
893 2109 1026 2226 prae⁴sto
1052 2141 1096 2206 sit
1119 2139 1328 2205 thuribulum
1352 2139 1580 2216 ministrando,
1611 2140 1656 2208 de

436 2269 501 2333 quo
524 2268 611 2312 mox.

521 2357 575 2421 96.
607 2354 845 2432 Subdiaconus,
877 2360 1013 2421 cantata
1043 2354 1204 2441 Epistola,
1236 2352 1371 2420 claudet
1405 2353 1538 2432 librum,
1569 2353 1656 2422 daus

434 2484 568 2550 operam
592 2471 630 2529 ut
652 2463 799 2530 eiusdem
823 2463 900 2528 libri
924 2467 1083 2549 apertura
1107 2482 1186 2527 suae
1210 2463 1376 2539 sinistrae,
1402 2469 1439 2528 ut
1461 2462 1563 2549 prius,
1596 2483 1659 2530 re-

434 2571 604 2658 spondeat,
629 2577 663 2637 et
685 2570 873 2636 admovebit
896 2571 1032 2656 pectori;
1057 2569 1177 2635 redibit
1201 2590 1276 2635 cum
1299 2569 1469 2655 Acolytbo
1493 2574 1551 2636 aut
1576 2570 1661 2637 an-

434 2681 631 2745 remeniario
660 2684 738 2744 ante
770 2678 899 2754 Altare,
931 2674 1198 2763 genuflexionem
1235 2675 1333 2743 Gruci
1364 2682 1398 2743 et
1428 2678 1658 2744 reverentiam

434 2787 537 2853 choro
562 2787 704 2864 iterabit,
730 2787 784 2851 cui
806 2785 928 2852 Clarus
952 2784 1163 2871 respondebit
1186 2784 1370 2871 detegendo
1393 2791 1504 2871 caput;
1539 2791 1610 2851 tum
1636 2805 1659 2852 a

431 2894 542 2960 latere
564 2893 723 2960 ascendet
745 2892 786 2958 ad
811 2892 930 2958 Altero
945 2899 979 2958 et
1002 2895 1036 2958 in
1052 2898 1203 2958 extremo
1220 2891 1428 2979 suppedaneo
1449 2893 1659 2977 geniculabit

433 3009 511 3067 ante
536 3001 781 3068 Celebrantem.
807 3000 988 3066 celebrans
1012 3020 1195 3066 conversus
1219 3000 1261 3064 ad
1285 3001 1391 3087 ipsum
1422 2997 1522 3086 (quod
1553 3001 1659 3069 faciet

434 3112 533 3176 etiam
558 3109 734 3194 Diaconus)
760 3109 929 3173 sinistram
952 3108 1124 3196 applicans
1147 3109 1284 3194 pectori,
1301 3109 1389 3174 libro
1407 3109 1553 3195 imponet
1575 3108 1659 3176 dex·

434 3225 551 3292 teram,
577 3236 674 3300 quam
692 3216 750 3281 iile
768 3215 985 3292 osculabitur,
1003 3222 1037 3282 et
1061 3215 1323 3283 benedictionem
1341 3215 1436 3281 nullo
1452 3214 1565 3282 addito
1580 3235 1659 3282 ver·

434 3325 474 3390 bo
500 3324 550 3388 illi
576 3325 795 3408 impertietur.

521 3432 574 3496 97.
602 3430 794 3508 Celebrans,
819 3429 897 3497 data
920 3430 1127 3498 Subdiecono
1149 3430 1387 3506 benedictione,
1405 3430 1517 3496 veniet
1532 3429 1574 3494 ad
1590 3449 1659 3497 me-

436 3539 524 3630 dium
549 3538 667 3602 Altare
691 3537 814 3603 iunctis
837 3538 987 3604 manibus
1004 3543 1038 3603 et
1054 3538 1209 3604 recitabit
1224 3539 1363 3606 Mundo
1379 3558 1442 3606 cor
1455 3557 1574 3605 meum
1589 3543 1656 3604 etc.

435 3647 525 3713 lube
548 3647 695 3713 Domine
718 3653 781 3712 etc.
805 3647 978 3714 Dominus
999 3648 1046 3714 eit
1068 3653 1130 3712 etc.
1156 3647 1322 3712 Diaconos
1345 3652 1563 3712 convertetur
1580 3667 1658 3712 ver-

434 3776 491 3820 sus
515 3754 644 3828 Altare;
673 3753 899 3819 Subdiaconus
916 3760 1081 3840 assurget,
1099 3755 1337 3841 Epistolarium
1353 3753 1465 3820 tradet
1483 3753 1658 3839 Acolytho

434 3863 488 3927 vel
514 3860 790 3933 caeremoniarim
815 3864 871 3946 qui
894 3863 1021 3928 referet
1046 3862 1130 3927 illud
1154 3862 1195 3926 ad
1220 3862 1369 3937 abacum,
1394 3859 1513 3928 deinde
1543 3867 1659 3928 sumet

434 3969 568 4036 Missale
592 3989 667 4034 cum
691 3969 824 4034 cussino
848 3990 907 4034 seu
930 3970 1024 4056 legili
1048 3977 1082 4034 et
1104 3971 1289 4036 transferet
1304 3970 1345 4035 ad
1362 3970 1452 4035 latus
1477 3969 1659 4055 Evangelii

433 4078 519 4164 quod
543 4079 667 4144 faciens
691 4076 871 4142 descendet
904 4077 944 4142 de
978 4077 1101 4154 Alteri,
1138 4085 1175 4144 ut
1204 4075 1408 4164 genuflectat
1438 4076 1479 4142 ad
1512 4076 1657 4144 Crucem

434 4189 600 4252 transiens
625 4187 659 4249 in
683 4184 836 4262 medium,
862 4187 982 4250 iterum
1006 4186 1208 4252 conscendet
1243 4185 1498 4273 suppedaneum,
1529 4184 1660 4252 locabit

434 4295 569 4360 Missale
594 4316 668 4361 cum
691 4293 785 4379 legili
810 4312 868 4358 seu
892 4296 1024 4360 cussino
1049 4297 1158 4360 itaut
1182 4295 1322 4360 inferior
1353 4293 1432 4358 libri
1458 4295 1658 4360 extremitas

435 4422 532 4466 versa
556 4405 598 4467 sit
622 4403 663 4468 ad
686 4401 829 4467 medium
851 4401 989 4478 Altaris,
1014 4408 1084 4468 tum
1108 4402 1148 4468 de
1172 4402 1382 4488 suppedaneo
1405 4399 1595 4478 descendet,
1622 4410 1657 4468 et

435 4509 553 4573 iunctis
567 4511 717 4576 manibus
735 4511 768 4575 in
785 4509 891 4595 gradu
908 4509 1073 4594 superiori
1089 4529 1271 4575 conversus
1288 4509 1329 4574 ad
1348 4509 1467 4575 Altare
1482 4509 1658 4576 consistet.

527 4615 579 4679 98.
606 4617 713 4692 Quum
738 4617 918 4683 celebrans
942 4616 1074 4691 dixerit,
1100 4622 1270 4701 utsupra,
1296 4616 1435 4683 Munda
1459 4635 1660 4682 cormeum
