4175 5717
501 703 583 778 Ι318
981 723 1046 770 nm.
1072 725 1093 768 1.

520 827 571 891 71.
596 828 721 894 Veniet
744 829 783 894 ad
808 829 947 895 medium
971 829 1090 896 Altare
1114 832 1234 897 iunctis
1259 831 1419 909 manibus,
1444 831 1553 916 ibique
1571 849 1650 897 ocu·

432 935 483 999 los
507 936 642 1002 attollet
664 935 705 1002 ad
730 937 872 1002 Crucem
896 939 967 1003 sive
990 938 1032 1004 ad
1056 937 1197 1016 coelum,
1223 939 1398 1024 statimque
1414 937 1575 1016 demissis,
1592 939 1651 1003 im·

431 1047 530 1128 ponet
553 1063 668 1108 manus
694 1044 812 1120 Altari,
837 1051 876 1110 ut
898 1047 1051 1130 superius
1075 1045 1336 1112 demonstratum
1360 1051 1421 1123 est,
1445 1065 1485 1112 ac
1520 1044 1650 1112 medio-

431 1151 535 1214 criter
558 1151 737 1217 inclinatus
770 1152 921 1218 recitabit
955 1155 1139 1219 orationem
1175 1152 1329 1238 suscipe,
1359 1153 1488 1222 Sancta
1526 1151 1650 1220 rnn-

434 1264 487 1324 tas
511 1263 573 1322 etc.

520 1367 571 1430 72.
596 1367 667 1433 Hac
690 1369 841 1433 oratione
864 1369 1027 1445 absoluta,
1054 1368 1203 1435 manibus
1227 1370 1373 1434 extensis
1407 1368 1518 1433 Altari
1548 1369 1651 1456 impo-

431 1476 511 1551 sitis,
536 1476 742 1541 osculabitur
765 1479 870 1561 ipsum
895 1479 928 1542 in
953 1478 1069 1556 medio,
1087 1480 1267 1564 iungetque
1283 1497 1409 1553 manus,
1426 1482 1461 1542 et
1477 1497 1495 1542 e
1512 1477 1649 1543 sinistra

431 1600 491 1670 sua
514 1589 731 1647 convertetur
765 1583 805 1647 ad
840 1585 1007 1669 populum:
1043 1606 1125 1651 voce
1155 1585 1361 1669 aliquantum
1397 1582 1487 1648 elata
1520 1581 1649 1666 inquiet

434 1687 537 1754 Orate
558 1691 692 1773 fratres
716 1690 906 1776 expandens
930 1692 1027 1756 simul
1054 1698 1087 1757 et
1111 1692 1274 1777 colligens
1298 1711 1423 1767 manue,
1450 1695 1486 1755 ut
1510 1689 1552 1754 ad
1575 1689 1648 1756 Do-

432 1798 550 1862 minas
573 1797 759 1864 nobiscnm:
783 1787 960 1885 complebit
983 1801 1147 1865 circulum
1172 1819 1207 1865 se
1231 1805 1431 1864 conuertens
1446 1794 1496 1882 ad
1528 1795 1647 1862 Altare

431 1903 642 1970 dextrorsum
666 1913 700 1970 et
723 1907 854 1971 interim
878 1907 1084 1972 continuabit
1101 1913 1231 1973 secreto
1248 1914 1288 1974 nt
1302 1925 1419 1972 menan
1433 1925 1476 1971 ac
1492 1887 1649 1972 aestatem

430 2013 644 2099 ,ramficinrn
667 2020 728 2078 etc.
754 2015 832 2098 quin
857 2034 1000 2098 unquam
1024 2035 1142 2079 sersus
1169 2014 1327 2101 populum
1351 2011 1520 2078 subsistat.

520 2121 572 2184 73.
598 2121 750 2186 llinister
773 2121 985 2206 respondebit
1010 2121 1186 2205 Suscipiat
1209 2128 1272 2186 etc.
1297 2121 1528 2204 quaeratione
1544 2115 1647 2196 finita,

433 2227 613 2292 Celebrans
637 2229 798 2293 submisse
822 2249 903 2295 voce
928 2228 1061 2294 adiiciet
1085 2229 1206 2295 Amen.
1231 2228 1263 2294 Si
1289 2230 1440 2294 minister
1464 2227 1650 2313 responsio·

431 2356 505 2400 nem
529 2337 707 2412 omitteret,
731 2341 903 2421 utsupra,
929 2337 998 2421 ipse
1023 2334 1206 2402 celebrans
1230 2336 1318 2402 dicet
1343 2333 1521 2418 Sarapias
1537 2333 1654 2400 Domi·

434 2463 502 2509 ans
525 2443 741 2531 sacraficium
764 2445 807 2510 cte
829 2443 993 2510 mandas
1015 2444 1101 2508 anns
1124 2453 1186 2508 etc.
1213 2448 1353 2508 secreto.

518 2551 570 2614 74.
596 2550 677 2614 Post-
700 2549 825 2615 dictum
850 2550 971 2628 Arnen,
990 2556 1028 2616 ut
1051 2571 1161 2637 supra,
1180 2569 1244 2615 non
1262 2551 1478 2636 praemittens
1501 2549 1651 2616 &enus

431 2656 646 2742 manibusque
670 2660 803 2743 apertis,
828 2657 1100 2743 quemadmodum
1124 2657 1164 2722 de
1188 2658 1393 2723 orationibus
1428 2655 1552 2722 dictum
1586 2661 1649 2732 est,

431 2770 561 2831 secreto
584 2785 640 2830 eas
665 2765 818 2829 recitabit
840 2767 1018 2841 orationes,
1043 2775 1127 2848 quae
1150 2772 1284 2832 secreta
1308 2763 1474 2846 dicuntur,
1499 2781 1650 2848 quaeque

353 2941 357 2956 ,
431 2871 633 2958 respondent
656 2871 860 2937 orationibus
884 2892 943 2937 seu
973 2871 1127 2938 collectis
1162 2877 1240 2937 ante
1273 2871 1457 2957 Epistolam
1488 2871 1649 2936 recitatis.

433 2981 466 3046 Si
491 3000 555 3045 una
578 2985 708 3046 tantum
733 2980 840 3044 oratio
865 2978 952 3043 dicta
976 2979 1088 3054 fuerit,
1114 2980 1292 3065 complebit
1317 2979 1541 3054 conclusione,
1566 2977 1653 3043 reci·

434 3095 509 3154 tans
533 3087 636 3153 rerba
659 3088 697 3153 in
720 3087 855 3154 unitate
878 3085 1032 3169 Spiritus
1057 3087 1179 3155 Sancti
1200 3089 1295 3154 Dens
1319 3087 1492 3164 inclusiva
1510 3087 1561 3151 sin
1577 3086 1653 3172 plu-

434 3218 487 3262 res
511 3197 679 3262 orationes
704 3195 838 3264 luerint,
863 3194 1042 3260 concludet
1067 3195 1198 3260 omnino
1224 3197 1360 3283 primam
1385 3196 1503 3280 etipse
1519 3193 1581 3258 sibi
1597 3213 1652 3259 re·

433 3301 604 3390 spondebit
627 3301 738 3368 Amen
761 3307 900 3378 secreto;
926 3300 967 3366 ad
998 3302 1246 3368 conclusionem
1282 3321 1361 3368 vero
1393 3301 1557 3368 secundae
1592 3301 1650 3366 vel

431 3410 652 3475 secundarum
676 3429 741 3473 non
772 3415 993 3494 prosequetur
1029 3409 1121 3474 ultra
1151 3411 1254 3475 verba
1284 3411 1436 3496 superius
1468 3410 1649 3486 nominata,

436 3538 551 3605 nempe
575 3516 620 3582 In
642 3518 777 3584 unitate
801 3516 955 3601 Spiritus
980 3516 1102 3584 Sancti
1123 3519 1227 3584 Dens.

523 3627 575 3689 75.
602 3626 661 3689 His
685 3625 794 3690 verbis
819 3646 943 3691 morem
974 3627 1199 3712 interponens,
1231 3627 1367 3690 sinistra
1398 3625 1512 3690 volvet
1542 3625 1653 3709 signa-

434 3734 547 3799 culum
572 3731 715 3797 Missalis
738 3732 779 3797 ad
803 3735 1041 3819 praefationem
1067 3735 1217 3819 positum,
1243 3740 1383 3799 extensa
1406 3732 1547 3797 dextera
1567 3733 1655 3798 inte·

433 3862 490 3907 rea
514 3841 623 3905 Alteri
647 3842 806 3926 imposita.
834 3841 957 3926 Aperte
981 3842 1108 3907 Missali
1133 3842 1172 3907 ad
1209 3841 1446 3927 praefationem
1475 3839 1651 3924 signatam,

436 3956 608 4015 extensam
632 3948 730 4012 etiam
755 3949 923 4012 sinistram
947 3949 1058 4014 Altari
1082 3951 1237 4035 imponet.

523 4056 576 4119 76.
604 4053 755 4118 Manibus
780 4055 856 4118 hinc
881 4056 955 4120 inde
978 4058 1012 4120 in
1037 4057 1148 4122 Alteri
1172 4056 1329 4128 extensis,
1354 4054 1444 4118 elata
1468 4073 1549 4118 soce
1564 4051 1656 4120 dicet

439 4163 510 4229 Per
534 4164 651 4229 artenia
674 4165 793 4228 secata
816 4166 1016 4230 seculorum
1039 4171 1071 4230 et
1104 4165 1254 4229 minister
1284 4161 1495 4248 respondebit
1528 4163 1652 4231 Amas

437 4271 515 4334 lion
530 4271 700 4337 Dominus
717 4270 902 4348 uobiscum,
919 4272 1031 4337 eodem
1049 4279 1118 4337 tum
1136 4273 1283 4358 corporis
1300 4278 1371 4335 tum
1389 4290 1544 4335 manuum
1561 4277 1653 4336 statu

437 4396 641 4460 porrnanens:
667 4378 819 4442 llinister
843 4385 963 4450 autem,
989 4380 1032 4446 Et
1056 4402 1136 4447 cnm
1159 4382 1288 4464 spirita
1313 4386 1381 4445 tuo:
1405 4377 1536 4443 adiiciet
1561 4375 1660 4446 Sar-¹

437 4504 516 4548 snm
540 4486 648 4550 corda
671 4492 704 4551 et
728 4486 872 4551 elevabit
898 4506 1014 4552 manus
1030 4494 1188 4553 extensas
1211 4488 1251 4552 ad
1268 4486 1478 4552 altitudinem
1496 4488 1655 4572 pectoris,

437 4590 555 4676 palmis
580 4599 690 4659 autem
715 4615 870 4660 manuum
887 4594 1085 4662 adinvicem
1104 4597 1284 4662 conversis.
1301 4595 1351 4660 Ac
1369 4615 1526 4682 responso
1550 4614 1570 4660 a
1590 4597 1673 4664 mi·.
