4175 5717
535 655 569 714 i'l
989 674 1054 722 nie.
1081 658 1129 730 r..

482 888 513 960 ,3.
537 885 589 950 29.
618 885 732 957 Quum
755 886 952 971 Episcopus
975 889 1108 956 Missae
1129 891 1253 974 ferioli
1272 892 1420 959 solemni
1440 893 1609 961 intererit.

524 1100 599 1165 323.
631 1101 669 1166 In
700 1101 764 1168 hac
794 1122 923 1187 quoque
957 1104 1130 1169 iunctione
1159 1104 1427 1172 observabuntur
1457 1107 1656 1175 documenta

436 1227 520 1291 quae
544 1210 697 1293 superius
720 1208 761 1274 de
783 1211 973 1276 assistentia
997 1209 1039 1279 ad
1062 1211 1197 1278 Missam
1220 1212 1402 1279 solemnem
1425 1213 1550 1280 tradita
1564 1220 1653 1282 sunt.

525 1314 599 1379 324.
625 1315 733 1389 Quum
757 1316 938 1402 Episcopus
963 1323 1037 1404 post
1061 1317 1171 1405 Kyrie
1193 1317 1234 1384 de
1256 1320 1379 1386 throno
1401 1319 1581 1388 descendet
1599 1341 1656 1408 ge-

435 1419 632 1490 nuflexuius
656 1423 697 1489 ad
720 1423 945 1490 faldistorium
969 1432 1048 1491 ante
1072 1425 1202 1503 Altare,
1227 1446 1392 1512 quumque
1422 1428 1464 1494 ad
1495 1430 1653 1496 thronum

433 1537 511 1595 ante
529 1530 712 1615 Epistolam
731 1530 859 1601 redibit.
873 1531 992 1598 clerus
1009 1529 1277 1617 genuflexionem
1294 1533 1396 1601 faciet
1412 1556 1529 1602 versus
1545 1537 1654 1622 ipsum

434 1636 511 1700 dum
535 1639 564 1702 ei
588 1636 771 1703 benedicet.

522 1743 597 1809 325.
623 1744 693 1810 Hoc
717 1744 801 1810 idem
825 1754 1011 1830 exequetur
1034 1749 1067 1810 in
1090 1746 1164 1833 qliis
1189 1747 1393 1814 orationibus
1417 1756 1492 1835 post
1511 1770 1656 1816 commu·

435 1853 565 1915 nionem
589 1858 688 1936 atque
712 1854 810 1917 etiam
839 1853 1117 1939 quadragesimali
1148 1858 1296 1940 tempore
1331 1857 1363 1921 in
1394 1856 1503 1922 Missis
1534 1857 1655 1942 quibus

436 1960 635 2024 cantabitur.
661 1965 691 2033 t.
715 1961 854 2028 Adiooo
878 1981 943 2028 cos
967 1962 1063 2028 Deus
1086 1968 1149 2028 etc.
1590 1977 1593 1982 '

522 2066 597 2131 326.
622 2067 741 2133 Glerus
765 2053 915 2153 genibus
927 2064 1021 2134 flexis
1046 2068 1227 2135 manebita
1250 2071 1400 2155 Trisagio
1416 2090 1520 2153 usque
1536 2069 1614 2136 dum
1628 2091 1651 2136 a

434 2173 633 2240 Celebrante
656 2180 826 2240 cantatum
850 2175 952 2241 fuerit
976 2176 1059 2242 Pam
1081 2176 1223 2243 Domini
1244 2184 1307 2243 etc.

664 2393 695 2474 §.
720 2390 772 2456 30.
798 2390 842 2458 In
865 2391 977 2458 Misso
997 2391 1194 2477 pontificali
1215 2392 1259 2457 de
1286 2393 1418 2476 requie.

520 2607 594 2672 327.
613 2608 792 2691 Postquam
810 2605 991 2693 Episcopus
1008 2604 1050 2670 ad
1067 2605 1186 2672 Altare
1202 2608 1379 2671 maximum
1396 2608 1539 2683 venerit,
1551 2627 1655 2674 unus-

432 2716 569 2798 quisque
592 2713 633 2779 de
657 2714 756 2780 Olero
779 2714 952 2780 submittet
973 2732 1084 2797 genua
1107 2714 1139 2777 in
1165 2732 1225 2777 suo
1249 2713 1360 2788 stallo,
1385 2732 1448 2779 nec
1470 2720 1653 2800 consurget

431 2824 492 2886 nisi
516 2842 616 2905 quum
639 2823 867 2887 assurrexerit
890 2820 1082 2906 Episcopus.

518 2928 593 2992 328.
619 2930 828 2994 Transeunte
852 2948 912 3014 per
935 2928 1073 2993 chorum
1100 2928 1272 3014 Episcopo·
1287 2926 1406 2993 Clerus
1434 2913 1685 3012 genuflectat',

430 3036 510 3100 licet
535 3036 716 3122 Episcopus
741 3037 773 3099 in
797 3036 859 3100 hac
883 3036 1054 3099 iunctione¹
1079 3037 1206 3098 omittat
1234 3034 1495 3099 benedictionem
1519 3034 1650 3118 largiri.

519 3144 593 3208 329.
619 3143 750 3209 Sedebit
776 3142 896 3210 clerus
919 3142 995 3207 dum
1020 3142 1202 3227 Episcopus
1226 3141 1380 3206 recitabit
1408 3143 1576 3206 orationes
1607 3140 1650 3205 ad

431 3272 466 3317 se
490 3251 672 3336 parandum
696 3252 928 3336 praescriptas.

519 3358 593 3422 330.
619 3358 798 3424 Submittet
820 3376 930 3443 genua
952 3357 993 3421 ad
1018 3357 1221 3422 ablutionem
1246 3376 1400 3421 manuum
1427 3356 1588 3441 Episcopi.

518 3465 593 3530 331.
619 3465 726 3531 Stabit
749 3465 824 3530 dum
851 3466 1032 3550 Episcopus
1058 3464 1217 3529 induetur
1241 3466 1345 3529 sacris
1377 3464 1576 3549 paramentis
1607 3462 1650 3528 ad

431 3572 642 3658 operandum.

518 3679 593 3745 332.
619 3677 827 3745 Genuflectct
850 3700 950 3763 quum
974 3681 1159 3765 Episcopus
1183 3679 1223 3744 de
1251 3678 1373 3742 throno
1404 3675 1581 3742 descendet
1614 3684 1650 3742 et

431 3807 490 3872 per
512 3787 652 3851 chorum
674 3788 841 3853 transiens
856 3786 897 3851 ad
914 3785 1033 3852 Altare
1056 3785 1218 3855 introibit.

518 3894 592 3960 333.
621 3894 800 3960 Submittet
834 3913 942 3979 genua
972 3893 1013 3959 ad
1044 3894 1296 3968 contessionem,
1321 3897 1436 3977 postea
1469 3897 1651 3975 consurget
1725 3897 1727 3901 '

431 4005 615 4086 iterumque
638 3999 842 4087 genuflectet
865 4000 1025 4067 redeunte
1048 4002 1088 4065 ab
1112 4001 1223 4065 Alteri
1240 3999 1280 4064 ad
1298 4000 1455 4063 thronum
1474 3999 1648 4084 Episcopo.

517 4111 592 4175 334.
618 4109 725 4176 Stabit
747 4108 788 4174 ad
812 4110 985 4174 introitum
1007 4115 1041 4172 et
1065 4107 1141 4173 dum
1168 4107 1365 4173 recitabitur
1387 4105 1506 4191 Kyrie.

475 4246 478 4255 ·
518 4218 592 4283 335.
618 4216 917 4301 Adgeniculahitur
939 4215 1016 4280 dum
1040 4215 1230 4281 cantabitur
1254 4216 1370 4278 oratio.

518 4325 592 4390 336.
619 4325 752 4392 Sedebit
773 4343 838 4406 quo
861 4331 1008 4408 tempore
1033 4322 1193 4408 Epistola,
1219 4321 1386 4386 Graduale
1411 4329 1445 4385 et
1469 4317 1649 4403 Sequentia

431 4438 581 4496 canetur.

518 4540 592 4603 337.
619 4541 726 4605 Stabit
741 4549 850 4604 autem
867 4537 943 4603 dum
960 4536 1149 4602 cantabitur
1168 4536 1399 4620 Evangeiiunr‚
1417 4534 1458 4599 ad
1474 4535 1648 4601 Dominus

432 4648 615 4721 satiri-uxrem,
641 4648 680 4710 sd
702 4647 847 4712 orem-cs·
871 4654 898 4707 ot
928 4645 1001 4709 duih
1031 4643 1225 4706 recitabitur
1252 4649 1282 4714 t.
1309 4664 1368 4728 pro
1393 4638 1582 4707 offertorio.
