4175 5717
516 727 581 820 220
978 747 1044 796 ure.
1071 747 1092 794 1.

426 851 507 917 ditit
529 851 570 918 ad
592 854 664 920 eius
687 852 869 920 dexteram.
894 853 983 920 Ante
1004 855 1190 922 orationem
1213 854 1440 920 duodecimam
1463 871 1531 922 non
1547 857 1652 920 nnat

427 958 628 1027 Flectamos
646 979 776 1046 penca.
1604 955 1607 962 '

514 1067 589 1132 325.
614 1068 698 1133 Fine
721 1068 811 1134 facto
833 1066 974 1134 canendi
997 1067 1169 1134 duodecim
1193 1070 1384 1155 prophetias
1412 1069 1652 1154 orationesque

427 1173 610 1252 duodecim,
635 1174 812 1241 descendet
835 1195 855 1240 a
877 1176 986 1242 latere
1010 1175 1050 1242 de
1075 1177 1195 1253 Alteri,
1219 1176 1261 1243 ad
1284 1195 1454 1244 scamnum
1482 1194 1559 1242 cum
1589 1173 1653 1242 οο

428 1279 581 1355 lebraute
605 1281 734 1360 redibit,
759 1283 867 1367 ibique
890 1283 1095 1370 manipulum
1120 1283 1281 1350 demittet.

515 1389 591 1454 326.
616 1390 651 1456 Si
675 1391 750 1456 iens
783 1390 987 1476 baptismalis
1018 1393 1053 1456 in
1086 1391 1238 1457 Ecclesia
1268 1389 1387 1468 aderit,
1418 1389 1578 1478 procedet
1605 1387 1652 1456 ad

428 1497 526 1562 illum
550 1497 749 1564 incedente
779 1498 927 1565 dexteris
959 1499 1180 1575 celebrantis,
1205 1501 1258 1565 cui
1292 1496 1454 1564 fimbriam
1488 1495 1651 1584 pluvialis

429 1605 614 1671 sustinebit.
639 1605 816 1672 Discedens
840 1627 884 1672 ex
907 1606 1018 1672 Alteri
1042 1605 1309 1692 genuflexionem
1335 1605 1378 1672 ad
1409 1606 1551 1672 Orucem
1581 1601 1653 1670 effl-

429 1717 504 1792 ciet,
540 1716 682 1781 biretum
713 1735 787 1781 cum
819 1715 941 1782 osculis
972 1714 1085 1781 tradet
1120 1713 1321 1792 celebranti,
1355 1733 1481 1799 suoque
1511 1717 1652 1802 recepto

431 1825 598 1909 cooperiet
621 1830 729 1908 caput.

518 1931 593 1996 327.
618 1931 821 2016 Progressus
844 1929 886 1995 ad
909 1930 1035 1996 fontem
1060 1936 1158 1996 extra
1180 1929 1350 1996 cancellos
1374 1933 1474 2015 caput
1499 1927 1652 2006 nudabit,

431 2037 573 2104 biretum
597 2035 708 2103 tradet
732 2037 1008 2117 CaeremoniariO,
1040 2037 1186 2104 alterum
1216 2038 1356 2123 accipiet
1385 2057 1406 2102 a
1435 2034 1651 2114 Celebrante,

431 2143 516 2229 quod
552 2143 656 2210 eidem
687 2144 952 2211 Caeremoniario
986 2147 1203 2223 transmittet,
1229 2151 1329 2230 atque
1352 2145 1386 2209 in
1417 2141 1653 2211 benedictione

431 2252 532 2318 fontis
556 2253 607 2317 illi
630 2253 839 2331 ministrabit,
865 2253 1070 2320 sublevando
1094 2251 1224 2319 scilicet
1250 2254 1322 2318 eius
1355 2249 1514 2338 pluviale,
1548 2271 1653 2336 quum

431 2361 605 2447 oportebit,
630 2361 816 2447 praebendo
839 2363 868 2428 ei
886 2351 1137 2448 'manutergium
1161 2379 1260 2446 quum
1284 2381 1403 2446 aquam
1426 2360 1482 2426 rel
1498 2361 1654 2446 tetigerit

430 2470 484 2534 rel
510 2469 670 2534 diviserit.
695 2469 884 2535 Considebit
906 2490 981 2535 cum
1013 2469 1212 2536 celebrante
1245 2470 1279 2534 in
1310 2487 1454 2546 scamno,
1478 2467 1575 2552 eique
1606 2465 1654 2532 bi·

431 2584 541 2643 retum
564 2575 686 2653 tradet,
709 2597 809 2662 quum
833 2578 975 2664 populus
1006 2597 1092 2662 aqua
1122 2576 1295 2643 benedicta
1328 2582 1537 2662 aspergetur.
1569 2573 1652 2642 Inde

430 2684 472 2749 ad
495 2685 620 2750 iontem
645 2683 774 2762 redibit,
798 2692 833 2751 et
857 2683 1047 2752 celebranti
1064 2685 1230 2771 ampullas
1247 2703 1322 2750 cum
1337 2685 1420 2750 oleis
1436 2683 1562 2750 sanctis
1576 2703 1654 2770 por-

432 2792 527 2876 riget:
552 2782 617 2876 quo
646 2793 746 2870 fecto,
771 2792 811 2858 ad
846 2792 966 2860 Altare
1001 2793 1130 2870 redibit,
1165 2801 1202 2858 ut
1231 2795 1265 2858 in
1295 2811 1433 2858 accessu
1467 2789 1508 2857 ad
1538 2789 1653 2878 bapti-

433 2902 581 2966 sterium.

519 3009 594 3074 328.
618 3008 656 3074 In
680 3008 790 3074 reditu
813 3008 854 3073 ad
878 3008 1007 3084 Altera,
1023 3008 1114 3074 tacta
1130 3006 1171 3073 ad
1188 3008 1329 3074 crucem
1344 3003 1591 3094 genuflexione,
1609 3005 1653 3072 ad

432 3135 601 3181 scamnum
624 3116 732 3192 vadet,
756 3121 902 3181 eruetur
925 3115 1062 3201 planeta
1085 3116 1208 3201 plicata
1230 3121 1265 3180 et
1287 3120 1367 3180 ante
1382 3114 1501 3180 Altare
1517 3112 1652 3180 redibit

522 3225 596 3290 329.
620 3224 654 3290 Si
678 3224 771 3290 fonte
793 3223 980 3308 baptismali
1004 3223 1157 3288 Ecclesia
1180 3223 1316 3300 carebit,
1340 3229 1415 3309 post
1444 3221 1652 3309 prophetias,

433 3336 567 3422 planeta
601 3333 724 3419 plicata
758 3337 792 3397 et
815 3331 984 3417 manipulo
1018 3333 1051 3395 in
1084 3350 1218 3396 scamno
1252 3330 1418 3417 depositis,
1455 3334 1654 3414 revertetur

434 3447 512 3507 ante
536 3442 664 3506 Altare.

522 3549 597 3614 330.
619 3548 694 3624 Quo
717 3567 817 3633 quum
840 3549 981 3624 venerit,
1001 3545 1205 3630 genuflectet
1226 3545 1268 3612 ed
1292 3546 1440 3624 crucem,
1459 3551 1531 3612 tum
1554 3544 1657 3632 odge-

436 3657 639 3724 niculabitur
661 3663 696 3722 et
719 3656 912 3744 procumbet
927 3674 1027 3742 super
1050 3655 1174 3740 gradus
1190 3663 1290 3740 caput
1313 3673 1495 3739 manusque
1522 3671 1655 3741 ponens

436 3770 470 3834 in
492 3767 649 3854 pulvillo.

524 3878 599 3945 331.
624 3876 675 3944 Ad
699 3884 832 3942 cantum
856 3882 888 3951 t.
912 3875 1120 3941 Peccatores
1135 3877 1299 3957 assurget,
1320 3866 1589 3957 genuflexionem
1612 3867 1655 3936 ad

436 3991 577 4057 Crucem
600 3987 747 4060 iterabit,
771 3985 913 4049 biretum
937 3981 1050 4048 tradet.
1074 3981 1275 4056 Celebrant,
1300 3999 1395 4045 suum
1420 3978 1569 4064 accipiet,
1587 3997 1655 4064 quo

437 4103 536 4186 caput
561 4095 688 4182 operiet
711 4111 811 4179 prope
841 4090 965 4157 aditum
997 4090 1207 4175 presbyterii,
1232 4108 1271 4154 ac
1295 4086 1528 4153 celebrantem
1552 4105 1656 4174 prae-

437 4207 557 4273 cedens
581 4205 621 4272 ad
646 4204 829 4272 sacrarium
853 4199 1094 4288 proficiscetur.

524 4317 600 4382 332.
625 4315 753 4381 Stolam
775 4313 958 4377 violaceam
982 4311 1134 4394 deponet
1152 4309 1364 4391 manipulum,
1382 4306 1504 4371 stolam
1528 4312 1562 4371 et
1586 4305 1658 4372 dal·

437 4427 590 4491 maticam
614 4424 681 4490 albi
706 4421 828 4488 coloris
853 4418 968 4484 induet
995 4418 1056 4482 sibi
1081 4424 1115 4481 et
1137 4415 1292 4483 incedens
1316 4420 1395 4482 ante
1418 4414 1656 4481 celebrantem

438 4531 478 4597 ad
502 4533 747 4619 presbyterium
771 4526 900 4595 redibit.
1460 4529 1462 4534 '
1608 4615 1611 4620 .

526 4641 601 4706 333.
625 4641 662 4704 ln
685 4638 776 4705 aditu
792 4641 893 4723 caput
908 4632 1042 4718 deteget
1057 4632 1174 4708 bireto,
1192 4630 1278 4716 quod
1295 4632 1564 4699 caeremoniario
1588 4637 1659 4698 tre-
