4175 5717
521 929 542 991 8
969 939 1034 988 ura.
1061 940 1108 988 111.

433 1059 464 1127 t.
490 1052 586 1119 Sicut
609 1058 685 1118 erat
708 1052 745 1116 ab
764 1050 942 1133 principio
973 1054 1036 1113 etc.
1063 1048 1243 1114 Celebrans
1279 1047 1401 1114 redibit
1431 1047 1472 1114 ad
1504 1045 1627 1113 medium

431 1160 558 1235 altaris,
584 1159 805 1224 reverentiam
828 1157 930 1221 faciet
953 1154 993 1219 ad
1011 1155 1151 1220 Crucem
1167 1155 1324 1220 humeros
1342 1162 1457 1220 vertat
1471 1154 1512 1221 ad
1527 1155 1630 1220 blare

432 1275 466 1334 et
489 1266 645 1332 candelas
668 1264 845 1331 distribuet
868 1262 1115 1339 Sacerdotibus,
1139 1263 1167 1328 si
1189 1262 1343 1341 aderunt,
1367 1263 1489 1329 deinde
1504 1264 1632 1341 clericis

433 1377 582 1441 omnibus
605 1372 790 1460 genuflexis
815 1376 849 1438 in
872 1376 1085 1450 extremitate
1109 1372 1318 1460 suppedanei,
1344 1372 1550 1458 dignioribus
1575 1373 1634 1438 sive

431 1483 673 1568 antiquioribus
706 1502 807 1569 prope
843 1501 949 1547 cornu
988 1480 1169 1567 Epistolae.
1205 1481 1442 1565 Unusquisque
1476 1478 1635 1546 candelam

431 1592 605 1676 accipiens,
622 1590 794 1656 candelam
818 1590 920 1675 ipsam
936 1595 971 1654 et
986 1609 1119 1654 manum
1140 1587 1349 1654 osculabitur
1366 1587 1577 1654 Celebrantis
1590 1587 1637 1672 qui

431 1698 587 1763 candelas
610 1696 809 1763 distribuere
832 1697 966 1762 clericis
988 1697 1123 1783 incipiet
1146 1715 1189 1761 ex
1212 1696 1320 1761 latere
1344 1694 1533 1781 Epistolae.

519 1804 571 1870 49.
596 1803 768 1870 Secundus
790 1823 831 1869 ac
853 1805 974 1868 tertius
996 1803 1141 1868 clericus
1164 1800 1337 1867 candelam
1361 1809 1537 1889 acceptam
1566 1821 1639 1868 eom

431 1914 564 1978 mittent
588 1913 702 1998 primo,
726 1912 781 1995 qui
806 1911 905 1976 simul
929 1930 1004 1976 cum
1027 1930 1089 1975 sua
1111 1909 1189 1975 illas
1212 1916 1314 1995 ponet
1336 1910 1370 1974 in
1393 1909 1513 1975 abaco.

517 2021 571 2086 50.
596 2020 747 2086 Clericus
770 2021 895 2107 primus
918 2024 1027 2084 sumet
1050 2018 1207 2084 candelas
1238 2017 1361 2105 populo
1389 2017 1639 2095 distribuendus

430 2127 595 2192 secundus
618 2133 729 2192 autem
753 2146 793 2191 ac
815 2127 936 2191 tertius
959 2125 1096 2192 coibunt
1119 2146 1138 2190 a
1161 2127 1324 2192 lateribus
1349 2125 1574 2203 Celebrantis,
1597 2127 1639 2192 cui

430 2234 574 2300 fimbrias
597 2234 754 2321 pluvialis
778 2233 1012 2299 sublevabunt.

518 2340 571 2405 51.
596 2341 776 2407 Celebrans
800 2360 875 2405 cum
899 2340 1031 2406 clericis
1056 2340 1096 2405 de
1120 2340 1230 2405 Altari
1254 2339 1472 2420 descendent,
1499 2361 1642 2409 reveren-

429 2450 508 2513 tiam
532 2447 588 2512 vel
611 2445 875 2533 genuflexionem
899 2449 1085 2533 respective
1108 2447 1236 2513 facient
1257 2446 1299 2513 ad
1323 2448 1469 2514 Crucem
1495 2457 1531 2516 et
1558 2449 1641 2516 deve·

430 2557 522 2620 nient
545 2555 587 2620 ad
610 2555 828 2621 balaustrium
853 2575 912 2621 seu
935 2555 1107 2621 cancellos
1129 2575 1150 2620 a
1173 2555 1280 2621 latere
1304 2555 1491 2641 Epistolae,
1517 2557 1572 2624 ubi
1595 2557 1642 2624 Ce·

429 2663 564 2730 lebrans
580 2665 685 2748 primo
701 2664 790 2739 viris,
808 2662 925 2727 deiude
942 2662 1095 2727 foeminis
1110 2660 1311 2728 distribuere
1327 2663 1490 2730 candelas
1508 2666 1641 2752 incipiat

430 2769 561 2835 Primus
586 2770 729 2835 clericus
753 2768 910 2834 candelas
940 2765 1057 2835 offeret
1089 2771 1201 2846 tertio,
1237 2771 1292 2854 qui
1322 2770 1438 2836 tradet
1468 2792 1527 2837 eas
1562 2771 1642 2840 Cale

430 2876 550 2953 brenti,
575 2876 651 2942 dum
676 2879 804 2941 interea
828 2875 993 2941 secundus
1017 2874 1179 2941 fimbriam
1203 2875 1377 2941 dexteram
1402 2878 1566 2963 pluvialis
1580 2881 1640 2945 eius

401 3024 402 3028 =
430 2985 616 3050 sustinebit.

516 3092 568 3155 52.
595 3092 765 3177 Completa
787 3092 1030 3167 distributione,
1058 3092 1239 3157 Celebrans
1262 3111 1337 3157 cum
1369 3093 1508 3159 clericis
1541 3097 1640 3160 veniet

429 3201 460 3262 in
485 3199 618 3284 planum
643 3219 662 3263 a
685 3200 793 3264 latere
817 3200 988 3285 Epistolae
1011 3208 1046 3263 et
1069 3220 1171 3285 prope
1194 3200 1332 3264 abacum
1358 3200 1489 3267 lavabit
1524 3223 1638 3267 manus.

426 3306 558 3370 Primus
593 3307 737 3371 clericus
768 3309 935 3371 sustinens
972 3327 1110 3372 urceum
1135 3313 1170 3372 et
1193 3307 1314 3392 pelvim
1346 3304 1498 3374 effundet
1532 3329 1638 3395 aquam

427 3434 528 3498 super
552 3433 667 3478 manus
692 3416 762 3479 eius
787 3422 820 3479 et
845 3415 964 3498 reliqui
988 3415 1053 3480 duo
1077 3422 1255 3480 extensum
1280 3421 1358 3479 ante
1383 3416 1493 3500 ipsum
1511 3420 1640 3483 sustine

428 3520 511 3585 bunt
534 3524 789 3607 manutergium,
814 3543 930 3609 nempe
955 3524 1120 3588 secundus
1144 3524 1288 3588 clericus
1312 3523 1454 3589 dextera
1472 3527 1639 3592 sustinebit

427 3632 680 3714 manutergium,
706 3632 842 3695 sinistra
866 3630 1055 3696 sublevabit
1078 3630 1239 3696 fimbriam
1270 3630 1444 3696 dexteram
1479 3634 1639 3720 pluvialis

427 3738 546 3800 tertius
569 3739 705 3802 sinistra
727 3740 982 3822 manutergium,
1008 3737 1149 3803 dextera
1173 3737 1333 3803 fimbriam
1361 3741 1537 3807 sinistram
1571 3741 1640 3828 plu·

429 3843 524 3905 vialis
549 3845 733 3908 sustinebit.
761 3848 793 3908 Si
818 3847 880 3909 hoc
904 3866 1032 3929 quoque
1058 3866 1138 3931 opus
1163 3847 1276 3917 fuerit,
1301 3847 1470 3914 secundus
1506 3851 1640 3916 clericus

428 3953 573 4036 porriget
599 3954 628 4016 ei
654 3952 853 4036 pelviculam
878 3974 952 4018 cum
976 3953 1124 4036 medulla
1147 3956 1240 4039 panis
1266 3962 1303 4019 ut
1326 3976 1444 4021 manus
1482 3965 1640 4044 extergat.

515 4058 567 4123 53.
592 4059 673 4124 Post
696 4060 778 4124 haec
795 4060 909 4125 clerici
926 4060 966 4125 ad
983 4061 1122 4126 abacum
1138 4062 1290 4126 referent
1306 4082 1445 4128 urceum
1464 4086 1544 4131 cum
1560 4067 1641 4155 pelvi

426 4173 461 4230 et
485 4168 703 4250 manutergio.

512 4272 565 4336 54.
592 4272 771 4338 Celebrans
795 4274 920 4340 medius
944 4278 1033 4340 inter
1056 4277 1237 4343 secundum
1262 4301 1301 4344 ac
1324 4283 1467 4347 tertium
1487 4284 1639 4351 clericum

425 4379 546 4445 redibit
569 4400 628 4465 per
652 4381 741 4445 latus
765 4381 806 4446 ad
829 4383 949 4447 ditare

513 4487 566 4552 55.
593 4488 743 4553 Clericus
767 4492 891 4574 primus
916 4492 1074 4558 subsistet
1096 4493 1181 4580 apud
1206 4495 1354 4564 abacum.

513 4596 567 4661 56.
593 4597 774 4663 Celebrans
800 4601 833 4662 in
858 4620 961 4664 cornu
986 4603 1156 4687 Epistolae
1180 4608 1341 4674 accedens
1364 4610 1409 4675 ad
1432 4612 1581 4693 Missam,
1596 4635 1640 4681 19

427 4703 541 4767 citabit
565 4725 639 4768 cum
663 4706 793 4771 clericis
810 4707 900 4772 elata
917 4729 997 4774 voce
1014 4713 1227 4797 antiphonam
1244 4697 1398 4803 Excerpe
1416 4720 1567 4792 Domine
1581 4730 1634 4789 etc.

515 4811 567 4875 57.
593 4814 712 4880 Postea
737 4817 890 4881 recitabit
917 4816 1122 4885 0191111191
1146 4825 1328 4889 orationem
1353 4826 1510 4900 Ematedi
1538 4853 1636 4918 qaue·
