<?xml version="1.0" encoding="UTF-8"?>
<!DOCTYPE html PUBLIC "-//W3C//DTD XHTML 1.0 Transitional//EN"
    "http://www.w3.org/TR/xhtml1/DTD/xhtml1-transitional.dtd">
<html xmlns="http://www.w3.org/1999/xhtml" xml:lang="en" lang="en">
 <head>
  <title>
</title>
<meta http-equiv="Content-Type" content="text/html;charset=utf-8" />
  <meta name='ocr-system' content='tesseract 3.04.00' />
  <meta name='ocr-capabilities' content='ocr_page ocr_carea ocr_par ocr_line ocrx_word'/>
</head>
<body>
  <div class='ocr_page' id='page_1' title='image "./manualesacrarum00martgoog_0238.png"; bbox 0 0 4175 5717; ppageno 0'>
   <div class='ocr_carea' id='block_1_1' title="bbox 520 699 1100 768">
    <p class='ocr_par' dir='ltr' id='par_1_1' title="bbox 520 699 1100 768">
     <span class='ocr_line' id='line_1_1' title="bbox 520 699 1100 768; baseline 0 -4"><span class='ocrx_word' id='word_1_1' title='bbox 520 699 585 764; x_wconf 87' lang='grc'>216</span> <span class='ocrx_word' id='word_1_2' title='bbox 989 721 1054 766; x_wconf 71' lang='lat' dir='ltr'>uua</span> <span class='ocrx_word' id='word_1_3' title='bbox 1080 721 1100 768; x_wconf 90' lang='lat'>1.</span> 
     </span>
    </p>
   </div>
   <div class='ocr_carea' id='block_1_2' title="bbox 431 803 1662 4672">
    <p class='ocr_par' dir='ltr' id='par_1_2' title="bbox 433 803 1660 1438">
     <span class='ocr_line' id='line_1_2' title="bbox 520 803 1659 913; baseline 0 -23"><span class='ocrx_word' id='word_1_4' title='bbox 520 824 595 890; x_wconf 87' lang='grc'><strong>293.</strong></span> <span class='ocrx_word' id='word_1_5' title='bbox 620 823 765 890; x_wconf 76' lang='lat' dir='ltr'>Calicem</span> <span class='ocrx_word' id='word_1_6' title='bbox 787 826 822 890; x_wconf 91' lang='lat' dir='ltr'>iu</span> <span class='ocrx_word' id='word_1_7' title='bbox 844 824 950 891; x_wconf 90' lang='lat' dir='ltr'>medio</span> <span class='ocrx_word' id='word_1_8' title='bbox 973 826 1084 892; x_wconf 80' lang='lat' dir='ltr'>Alteri</span> <span class='ocrx_word' id='word_1_9' title='bbox 1107 846 1208 913; x_wconf 89' lang='lat' dir='ltr'>super</span> <span class='ocrx_word' id='word_1_10' title='bbox 1231 803 1406 912; x_wconf 81' lang='lat' dir='ltr'>corporale</span> <span class='ocrx_word' id='word_1_11' title='bbox 1423 829 1533 912; x_wconf 89' lang='lat' dir='ltr'>ponet,</span> <span class='ocrx_word' id='word_1_12' title='bbox 1550 841 1659 910; x_wconf 73' lang='lat' dir='ltr'>genn·</span> 
     </span>
     <span class='ocr_line' id='line_1_3' title="bbox 433 930 1658 1020; baseline 0 -22"><span class='ocrx_word' id='word_1_13' title='bbox 433 931 554 1006; x_wconf 87' lang='lat' dir='ltr'>flectet,</span> <span class='ocrx_word' id='word_1_14' title='bbox 578 930 731 1017; x_wconf 80' lang='lat' dir='ltr'>expediet</span> <span class='ocrx_word' id='word_1_15' title='bbox 753 939 785 998; x_wconf 89' lang='lat' dir='ltr'>et</span> <span class='ocrx_word' id='word_1_16' title='bbox 811 932 965 998; x_wconf 86' lang='lat' dir='ltr'>detrahet</span> <span class='ocrx_word' id='word_1_17' title='bbox 988 935 1142 1012; x_wconf 87' lang='lat' dir='ltr'>taeniam,</span> <span class='ocrx_word' id='word_1_18' title='bbox 1167 953 1231 1018; x_wconf 88' lang='lat' dir='ltr'>qua</span> <span class='ocrx_word' id='word_1_19' title='bbox 1255 933 1397 1018; x_wconf 82' lang='lat' dir='ltr'>ligatum</span> <span class='ocrx_word' id='word_1_20' title='bbox 1421 933 1489 998; x_wconf 88' lang='lat' dir='ltr'>erit</span> <span class='ocrx_word' id='word_1_21' title='bbox 1511 949 1658 1020; x_wconf 76' lang='lat' dir='ltr'>parvm</span> 
     </span>
     <span class='ocr_line' id='line_1_4' title="bbox 433 1038 1657 1127; baseline 0 -23"><span class='ocrx_word' id='word_1_22' title='bbox 433 1041 545 1105; x_wconf 82' lang='lat' dir='ltr'>velum</span> <span class='ocrx_word' id='word_1_23' title='bbox 569 1039 656 1124; x_wconf 89' lang='lat' dir='ltr'>qnod</span> <span class='ocrx_word' id='word_1_24' title='bbox 679 1045 770 1124; x_wconf 82' lang='lat' dir='ltr'>teget</span> <span class='ocrx_word' id='word_1_25' title='bbox 793 1039 940 1106; x_wconf 83' lang='lat' dir='ltr'>Calicem</span> <span class='ocrx_word' id='word_1_26' title='bbox 970 1047 1005 1105; x_wconf 91' lang='lat' dir='ltr'>et</span> <span class='ocrx_word' id='word_1_27' title='bbox 1035 1041 1148 1106; x_wconf 88' lang='lat' dir='ltr'>velum</span> <span class='ocrx_word' id='word_1_28' title='bbox 1184 1043 1289 1127; x_wconf 88' lang='lat' dir='ltr'>ipsum</span> <span class='ocrx_word' id='word_1_29' title='bbox 1323 1038 1494 1118; x_wconf 78' lang='lat' dir='ltr'>extendet,</span> <span class='ocrx_word' id='word_1_30' title='bbox 1528 1055 1657 1106; x_wconf 82' lang='lat' dir='ltr'>cavens</span> 
     </span>
     <span class='ocr_line' id='line_1_5' title="bbox 433 1146 1660 1232; baseline -0.002 -19"><span class='ocrx_word' id='word_1_31' title='bbox 433 1152 544 1213; x_wconf 89' lang='lat' dir='ltr'>tamen</span> <span class='ocrx_word' id='word_1_32' title='bbox 569 1167 610 1212; x_wconf 91' lang='lat' dir='ltr'>ue</span> <span class='ocrx_word' id='word_1_33' title='bbox 633 1152 808 1212; x_wconf 84' lang='lat' dir='ltr'>moveatur</span> <span class='ocrx_word' id='word_1_34' title='bbox 830 1155 961 1232; x_wconf 89' lang='lat' dir='ltr'>patena,</span> <span class='ocrx_word' id='word_1_35' title='bbox 986 1169 1051 1212; x_wconf 93' lang='lat' dir='ltr'>ueu</span> <span class='ocrx_word' id='word_1_36' title='bbox 1088 1149 1183 1214; x_wconf 81' lang='lat' dir='ltr'>Galix</span> <span class='ocrx_word' id='word_1_37' title='bbox 1212 1147 1400 1232; x_wconf 83' lang='lat' dir='ltr'>detegatur.</span> <span class='ocrx_word' id='word_1_38' title='bbox 1431 1146 1518 1212; x_wconf 89' lang='lat' dir='ltr'>Hinc</span> <span class='ocrx_word' id='word_1_39' title='bbox 1552 1161 1660 1232; x_wconf 72' lang='lat' dir='ltr'>genu·</span> 
     </span>
     <span class='ocr_line' id='line_1_6' title="bbox 434 1250 1660 1341; baseline 0.002 -25"><span class='ocrx_word' id='word_1_40' title='bbox 434 1250 611 1318; x_wconf 85' lang='lat' dir='ltr'>flexionem</span> <span class='ocrx_word' id='word_1_41' title='bbox 634 1253 784 1338; x_wconf 89' lang='lat' dir='ltr'>paullum</span> <span class='ocrx_word' id='word_1_42' title='bbox 806 1275 826 1318; x_wconf 93' lang='lat' dir='ltr'>a</span> <span class='ocrx_word' id='word_1_43' title='bbox 849 1255 957 1319; x_wconf 87' lang='lat' dir='ltr'>latere</span> <span class='ocrx_word' id='word_1_44' title='bbox 980 1253 1110 1330; x_wconf 84' lang='lat' dir='ltr'>efficiet,</span> <span class='ocrx_word' id='word_1_45' title='bbox 1136 1275 1177 1320; x_wconf 94' lang='lat' dir='ltr'>ue</span> <span class='ocrx_word' id='word_1_46' title='bbox 1201 1261 1333 1341; x_wconf 81' lang='lat' dir='ltr'>tergum</span> <span class='ocrx_word' id='word_1_47' title='bbox 1357 1253 1552 1320; x_wconf 80' lang='lat' dir='ltr'>Celebranti</span> <span class='ocrx_word' id='word_1_48' title='bbox 1581 1269 1660 1318; x_wconf 75' lang='lat' dir='ltr'>ver·</span> 
     </span>
     <span class='ocr_line' id='line_1_7' title="bbox 433 1355 1634 1438; baseline 0.002 -14"><span class='ocrx_word' id='word_1_49' title='bbox 433 1365 493 1438; x_wconf 92' lang='lat' dir='ltr'>tat,</span> <span class='ocrx_word' id='word_1_50' title='bbox 518 1359 558 1425; x_wconf 94' lang='lat' dir='ltr'>de</span> <span class='ocrx_word' id='word_1_51' title='bbox 582 1359 693 1424; x_wconf 87' lang='lat' dir='ltr'>Altari</span> <span class='ocrx_word' id='word_1_52' title='bbox 715 1361 836 1425; x_wconf 90' lang='lat' dir='ltr'>iterum</span> <span class='ocrx_word' id='word_1_53' title='bbox 860 1360 1040 1427; x_wconf 89' lang='lat' dir='ltr'>descendet.</span> <span class='ocrx_word' id='word_1_54' title='bbox 1063 1369 1097 1428; x_wconf 90' lang='lat' dir='ltr'>et</span> <span class='ocrx_word' id='word_1_55' title='bbox 1119 1362 1160 1427; x_wconf 92' lang='lat' dir='ltr'>ad</span> <span class='ocrx_word' id='word_1_56' title='bbox 1185 1362 1357 1428; x_wconf 88' lang='lat' dir='ltr'>dexteram</span> <span class='ocrx_word' id='word_1_57' title='bbox 1383 1362 1476 1427; x_wconf 91' lang='lat' dir='ltr'>illius</span> <span class='ocrx_word' id='word_1_58' title='bbox 1499 1355 1634 1426; x_wconf 74' lang='lat' dir='ltr'>redibit</span> 
     </span>
    </p>

    <p class='ocr_par' dir='ltr' id='par_1_3' title="bbox 434 1463 1658 1769">
     <span class='ocr_line' id='line_1_8' title="bbox 521 1463 1658 1555; baseline -0.002 -23"><span class='ocrx_word' id='word_1_59' title='bbox 521 1467 598 1532; x_wconf 84' lang='grc'><strong>294.</strong></span> <span class='ocrx_word' id='word_1_60' title='bbox 622 1467 796 1534; x_wconf 75' lang='lat' dir='ltr'>lucensem</span> <span class='ocrx_word' id='word_1_61' title='bbox 818 1469 850 1534; x_wconf 87' lang='lat' dir='ltr'>ei</span> <span class='ocrx_word' id='word_1_62' title='bbox 873 1469 1080 1546; x_wconf 71' lang='lat' dir='ltr'><strong>ministrabit,</strong></span> <span class='ocrx_word' id='word_1_63' title='bbox 1105 1489 1214 1555; x_wconf 84' lang='lat' dir='ltr'>genua</span> <span class='ocrx_word' id='word_1_64' title='bbox 1237 1469 1418 1544; x_wconf 88' lang='lat' dir='ltr'>submittet,</span> <span class='ocrx_word' id='word_1_65' title='bbox 1443 1463 1658 1533; x_wconf 84' lang='lat' dir='ltr'>thuribulum</span> 
     </span>
     <span class='ocr_line' id='line_1_9' title="bbox 434 1573 1657 1663; baseline 0 -24"><span class='ocrx_word' id='word_1_66' title='bbox 434 1577 464 1640; x_wconf 91' lang='lat' dir='ltr'>ei</span> <span class='ocrx_word' id='word_1_67' title='bbox 487 1573 607 1651; x_wconf 87' lang='lat' dir='ltr'>tradet,</span> <span class='ocrx_word' id='word_1_68' title='bbox 632 1576 666 1638; x_wconf 94' lang='lat' dir='ltr'>iu</span> <span class='ocrx_word' id='word_1_69' title='bbox 688 1573 935 1642; x_wconf 84' lang='lat' dir='ltr'>thurificatione</span> <span class='ocrx_word' id='word_1_70' title='bbox 958 1583 1086 1663; x_wconf 89' lang='lat' dir='ltr'>partem</span> <span class='ocrx_word' id='word_1_71' title='bbox 1110 1579 1328 1663; x_wconf 80' lang='lat' dir='ltr'>posteriorem</span> <span class='ocrx_word' id='word_1_72' title='bbox 1351 1577 1506 1662; x_wconf 83' lang='lat' dir='ltr'>planetae</span> <span class='ocrx_word' id='word_1_73' title='bbox 1522 1573 1585 1662; x_wconf 87' lang='lat' dir='ltr'>ipsi</span> <span class='ocrx_word' id='word_1_74' title='bbox 1598 1589 1657 1640; x_wconf 78' lang='lat' dir='ltr'>sn·</span> 
     </span>
     <span class='ocr_line' id='line_1_10' title="bbox 434 1681 1574 1769; baseline 0 -23"><span class='ocrx_word' id='word_1_75' title='bbox 434 1681 560 1758; x_wconf 83' lang='lat' dir='ltr'>stellet,</span> <span class='ocrx_word' id='word_1_76' title='bbox 584 1689 820 1769; x_wconf 88' lang='lat' dir='ltr'>receptumque</span> <span class='ocrx_word' id='word_1_77' title='bbox 842 1682 883 1748; x_wconf 92' lang='lat' dir='ltr'>ab</span> <span class='ocrx_word' id='word_1_78' title='bbox 906 1695 946 1750; x_wconf 83' lang='lat' dir='ltr'>eo</span> <span class='ocrx_word' id='word_1_79' title='bbox 970 1685 1180 1750; x_wconf 87' lang='lat' dir='ltr'>thuribulum</span> <span class='ocrx_word' id='word_1_80' title='bbox 1204 1683 1321 1752; x_wconf 87' lang='lat' dir='ltr'>reddet</span> <span class='ocrx_word' id='word_1_81' title='bbox 1344 1681 1574 1749; x_wconf 79' lang='lat' dir='ltr'>thuriferario.</span> 
     </span>
    </p>

    <p class='ocr_par' dir='ltr' id='par_1_4' title="bbox 433 1787 1661 2603">
     <span class='ocr_line' id='line_1_11' title="bbox 521 1787 1659 1874; baseline 0.004 -20"><span class='ocrx_word' id='word_1_82' title='bbox 521 1788 597 1854; x_wconf 91' lang='grc'><strong>295.</strong></span> <span class='ocrx_word' id='word_1_83' title='bbox 621 1787 874 1874; x_wconf 87' lang='lat' dir='ltr'>Suppedaueum</span> <span class='ocrx_word' id='word_1_84' title='bbox 897 1811 973 1857; x_wconf 91' lang='lat' dir='ltr'>cum</span> <span class='ocrx_word' id='word_1_85' title='bbox 997 1791 1198 1857; x_wconf 83' lang='lat' dir='ltr'>Celebraute</span> <span class='ocrx_word' id='word_1_86' title='bbox 1220 1791 1432 1868; x_wconf 84' lang='lat' dir='ltr'>conscendet,</span> <span class='ocrx_word' id='word_1_87' title='bbox 1463 1787 1601 1856; x_wconf 83' lang='lat' dir='ltr'>adstans</span> <span class='ocrx_word' id='word_1_88' title='bbox 1626 1789 1659 1858; x_wconf 83' lang='lat' dir='ltr'>ai</span> 
     </span>
     <span class='ocr_line' id='line_1_12' title="bbox 434 1894 1659 1982; baseline 0.004 -22"><span class='ocrx_word' id='word_1_89' title='bbox 434 1894 656 1970; x_wconf 81' lang='lat' dir='ltr'>dextrorsum,</span> <span class='ocrx_word' id='word_1_90' title='bbox 681 1894 893 1982; x_wconf 84' lang='lat' dir='ltr'>genuflectet,</span> <span class='ocrx_word' id='word_1_91' title='bbox 920 1899 1034 1964; x_wconf 88' lang='lat' dir='ltr'>velum</span> <span class='ocrx_word' id='word_1_92' title='bbox 1063 1919 1084 1964; x_wconf 90' lang='lat' dir='ltr'>a</span> <span class='ocrx_word' id='word_1_93' title='bbox 1115 1898 1227 1966; x_wconf 81' lang='lat' dir='ltr'>(talice</span> <span class='ocrx_word' id='word_1_94' title='bbox 1261 1897 1427 1965; x_wconf 85' lang='lat' dir='ltr'>amovebit</span> <span class='ocrx_word' id='word_1_95' title='bbox 1460 1915 1585 1964; x_wconf 77' lang='lat' dir='ltr'>curans</span> <span class='ocrx_word' id='word_1_96' title='bbox 1612 1913 1659 1964; x_wconf 77' lang='lat' dir='ltr'>ne</span> 
     </span>
     <span class='ocr_line' id='line_1_13' title="bbox 434 2003 1661 2092; baseline 0.005 -26"><span class='ocrx_word' id='word_1_97' title='bbox 434 2007 555 2088; x_wconf 88' lang='lat' dir='ltr'>patena</span> <span class='ocrx_word' id='word_1_98' title='bbox 577 2009 760 2080; x_wconf 88' lang='lat' dir='ltr'>moveatur,</span> <span class='ocrx_word' id='word_1_99' title='bbox 785 2005 873 2070; x_wconf 88' lang='lat' dir='ltr'>hanc</span> <span class='ocrx_word' id='word_1_100' title='bbox 894 2005 1036 2072; x_wconf 86' lang='lat' dir='ltr'>dextera</span> <span class='ocrx_word' id='word_1_101' title='bbox 1058 2008 1199 2092; x_wconf 86' lang='lat' dir='ltr'>accipiet</span> <span class='ocrx_word' id='word_1_102' title='bbox 1223 2013 1257 2073; x_wconf 90' lang='lat' dir='ltr'>et</span> <span class='ocrx_word' id='word_1_103' title='bbox 1280 2025 1475 2072; x_wconf 87' lang='lat' dir='ltr'>conversam</span> <span class='ocrx_word' id='word_1_104' title='bbox 1506 2003 1550 2070; x_wconf 85' lang='lat' dir='ltr'>ad</span> <span class='ocrx_word' id='word_1_105' title='bbox 1579 2003 1661 2072; x_wconf 82' lang='lat' dir='ltr'>sini-</span> 
     </span>
     <span class='ocr_line' id='line_1_14' title="bbox 433 2109 1660 2200; baseline 0.003 -28"><span class='ocrx_word' id='word_1_106' title='bbox 433 2113 537 2172; x_wconf 87' lang='lat' dir='ltr'>stram</span> <span class='ocrx_word' id='word_1_107' title='bbox 562 2109 754 2186; x_wconf 64' lang='lat' dir='ltr'>transferet</span> <span class='ocrx_word' id='word_1_108' title='bbox 779 2110 919 2177; x_wconf 86' lang='lat' dir='ltr'>dextera</span> <span class='ocrx_word' id='word_1_109' title='bbox 942 2121 1053 2178; x_wconf 86' lang='lat' dir='ltr'>antem</span> <span class='ocrx_word' id='word_1_110' title='bbox 1078 2114 1178 2180; x_wconf 90' lang='lat' dir='ltr'>tollet</span> <span class='ocrx_word' id='word_1_111' title='bbox 1201 2113 1326 2200; x_wconf 88' lang='lat' dir='ltr'>pallaiu</span> <span class='ocrx_word' id='word_1_112' title='bbox 1350 2133 1447 2198; x_wconf 90' lang='lat' dir='ltr'>qnam</span> <span class='ocrx_word' id='word_1_113' title='bbox 1471 2130 1574 2198; x_wconf 87' lang='lat' dir='ltr'>super</span> <span class='ocrx_word' id='word_1_114' title='bbox 1597 2109 1660 2176; x_wconf 84' lang='lat' dir='ltr'>Al·</span> 
     </span>
     <span class='ocr_line' id='line_1_15' title="bbox 433 2219 1660 2306; baseline 0.005 -28"><span class='ocrx_word' id='word_1_115' title='bbox 433 2221 508 2279; x_wconf 91' lang='lat' dir='ltr'>tare</span> <span class='ocrx_word' id='word_1_116' title='bbox 530 2222 640 2300; x_wconf 89' lang='lat' dir='ltr'>ponet,</span> <span class='ocrx_word' id='word_1_117' title='bbox 663 2237 703 2282; x_wconf 91' lang='lat' dir='ltr'>ac</span> <span class='ocrx_word' id='word_1_118' title='bbox 726 2225 880 2302; x_wconf 84' lang='lat' dir='ltr'>patenam</span> <span class='ocrx_word' id='word_1_119' title='bbox 903 2219 1043 2284; x_wconf 81' lang='lat' dir='ltr'>dextera</span> <span class='ocrx_word' id='word_1_120' title='bbox 1068 2228 1234 2306; x_wconf 86' lang='lat' dir='ltr'>receptam</span> <span class='ocrx_word' id='word_1_121' title='bbox 1250 2227 1327 2286; x_wconf 90' lang='lat' dir='ltr'>aute</span> <span class='ocrx_word' id='word_1_122' title='bbox 1346 2219 1579 2288; x_wconf 68' lang='lat' dir='ltr'>(solatiantem</span> <span class='ocrx_word' id='word_1_123' title='bbox 1595 2237 1660 2284; x_wconf 86' lang='lat' dir='ltr'>su-</span> 
     </span>
     <span class='ocr_line' id='line_1_16' title="bbox 433 2322 1661 2424; baseline 0.005 -38"><span class='ocrx_word' id='word_1_124' title='bbox 433 2322 579 2394; x_wconf 85' lang='lat' dir='ltr'>stinebit,</span> <span class='ocrx_word' id='word_1_125' title='bbox 604 2325 668 2406; x_wconf 89' lang='lat' dir='ltr'>qui,</span> <span class='ocrx_word' id='word_1_126' title='bbox 693 2324 798 2390; x_wconf 87' lang='lat' dir='ltr'>calice</span> <span class='ocrx_word' id='word_1_127' title='bbox 821 2335 962 2424; x_wconf 85' lang='lat' dir='ltr'>sumpto,</span> <span class='ocrx_word' id='word_1_128' title='bbox 987 2327 1239 2392; x_wconf 86' lang='lat' dir='ltr'>Sacramentum</span> <span class='ocrx_word' id='word_1_129' title='bbox 1264 2347 1364 2413; x_wconf 92' lang='lat' dir='ltr'>super</span> <span class='ocrx_word' id='word_1_130' title='bbox 1387 2331 1541 2413; x_wconf 88' lang='lat' dir='ltr'>patenam</span> <span class='ocrx_word' id='word_1_131' title='bbox 1565 2329 1661 2392; x_wconf 79' lang='lat' dir='ltr'>tran-</span> 
     </span>
     <span class='ocr_line' id='line_1_17' title="bbox 434 2429 1659 2520; baseline 0.005 -28"><span class='ocrx_word' id='word_1_132' title='bbox 434 2430 571 2494; x_wconf 88' lang='lat' dir='ltr'>smittet.</span> <span class='ocrx_word' id='word_1_133' title='bbox 595 2429 759 2496; x_wconf 86' lang='lat' dir='ltr'>Diaconos</span> <span class='ocrx_word' id='word_1_134' title='bbox 782 2431 857 2498; x_wconf 91' lang='lat' dir='ltr'>iude</span> <span class='ocrx_word' id='word_1_135' title='bbox 881 2441 1034 2520; x_wconf 86' lang='lat' dir='ltr'>patenam</span> <span class='ocrx_word' id='word_1_136' title='bbox 1052 2455 1126 2501; x_wconf 87' lang='lat' dir='ltr'>curn</span> <span class='ocrx_word' id='word_1_137' title='bbox 1144 2435 1359 2500; x_wconf 88' lang='lat' dir='ltr'>Sacramento</span> <span class='ocrx_word' id='word_1_138' title='bbox 1376 2431 1569 2502; x_wconf 78' lang='lat' dir='ltr'>celebranti</span> <span class='ocrx_word' id='word_1_139' title='bbox 1584 2431 1659 2498; x_wconf 85' lang='lat' dir='ltr'>sine</span> 
     </span>
     <span class='ocr_line' id='line_1_18' title="bbox 434 2535 704 2603; baseline 0.011 -4"><span class='ocrx_word' id='word_1_140' title='bbox 434 2535 560 2600; x_wconf 90' lang='lat' dir='ltr'>osculis</span> <span class='ocrx_word' id='word_1_141' title='bbox 582 2537 704 2603; x_wconf 91' lang='lat' dir='ltr'>tradet.</span> 
     </span>
    </p>

    <p class='ocr_par' dir='ltr' id='par_1_5' title="bbox 433 2643 1661 3264">
     <span class='ocr_line' id='line_1_19' title="bbox 521 2643 1659 2735; baseline 0.003 -26"><span class='ocrx_word' id='word_1_142' title='bbox 521 2643 596 2709; x_wconf 87' lang='grc'><strong>296.</strong></span> <span class='ocrx_word' id='word_1_143' title='bbox 622 2644 767 2712; x_wconf 81' lang='lat' dir='ltr'>Calicem</span> <span class='ocrx_word' id='word_1_144' title='bbox 790 2646 887 2713; x_wconf 82' lang='lat' dir='ltr'>laeva</span> <span class='ocrx_word' id='word_1_145' title='bbox 903 2654 1021 2727; x_wconf 92' lang='lat' dir='ltr'>sumet,</span> <span class='ocrx_word' id='word_1_146' title='bbox 1038 2657 1073 2714; x_wconf 92' lang='lat' dir='ltr'>et</span> <span class='ocrx_word' id='word_1_147' title='bbox 1096 2650 1175 2733; x_wconf 88' lang='lat' dir='ltr'>quin</span> <span class='ocrx_word' id='word_1_148' title='bbox 1191 2649 1365 2735; x_wconf 81' lang='lat' dir='ltr'>abstergat</span> <span class='ocrx_word' id='word_1_149' title='bbox 1380 2668 1419 2714; x_wconf 88' lang='lat' dir='ltr'>ac</span> <span class='ocrx_word' id='word_1_150' title='bbox 1435 2653 1539 2734; x_wconf 89' lang='lat' dir='ltr'>ponat</span> <span class='ocrx_word' id='word_1_151' title='bbox 1555 2665 1659 2734; x_wconf 89' lang='lat' dir='ltr'>snper</span> 
     </span>
     <span class='ocr_line' id='line_1_20' title="bbox 434 2748 1660 2842; baseline 0.005 -28"><span class='ocrx_word' id='word_1_152' title='bbox 434 2748 563 2826; x_wconf 82' lang='lat' dir='ltr'>Altera,</span> <span class='ocrx_word' id='word_1_153' title='bbox 588 2753 702 2818; x_wconf 84' lang='lat' dir='ltr'>viuum</span> <span class='ocrx_word' id='word_1_154' title='bbox 718 2754 787 2839; x_wconf 91' lang='lat' dir='ltr'>ipse</span> <span class='ocrx_word' id='word_1_155' title='bbox 811 2754 975 2835; x_wconf 85' lang='lat' dir='ltr'>infundet,</span> <span class='ocrx_word' id='word_1_156' title='bbox 1000 2755 1208 2826; x_wconf 86' lang='lat' dir='ltr'>Subdiacouo</span> <span class='ocrx_word' id='word_1_157' title='bbox 1231 2763 1343 2823; x_wconf 85' lang='lat' dir='ltr'>autern</span> <span class='ocrx_word' id='word_1_158' title='bbox 1367 2755 1539 2842; x_wconf 87' lang='lat' dir='ltr'>praebebit</span> <span class='ocrx_word' id='word_1_159' title='bbox 1555 2761 1594 2822; x_wconf 84' lang='lat' dir='ltr'>ut</span> <span class='ocrx_word' id='word_1_160' title='bbox 1610 2755 1660 2820; x_wconf 92' lang='lat' dir='ltr'>in-</span> 
     </span>
     <span class='ocr_line' id='line_1_21' title="bbox 433 2855 1661 2951; baseline 0.008 -31"><span class='ocrx_word' id='word_1_161' title='bbox 433 2855 553 2924; x_wconf 88' lang='lat' dir='ltr'>fundat</span> <span class='ocrx_word' id='word_1_162' title='bbox 574 2877 702 2943; x_wconf 89' lang='lat' dir='ltr'>aquam.</span> <span class='ocrx_word' id='word_1_163' title='bbox 727 2861 816 2936; x_wconf 82' lang='lat' dir='ltr'>Quin</span> <span class='ocrx_word' id='word_1_164' title='bbox 839 2863 1010 2950; x_wconf 82' lang='lat' dir='ltr'>abstergat</span> <span class='ocrx_word' id='word_1_165' title='bbox 1033 2867 1101 2931; x_wconf 89' lang='lat' dir='ltr'>viui</span> <span class='ocrx_word' id='word_1_166' title='bbox 1136 2871 1259 2951; x_wconf 84' lang='lat' dir='ltr'>guttas,</span> <span class='ocrx_word' id='word_1_167' title='bbox 1286 2884 1370 2950; x_wconf 89' lang='lat' dir='ltr'>quae</span> <span class='ocrx_word' id='word_1_168' title='bbox 1401 2864 1489 2930; x_wconf 88' lang='lat' dir='ltr'>forte</span> <span class='ocrx_word' id='word_1_169' title='bbox 1519 2869 1661 2950; x_wconf 81' lang='lat' dir='ltr'>possent</span> 
     </span>
     <span class='ocr_line' id='line_1_22' title="bbox 433 2965 1660 3049; baseline 0.007 -21"><span class='ocrx_word' id='word_1_170' title='bbox 433 2965 616 3049; x_wconf 86' lang='lat' dir='ltr'>parietibus</span> <span class='ocrx_word' id='word_1_171' title='bbox 638 2968 778 3034; x_wconf 87' lang='lat' dir='ltr'>internis</span> <span class='ocrx_word' id='word_1_172' title='bbox 802 2969 914 3036; x_wconf 83' lang='lat' dir='ltr'>culicis</span> <span class='ocrx_word' id='word_1_173' title='bbox 936 2972 1131 3048; x_wconf 88' lang='lat' dir='ltr'>adhaerere,</span> <span class='ocrx_word' id='word_1_174' title='bbox 1148 2972 1257 3038; x_wconf 84' lang='lat' dir='ltr'>tradet</span> <span class='ocrx_word' id='word_1_175' title='bbox 1283 2990 1357 3036; x_wconf 91' lang='lat' dir='ltr'>eum</span> <span class='ocrx_word' id='word_1_176' title='bbox 1375 2970 1567 3037; x_wconf 88' lang='lat' dir='ltr'>Celebranti</span> <span class='ocrx_word' id='word_1_177' title='bbox 1584 2971 1660 3036; x_wconf 90' lang='lat' dir='ltr'>sine</span> 
     </span>
     <span class='ocr_line' id='line_1_23' title="bbox 433 3072 1659 3166; baseline 0.009 -33"><span class='ocrx_word' id='word_1_178' title='bbox 433 3072 568 3150; x_wconf 85' lang='lat' dir='ltr'>osculis,</span> <span class='ocrx_word' id='word_1_179' title='bbox 592 3080 627 3140; x_wconf 87' lang='lat' dir='ltr'>et</span> <span class='ocrx_word' id='word_1_180' title='bbox 642 3075 788 3142; x_wconf 86' lang='lat' dir='ltr'>locatum</span> <span class='ocrx_word' id='word_1_181' title='bbox 803 3097 823 3142; x_wconf 90' lang='lat' dir='ltr'>a</span> <span class='ocrx_word' id='word_1_182' title='bbox 839 3078 1039 3146; x_wconf 80' lang='lat' dir='ltr'>Celebrante</span> <span class='ocrx_word' id='word_1_183' title='bbox 1057 3099 1159 3166; x_wconf 89' lang='lat' dir='ltr'>super</span> <span class='ocrx_word' id='word_1_184' title='bbox 1175 3079 1361 3166; x_wconf 89' lang='lat' dir='ltr'>corporale,</span> <span class='ocrx_word' id='word_1_185' title='bbox 1381 3078 1547 3144; x_wconf 81' lang='lat' dir='ltr'>Diaconos</span> <span class='ocrx_word' id='word_1_186' title='bbox 1564 3077 1659 3164; x_wconf 89' lang='lat' dir='ltr'>palla</span> 
     </span>
     <span class='ocr_line' id='line_1_24' title="bbox 434 3182 614 3264; baseline 0.017 -23"><span class='ocrx_word' id='word_1_187' title='bbox 434 3182 614 3264; x_wconf 90' lang='lat' dir='ltr'>cooperiet.</span> 
     </span>
    </p>

    <p class='ocr_par' dir='ltr' id='par_1_6' title="bbox 431 3287 1661 3809">
     <span class='ocr_line' id='line_1_25' title="bbox 520 3287 1659 3376; baseline 0.007 -25"><span class='ocrx_word' id='word_1_188' title='bbox 520 3287 596 3352; x_wconf 82' lang='grc'><strong>297.</strong></span> <span class='ocrx_word' id='word_1_189' title='bbox 621 3289 794 3356; x_wconf 89' lang='lat' dir='ltr'>Iuceusum</span> <span class='ocrx_word' id='word_1_190' title='bbox 819 3294 890 3358; x_wconf 88' lang='lat' dir='ltr'>siue</span> <span class='ocrx_word' id='word_1_191' title='bbox 914 3293 1038 3360; x_wconf 86' lang='lat' dir='ltr'>osculis</span> <span class='ocrx_word' id='word_1_192' title='bbox 1062 3295 1263 3360; x_wconf 86' lang='lat' dir='ltr'>ministrabit</span> <span class='ocrx_word' id='word_1_193' title='bbox 1291 3293 1493 3370; x_wconf 82' lang='lat' dir='ltr'>Celebranti,</span> <span class='ocrx_word' id='word_1_194' title='bbox 1511 3293 1659 3376; x_wconf 85' lang='lat' dir='ltr'>quisine</span> 
     </span>
     <span class='ocr_line' id='line_1_26' title="bbox 434 3391 1661 3489; baseline 0.008 -31"><span class='ocrx_word' id='word_1_195' title='bbox 434 3391 662 3464; x_wconf 87' lang='lat' dir='ltr'>benedictione</span> <span class='ocrx_word' id='word_1_196' title='bbox 684 3399 836 3466; x_wconf 88' lang='lat' dir='ltr'>demittet</span> <span class='ocrx_word' id='word_1_197' title='bbox 859 3401 943 3467; x_wconf 93' lang='lat' dir='ltr'>illud</span> <span class='ocrx_word' id='word_1_198' title='bbox 966 3405 1000 3467; x_wconf 94' lang='lat' dir='ltr'>iu</span> <span class='ocrx_word' id='word_1_199' title='bbox 1024 3404 1245 3468; x_wconf 86' lang='lat' dir='ltr'>thuribulum.</span> <span class='ocrx_word' id='word_1_200' title='bbox 1270 3404 1421 3489; x_wconf 78' lang='lat' dir='ltr'>Accipiet</span> <span class='ocrx_word' id='word_1_201' title='bbox 1443 3401 1562 3468; x_wconf 90' lang='lat' dir='ltr'>deinde</span> <span class='ocrx_word' id='word_1_202' title='bbox 1583 3401 1661 3470; x_wconf 90' lang='lat' dir='ltr'>thn-</span> 
     </span>
     <span class='ocr_line' id='line_1_27' title="bbox 434 3495 1659 3595; baseline 0.01 -30"><span class='ocrx_word' id='word_1_203' title='bbox 434 3502 579 3568; x_wconf 88' lang='lat' dir='ltr'>ribulum</span> <span class='ocrx_word' id='word_1_204' title='bbox 610 3525 629 3568; x_wconf 89' lang='lat' dir='ltr'>a</span> <span class='ocrx_word' id='word_1_205' title='bbox 663 3507 880 3573; x_wconf 84' lang='lat' dir='ltr'>thuriferario</span> <span class='ocrx_word' id='word_1_206' title='bbox 914 3530 954 3575; x_wconf 91' lang='lat' dir='ltr'>ac</span> <span class='ocrx_word' id='word_1_207' title='bbox 988 3510 1097 3576; x_wconf 87' lang='lat' dir='ltr'>tradet</span> <span class='ocrx_word' id='word_1_208' title='bbox 1135 3511 1339 3588; x_wconf 84' lang='lat' dir='ltr'>Celebranti,</span> <span class='ocrx_word' id='word_1_209' title='bbox 1372 3511 1428 3595; x_wconf 92' lang='lat' dir='ltr'>qui</span> <span class='ocrx_word' id='word_1_210' title='bbox 1460 3511 1528 3575; x_wconf 87' lang='lat' dir='ltr'>ritu</span> <span class='ocrx_word' id='word_1_211' title='bbox 1554 3495 1659 3578; x_wconf 73' lang='lat' dir='ltr'>¹snet&#39;o</span> 
     </span>
     <span class='ocr_line' id='line_1_28' title="bbox 433 3609 1659 3684; baseline 0.01 -12"><span class='ocrx_word' id='word_1_212' title='bbox 433 3609 546 3675; x_wconf 85' lang='lat' dir='ltr'>oblata</span> <span class='ocrx_word' id='word_1_213' title='bbox 568 3618 603 3676; x_wconf 93' lang='lat' dir='ltr'>et</span> <span class='ocrx_word' id='word_1_214' title='bbox 625 3613 743 3680; x_wconf 88' lang='lat' dir='ltr'>Altare</span> <span class='ocrx_word' id='word_1_215' title='bbox 767 3615 981 3683; x_wconf 85' lang='lat' dir='ltr'>thurificabit.</span> <span class='ocrx_word' id='word_1_216' title='bbox 1006 3617 1171 3684; x_wconf 88' lang='lat' dir='ltr'>Diacouus</span> <span class='ocrx_word' id='word_1_217' title='bbox 1207 3625 1319 3684; x_wconf 85' lang='lat' dir='ltr'>autem</span> <span class='ocrx_word' id='word_1_218' title='bbox 1350 3619 1384 3682; x_wconf 95' lang='lat' dir='ltr'>iu</span> <span class='ocrx_word' id='word_1_219' title='bbox 1407 3614 1659 3684; x_wconf 80' lang='lat' dir='ltr'>thurificatione</span> 
     </span>
     <span class='ocr_line' id='line_1_29' title="bbox 431 3723 1428 3809; baseline 0.008 -29"><span class='ocrx_word' id='word_1_220' title='bbox 431 3723 560 3801; x_wconf 87' lang='lat' dir='ltr'>partem</span> <span class='ocrx_word' id='word_1_221' title='bbox 583 3723 800 3804; x_wconf 89' lang='lat' dir='ltr'>posteriorem</span> <span class='ocrx_word' id='word_1_222' title='bbox 824 3725 980 3809; x_wconf 88' lang='lat' dir='ltr'>planetae</span> <span class='ocrx_word' id='word_1_223' title='bbox 1004 3725 1216 3792; x_wconf 75' lang='lat' dir='ltr'>Celebrantis</span> <span class='ocrx_word' id='word_1_224' title='bbox 1240 3725 1428 3790; x_wconf 88' lang='lat' dir='ltr'>sustinebit.</span> 
     </span>
    </p>

    <p class='ocr_par' dir='ltr' id='par_1_7' title="bbox 434 3825 1659 4124">
     <span class='ocr_line' id='line_1_30' title="bbox 521 3825 1659 3920; baseline 0.005 -30"><span class='ocrx_word' id='word_1_225' title='bbox 521 3825 596 3891; x_wconf 87' lang='grc'><strong>298.</strong></span> <span class='ocrx_word' id='word_1_226' title='bbox 621 3828 844 3894; x_wconf 85' lang='lat' dir='ltr'>Thuribulum</span> <span class='ocrx_word' id='word_1_227' title='bbox 867 3852 887 3896; x_wconf 85' lang='lat' dir='ltr'>a</span> <span class='ocrx_word' id='word_1_228' title='bbox 911 3833 1111 3898; x_wconf 84' lang='lat' dir='ltr'>Gelebraute</span> <span class='ocrx_word' id='word_1_229' title='bbox 1136 3835 1284 3920; x_wconf 90' lang='lat' dir='ltr'>recipiet,</span> <span class='ocrx_word' id='word_1_230' title='bbox 1310 3852 1415 3917; x_wconf 92' lang='lat' dir='ltr'>eoque</span> <span class='ocrx_word' id='word_1_231' title='bbox 1445 3851 1511 3896; x_wconf 94' lang='lat' dir='ltr'>non</span> <span class='ocrx_word' id='word_1_232' title='bbox 1543 3832 1659 3898; x_wconf 90' lang='lat' dir='ltr'>thuri·</span> 
     </span>
     <span class='ocr_line' id='line_1_31' title="bbox 434 3930 1658 4025; baseline 0.007 -29"><span class='ocrx_word' id='word_1_233' title='bbox 434 3930 542 4008; x_wconf 85' lang='lat' dir='ltr'>ficato,</span> <span class='ocrx_word' id='word_1_234' title='bbox 568 3934 684 4000; x_wconf 89' lang='lat' dir='ltr'>reddet</span> <span class='ocrx_word' id='word_1_235' title='bbox 706 3937 791 4002; x_wconf 93' lang='lat' dir='ltr'>illud</span> <span class='ocrx_word' id='word_1_236' title='bbox 813 3939 1041 4006; x_wconf 85' lang='lat' dir='ltr'>thuriferario.</span> <span class='ocrx_word' id='word_1_237' title='bbox 1067 3941 1153 4007; x_wconf 90' lang='lat' dir='ltr'>Hinc</span> <span class='ocrx_word' id='word_1_238' title='bbox 1177 3941 1423 4025; x_wconf 82' lang='lat' dir='ltr'>manutergium</span> <span class='ocrx_word' id='word_1_239' title='bbox 1454 3937 1658 4016; x_wconf 77' lang='lat' dir='ltr'>celebranti,</span> 
     </span>
     <span class='ocr_line' id='line_1_32' title="bbox 434 4040 1068 4124; baseline 0.013 -19"><span class='ocrx_word' id='word_1_240' title='bbox 434 4059 534 4124; x_wconf 91' lang='lat' dir='ltr'>quum</span> <span class='ocrx_word' id='word_1_241' title='bbox 558 4040 681 4108; x_wconf 91' lang='lat' dir='ltr'>laverit</span> <span class='ocrx_word' id='word_1_242' title='bbox 704 4063 830 4118; x_wconf 89' lang='lat' dir='ltr'>manus,</span> <span class='ocrx_word' id='word_1_243' title='bbox 856 4047 1068 4113; x_wconf 88' lang='lat' dir='ltr'>ministrabit.</span> 
     </span>
    </p>

    <p class='ocr_par' dir='ltr' id='par_1_8' title="bbox 434 4150 1662 4550">
     <span class='ocr_line' id='line_1_33' title="bbox 521 4150 1662 4240; baseline 0.004 -25"><span class='ocrx_word' id='word_1_244' title='bbox 521 4150 596 4216; x_wconf 89' lang='grc'><strong>299.</strong></span> <span class='ocrx_word' id='word_1_245' title='bbox 633 4151 867 4218; x_wconf 84' lang='lat' dir='ltr'>Celebrautem</span> <span class='ocrx_word' id='word_1_246' title='bbox 902 4175 1043 4238; x_wconf 87' lang='lat' dir='ltr'>sequeus</span> <span class='ocrx_word' id='word_1_247' title='bbox 1077 4156 1132 4221; x_wconf 93' lang='lat' dir='ltr'>ibit</span> <span class='ocrx_word' id='word_1_248' title='bbox 1170 4155 1210 4220; x_wconf 92' lang='lat' dir='ltr'>ad</span> <span class='ocrx_word' id='word_1_249' title='bbox 1243 4155 1384 4221; x_wconf 86' lang='lat' dir='ltr'>medium</span> <span class='ocrx_word' id='word_1_250' title='bbox 1417 4154 1550 4230; x_wconf 87' lang='lat' dir='ltr'>Altare,</span> <span class='ocrx_word' id='word_1_251' title='bbox 1584 4160 1662 4240; x_wconf 85' lang='lat' dir='ltr'>post</span> 
     </span>
     <span class='ocr_line' id='line_1_34' title="bbox 434 4259 1658 4348; baseline 0.007 -30"><span class='ocrx_word' id='word_1_252' title='bbox 434 4273 508 4320; x_wconf 91' lang='lat' dir='ltr'>eum</span> <span class='ocrx_word' id='word_1_253' title='bbox 532 4259 566 4321; x_wconf 91' lang='lat' dir='ltr'>iu</span> <span class='ocrx_word' id='word_1_254' title='bbox 589 4259 695 4341; x_wconf 80' lang='lat' dir='ltr'>gradu</span> <span class='ocrx_word' id='word_1_255' title='bbox 719 4263 883 4345; x_wconf 86' lang='lat' dir='ltr'>superiori</span> <span class='ocrx_word' id='word_1_256' title='bbox 907 4283 942 4328; x_wconf 88' lang='lat' dir='ltr'>se</span> <span class='ocrx_word' id='word_1_257' title='bbox 967 4266 1072 4339; x_wconf 83' lang='lat' dir='ltr'>sistet.</span> <span class='ocrx_word' id='word_1_258' title='bbox 1098 4283 1264 4348; x_wconf 85' lang='lat' dir='ltr'>quumque</span> <span class='ocrx_word' id='word_1_259' title='bbox 1289 4265 1323 4328; x_wconf 96' lang='lat' dir='ltr'>iu</span> <span class='ocrx_word' id='word_1_260' title='bbox 1348 4262 1489 4328; x_wconf 90' lang='lat' dir='ltr'>medium</span> <span class='ocrx_word' id='word_1_261' title='bbox 1514 4263 1658 4340; x_wconf 88' lang='lat' dir='ltr'>venerit,</span> 
     </span>
     <span class='ocr_line' id='line_1_35' title="bbox 434 4361 1659 4457; baseline 0.01 -33"><span class='ocrx_word' id='word_1_262' title='bbox 434 4361 699 4443; x_wconf 80' lang='lat' dir='ltr'>genuflexionem</span> <span class='ocrx_word' id='word_1_263' title='bbox 724 4368 834 4433; x_wconf 85' lang='lat' dir='ltr'>faciet.</span> <span class='ocrx_word' id='word_1_264' title='bbox 859 4369 909 4434; x_wconf 84' lang='lat' dir='ltr'>Ad</span> <span class='ocrx_word' id='word_1_265' title='bbox 937 4368 1041 4438; x_wconf 85' lang='lat' dir='ltr'>Orate</span> <span class='ocrx_word' id='word_1_266' title='bbox 1075 4373 1210 4455; x_wconf 76' lang='lat' dir='ltr'>fratrer</span> <span class='ocrx_word' id='word_1_267' title='bbox 1247 4392 1311 4436; x_wconf 90' lang='lat' dir='ltr'>nou</span> <span class='ocrx_word' id='word_1_268' title='bbox 1344 4367 1556 4457; x_wconf 87' lang='lat' dir='ltr'>respondebit</span> <span class='ocrx_word' id='word_1_269' title='bbox 1586 4367 1659 4436; x_wconf 79' lang='lat' dir='ltr'>Su·</span> 
     </span>
     <span class='ocr_line' id='line_1_36' title="bbox 434 4469 844 4550; baseline 0.017 -19"><span class='ocrx_word' id='word_1_270' title='bbox 434 4469 560 4550; x_wconf 70' lang='lat' dir='ltr'>saepiat</span> <span class='ocrx_word' id='word_1_271' title='bbox 582 4472 757 4542; x_wconf 75' lang='lat' dir='ltr'>Dominus</span> <span class='ocrx_word' id='word_1_272' title='bbox 780 4480 844 4541; x_wconf 90' lang='lat' dir='ltr'>etc.</span> 
     </span>
    </p>

    <p class='ocr_par' dir='ltr' id='par_1_9' title="bbox 523 4579 1659 4672">
     <span class='ocr_line' id='line_1_37' title="bbox 523 4579 1659 4672; baseline 0.006 -30"><span class='ocrx_word' id='word_1_273' title='bbox 523 4579 598 4642; x_wconf 76' lang='lat'>300.</span> <span class='ocrx_word' id='word_1_274' title='bbox 623 4583 690 4647; x_wconf 84' lang='lat' dir='ltr'>Sub</span> <span class='ocrx_word' id='word_1_275' title='bbox 713 4582 809 4648; x_wconf 84' lang='lat' dir='ltr'>finem</span> <span class='ocrx_word' id='word_1_276' title='bbox 827 4586 986 4650; x_wconf 88' lang='lat' dir='ltr'>orationis</span> <span class='ocrx_word' id='word_1_277' title='bbox 1002 4585 1220 4664; x_wconf 71' lang='lat' dir='ltr'>Laterense,</span> <span class='ocrx_word' id='word_1_278' title='bbox 1240 4606 1458 4672; x_wconf 79' lang='lat' dir='ltr'>quaesumus</span> <span class='ocrx_word' id='word_1_279' title='bbox 1474 4591 1537 4652; x_wconf 92' lang='lat' dir='ltr'>etc.</span> <span class='ocrx_word' id='word_1_280' title='bbox 1557 4581 1659 4650; x_wconf 87' lang='lat' dir='ltr'>vadet</span> 
     </span>
    </p>
   </div>
   <div class='ocr_carea' id='block_1_3' title="bbox 0 0 2096 5717">
    <p class='ocr_par' dir='ltr' id='par_1_10' title="bbox 0 0 2096 5717">
     <span class='ocr_line' id='line_1_38' title="bbox 0 0 2096 5717; baseline 0 0"><span class='ocrx_word' id='word_1_281' title='bbox 0 0 2096 5717; x_wconf 95' lang='lat' dir='ltr'> </span> 
     </span>
    </p>
   </div>
  </div>
 </body>
</html>
