4175 5717
525 774 568 840 38
981 791 1047 844 tm.
1074 789 1121 841 111.

436 910 468 972 in
492 927 599 974 cornu
623 905 793 992 Epistolae
817 925 917 991 super
940 904 1159 991 suppedaneo,
1183 904 1317 990 deteget
1341 903 1514 970 brachium
1536 893 1661 970 dexte-

437 1037 510 1080 rum
534 1015 650 1080 Crucis
674 1035 749 1079 cum
772 1013 909 1079 breohio
932 1019 967 1078 et
989 1014 1099 1099 capite
1123 1009 1291 1087 Crucifixi,
1316 1019 1351 1077 et
1373 1012 1512 1078 elevans
1541 1009 1659 1098 paullo

436 1123 511 1207 plus
536 1121 678 1188 Crucem
699 1129 735 1186 et
758 1140 882 1197 vocem,
907 1119 995 1186 dicet
1017 1120 1108 1187 Ecce
1131 1121 1268 1206 liyaum
1294 1119 1421 1187 Crucis
1451 1125 1487 1185 et
1517 1118 1659 1204 reliqua,

437 1237 476 1294 ut
498 1232 660 1316 superius.

522 1337 576 1401 51.
601 1337 683 1402 Post
705 1332 982 1421 genuflexionem,
1008 1334 1190 1402 Celebrans
1214 1355 1289 1400 cum
1313 1334 1445 1400 clericis
1471 1335 1505 1400 in
1535 1351 1660 1420 suppo-

435 1446 540 1511 daneo
564 1445 699 1510 venient
722 1444 763 1509 ad
787 1443 930 1510 medium
953 1443 1081 1508 Altaria
1105 1450 1139 1508 et
1163 1442 1345 1509 Celebrans
1369 1449 1479 1509 totum
1502 1441 1661 1508 detrahet

435 1553 534 1618 Cruci
558 1550 681 1628 velum,
704 1551 792 1636 quod
815 1550 981 1616 secundus
1005 1550 1151 1617 clericus
1175 1552 1325 1637 accipiet,
1350 1557 1385 1616 et
1407 1555 1523 1636 postea
1559 1555 1661 1636 ponet

435 1681 535 1747 super
557 1660 670 1737 abaco,
696 1667 733 1725 ut
755 1658 885 1724 dicetur
910 1658 1060 1724 inferius.
1086 1658 1269 1724 Celebrans
1292 1657 1407 1745 paullo
1430 1657 1575 1746 amplius
1605 1663 1662 1724 at-

434 1768 559 1834 tollens
584 1768 724 1833 Crucem
747 1773 781 1832 et
805 1787 919 1832 rocem
943 1766 1031 1832 dicet
1054 1768 1154 1832 tertia
1178 1767 1251 1833 vice
1274 1765 1365 1833 Ecce
1380 1767 1522 1852 Quum
1538 1771 1604 1832 etc.
1622 1770 1662 1832 ut

436 1896 548 1962 supra.

521 1984 575 2050 52.
599 1984 681 2048 Post
704 1983 806 2048 verba
838 1982 955 2050 Venite
969 1983 1169 2057 odoremus,
1189 2001 1302 2047 omnes
1318 1980 1457 2067 genibus
1474 1977 1574 2048 flexis
1597 2000 1664 2048 ma·

436 2092 572 2156 nebunt.

520 2199 574 2263 53.
600 2197 781 2264 Celebrans
805 2196 896 2264 solus
920 2205 1058 2283 portans
1083 2199 1206 2263 elatam
1229 2204 1372 2282 utraque
1396 2217 1496 2264 manu
1514 2195 1660 2264 Crucem

433 2304 473 2372 de
498 2307 608 2371 Alteri
632 2305 810 2371 descendet
833 2326 876 2371 ex
900 2313 995 2391 parte
1019 2308 1182 2372 anteriori
1206 2305 1370 2391 graduum
1396 2327 1514 2372 versus
1550 2325 1660 2374 cornu

432 2413 617 2498 Evangelii,
642 2413 815 2478 submittet
837 2432 947 2498 genua
970 2423 1004 2478 et
1029 2414 1170 2479 Crucem
1194 2397 1340 2499 pulvino¹
1357 2415 1513 2498 imponet..

520 2522 573 2586 54.
597 2520 722 2586 Deinde
745 2528 901 2606 assurget
924 2541 964 2586 ac
987 2519 1201 2606 genuflectet.

520 2630 574 2696 55.
600 2629 721 2696 Clerici
745 2638 952 2714 consurgent
974 2651 1050 2696 cum
1075 2630 1275 2697 Celebrante
1299 2637 1333 2696 et
1357 2650 1432 2696 cum
1456 2631 1527 2717 ipso
1552 2649 1664 2716 genu-

433 2736 609 2804 flexionem
632 2739 758 2802 sacient
778 2737 820 2802 ad
845 2738 995 2804 Crucem.
1021 2739 1154 2804 Primus
1179 2739 1324 2804 clericus
1348 2744 1490 2824 reponet
1524 2737 1664 2806 Missalc

431 2855 583 2932 apertum
607 2865 707 2932 super
730 2845 823 2930 legili
846 2847 880 2910 in
905 2866 1011 2911 cornu
1036 2847 1219 2932 Epistolae.

521 2954 573 3018 56.
600 2952 782 3018 Celebrans
807 2973 881 3019 cum
905 2953 1038 3018 clericis
1064 2955 1200 3018 venient
1224 2955 1257 3018 in
1280 2952 1417 3040 planum
1441 2953 1561 3020 lateris
1587 2953 1665 3040 Epi·

435 3061 553 3126 stolae.

520 3166 574 3230 57.
599 3167 731 3230 Primus
755 3167 900 3233 clericus
924 3167 1059 3253 deteget
1083 3168 1223 3235 Crucem
1247 3169 1542 3255 processionalem.

520 3275 573 3338 58.
598 3273 697 3339 Alter
721 3283 822 3360 ponet
846 3276 879 3339 in
902 3275 1004 3341 abaco
1028 3275 1142 3340 velum
1167 3275 1284 3342 Crucis
1308 3276 1449 3354 Altaris,
1480 3277 1570 3362 quod
1607 3298 1665 3346 re-

432 3385 559 3470 ceperit
582 3402 602 3447 a
626 3382 838 3449 Celebrante.

520 3489 573 3556 59.
599 3491 733 3556 Tertius
757 3493 897 3578 accipiet
919 3491 1042 3578 pelvim
1065 3497 1260 3577 argenteam
1284 3510 1422 3578 eamque
1435 3499 1540 3580 ponet
1554 3515 1662 3584 prope

433 3598 574 3665 Crucem
596 3597 637 3663 ad
661 3597 876 3685 excipiendas
899 3599 1099 3664 oblationes.

520 3707 573 3772 60.
599 3704 790 3781 Celebrans,
813 3705 993 3771 adiuvante
1016 3705 1162 3772 secundo
1186 3707 1323 3786 clerieo,
1347 3707 1493 3776 dimittet
1510 3713 1664 3800 manipu-

430 3815 510 3890 lum,
536 3812 664 3879 sedebit
689 3815 723 3877 in
745 3833 879 3879 scamno
903 3820 938 3879 et
961 3814 1172 3880 excalceabit
1195 3836 1242 3881 se.

520 3922 573 3987 61.
598 3921 723 3986 Deinde
748 3920 927 3988 Celebrans
951 3921 1043 3989 solus
1075 3922 1234 4011 procedet
1263 3923 1304 3990 ad
1335 3923 1539 3992 adorandam
1578 3928 1663 3996 Cru-

431 4049 503 4096 cem
519 4025 746 4113 genufleotens
762 4027 870 4094 tribus
886 4028 1013 4095 vicibus
1031 4037 1174 4116 utroque
1190 4051 1277 4116 genu
1296 4038 1421 4098 etcum
1438 4033 1532 4099 brevi
1555 4055 1664 4122 pausa

430 4136 471 4201 ad
496 4136 637 4201 Crucem
660 4138 707 4200 ita
730 4143 769 4200 ut
791 4155 811 4199 a
833 4137 940 4222 prima
963 4136 1005 4202 ad
1029 4138 1207 4205 secundam
1232 4145 1309 4204 eta
1336 4139 1483 4205 secunda
1506 4139 1549 4207 ad
1587 4151 1662 4210 ter·

430 4246 509 4309 tiam
533 4240 811 4329 genuflexionem,
835 4263 933 4327 quam
949 4245 1051 4311 faciet
1066 4253 1144 4313 ante
1162 4246 1313 4324 Crucem,
1332 4246 1419 4314 adsit
1436 4249 1661 4318 intervallum

430 4352 532 4414 trium
556 4351 609 4416 vel
636 4356 779 4434 quatuor
801 4371 966 4436 passuum.
991 4355 1074 4420 Post
1098 4357 1232 4420 tertiam
1255 4352 1538 4440 genuflexionem,
1565 4359 1663 4426 incli-

431 4464 528 4521 natus
553 4459 761 4524 osculabitur
795 4459 892 4544 pedes
926 4460 1094 4536 Crucifiri,
1127 4458 1244 4528 offeret
1278 4463 1526 4550 eleemosynam
1560 4485 1661 4552 quam

430 4571 531 4648 ponet
554 4568 586 4629 in
610 4568 709 4652 pelvi,
735 4574 900 4653 assurget,
934 4566 1068 4631 iterabit
1102 4567 1372 4650 genuflexionem
1408 4573 1595 4660 simplicem
1626 4583 1662 4645 et

431 4670 550 4738 relibit
573 4672 614 4738 ad
638 4673 727 4741 latus
752 4675 932 4760 Epistulae,
957 4673 1011 4735 ubi
1036 4671 1154 4738 sedens
1180 4678 1211 4741 in
1236 4698 1374 4745 scamno
1398 4680 1530 4750 calceos
1557 4705 1659 4752 resu-
