4175 5717
536 707 602 772 280
992 725 1059 772 aru.
1084 719 1118 771 11.

533 836 583 902 16.
607 835 642 901 Si
664 835 860 902 facultatem
882 834 985 900 iaciat
1007 833 1198 920 Episcopus,
1223 840 1261 899 ut
1283 839 1400 920 portae
1415 833 1579 902 ecclesiae
1603 847 1666 922 pc·

443 949 537 1010 teant
569 945 681 1030 primis
713 945 820 1010 noctis
851 942 952 1020 horis,
984 941 1192 1008 illuminetur
1219 941 1361 1008 ecclesia
1384 961 1426 1008 ne
1449 941 1667 1009 obscuritatis

442 1059 477 1118 et
500 1055 605 1118 noctis
629 1051 789 1138 praesidio
812 1051 889 1135 quid
913 1051 991 1116 mali
1014 1052 1153 1116 oriatur.

533 1161 583 1224 17.
607 1159 843 1224 Excludantur
876 1161 974 1223 etiam
1008 1158 1049 1224 ab
1084 1159 1228 1225 ecclesia
1262 1160 1499 1244 cuiuscumque
1530 1159 1667 1246 generis

442 1273 687 1350 quaestuantes,
711 1266 792 1330 licet
815 1272 980 1349 quaestus,
1005 1265 1101 1332 fieret
1125 1286 1184 1352 pro
1208 1267 1413 1353 expositione
1441 1268 1521 1353 ipsa;
1547 1263 1669 1332 distra-

442 1375 524 1440 here
547 1376 633 1440 enim
656 1373 688 1438 id
712 1379 824 1458 posset
846 1371 970 1450 fideles,
995 1375 1051 1458 qui
1077 1393 1175 1440 orare
1206 1394 1281 1440 cum
1314 1375 1416 1440 animi
1438 1373 1668 1460 applicatione

442 1483 589 1569 cupiunt.

532 1589 583 1654 18.
607 1589 773 1654 Decenter
795 1589 896 1654 etiam
918 1588 1173 1654 exornabuntur
1188 1589 1319 1674 reliqua
1333 1588 1465 1666 altaria,
1481 1592 1518 1654 et
1540 1589 1576 1654 in
1599 1607 1669 1654 uno

440 1699 647 1782 aliquantum
671 1703 799 1761 remoto
822 1695 988 1761 locabitur
1012 1694 1069 1762 SS.
1099 1695 1350 1762 Sacramentum
1382 1697 1471 1762 intra
1503 1695 1669 1762 taberna·

441 1805 564 1881 culum,
588 1809 626 1870 ut
649 1801 763 1869 fideles
786 1804 852 1887 qui,
877 1803 993 1880 velint,
1016 1805 1145 1890 possint
1174 1803 1215 1870 ad
1246 1823 1374 1870 sacram
1405 1803 1668 1870 eucharisticam

443 1931 589 1976 mensam
613 1910 712 1976 facile
736 1909 905 1976 accedere.

532 2018 581 2084 19.
606 2018 643 2082 ln
667 2018 776 2084 Missis
799 2018 938 2102 privatis
962 2022 1033 2083 toto
1058 2019 1272 2104 expositionis
1295 2023 1444 2104 tempore
1468 2036 1538 2084 non
1561 2035 1669 2084 sona-

440 2125 532 2192 bitur
554 2124 751 2211 campanula
780 2123 821 2190 ad
852 2124 1085 2202 elevationem,
1109 2122 1334 2191 tantummodo
1366 2144 1468 2209 quum
1498 2123 1668 2190 Sacerdos

441 2231 673 2298 celebraturus
698 2252 716 2297 e
739 2232 887 2297 sacrario
910 2231 1024 2308 exibit,
1049 2231 1181 2297 dabitur
1203 2251 1344 2319 parvum
1367 2233 1499 2316 signum
1526 2249 1668 2318 campa-

340 2426 343 2430 ·
442 2341 523 2404 nula
545 2338 587 2405 ad
609 2338 699 2404 iores
724 2339 862 2404 sacrarii
882 2357 1036 2425 appensa.

527 2447 581 2512 20.
605 2446 717 2512 Donec
740 2448 805 2511 erit
824 2446 997 2533 expositio,
1023 2465 1089 2511 non
1113 2445 1374 2512 celebrabuntur
1397 2443 1519 2511 Missae
1541 2443 1586 2512 de
1616 2463 1668 2510 re·

440 2556 525 2639 quie,
550 2560 689 2639 excepto
713 2553 764 2619 die
788 2551 1107 2620 commemorationis
1130 2553 1287 2619 solemnis
1310 2553 1456 2619 omnium
1478 2551 1667 2618 defuncto-

438 2681 523 2727 rum.
547 2661 668 2726 Missae
684 2664 752 2725 ritu
768 2658 865 2726 officii
888 2659 928 2725 de
951 2659 1004 2725 die
1027 2659 1290 2726 celebrabuntur
1306 2667 1340 2726 et
1354 2659 1530 2726 adiicietur
1554 2659 1668 2726 oratio

437 2768 478 2836 de
502 2767 559 2834 SS.
584 2767 798 2835 Sacramenta
813 2772 888 2854 post
907 2787 1020 2834 omnes
1044 2769 1214 2836 orationes
1230 2789 1250 2834 a
1267 2767 1401 2834 rubrica
1424 2767 1667 2854 praescriptas.

438 2875 561 2942 Eadem
583 2875 851 2942 commemoratio
875 2876 1049 2941 omittetur
1073 2896 1173 2960 quum
1200 2873 1342 2942 officium
1365 2873 1492 2960 duplex
1508 2875 1577 2944 erit
1592 2873 1668 2960 pri-

436 3003 508 3048 mae
531 2989 589 3049 aut
611 2982 776 3049 secundae
800 2983 918 3048 classis
942 2991 976 3048 et
1001 2985 1034 3048 in
1060 2983 1230 3049 [lominica
1247 2983 1449 3062 Palmarum,
1474 2983 1509 3048 in
1531 2981 1668 3068 vigilia

437 3091 652 3157 Pentecostes
675 3097 709 3156 et
733 3090 860 3156 Natalis
884 3091 1023 3156 Domini.
1048 3090 1229 3157 Dummodo
1260 3110 1327 3156 non
1357 3091 1465 3157 obstet
1492 3091 1593 3168 ritus,
1617 3089 1667 3156 li-

437 3197 525 3264 cebit
548 3199 720 3264 celebrare
740 3198 857 3264 Missas
888 3199 1018 3265 votivas
1047 3198 1088 3264 de
1120 3198 1177 3265 SS.
1202 3197 1416 3264 Sacramenta
1439 3198 1511 3264 sine
1537 3181 1668 3266 duria

437 3312 472 3370 et
495 3308 565 3370 sine
592 3305 702 3372 Credo
726 3310 858 3370 etcum
881 3305 1086 3370 orationibus
1110 3307 1335 3392 praescriptis,
1353 3312 1391 3371 ut
1407 3304 1519 3371 videre
1538 3311 1594 3372 est
1609 3307 1667 3372 tit.

438 3413 496 3477 IX.
520 3412 803 3480 <iactationibus
826 3413 860 3476 in
884 3411 1025 3478 rubricis
1049 3412 1262 3497 generalibus
1285 3411 1431 3478 Missalis
1461 3411 1617 3479 Romani.

523 3519 577 3586 21.
602 3519 635 3585 Si
669 3518 710 3585 ad
738 3521 895 3585 maiorem
928 3519 1174 3586 solemnitatem
1210 3518 1267 3585 fiet
1297 3519 1465 3606 processio
1496 3524 1570 3584 tum
1601 3541 1667 3608 pro

435 3627 650 3712 expositione,
675 3632 746 3691 tum
767 3628 867 3692 etiam
891 3647 950 3712 pro
974 3627 1188 3712 repositione,
1213 3646 1279 3693 non
1304 3625 1407 3692 exibit
1431 3625 1471 3692 de
1503 3625 1665 3706 ecclesia,

434 3753 518 3816 quae
542 3739 652 3798 tamen
683 3734 711 3799 si
743 3735 864 3818 exigua
894 3734 1007 3811 fuerit,
1033 3734 1148 3800 licebit
1175 3735 1424 3821 processionem
1454 3733 1569 3800 facere
1600 3753 1667 3820 per

432 3839 577 3924 plateam
599 3841 654 3906 vel
678 3842 765 3905 viam
789 3847 918 3906 tantum
941 3849 1019 3908 ante
1054 3841 1239 3918 ecclesiam,
1265 3861 1333 3907 non
1366 3859 1448 3906 vero
1483 3859 1544 3926 per
1575 3841 1667 3910 alias

431 3949 556 4032 vagari.
580 3947 651 4013 Hoc
673 3968 754 4013 casu
777 3948 959 4025 curabitur,
984 3954 1022 4014 ut
1046 3950 1099 4014 via
1123 3951 1229 4035 scopis
1245 3946 1426 4014 mundatur
1443 3953 1478 4014 et
1497 3969 1667 4036 spargan-

430 4059 488 4120 tur
511 4054 634 4121 herbae
651 4056 797 4120 virentes
813 4075 853 4121 ac
869 4057 1090 4142 processionis
1105 4063 1253 4143 tempore
1270 4055 1474 4122 claudentur
1497 4055 1666 4126 tabernae

435 4180 506 4227 erus
530 4181 614 4227 vraa.
1636 4181 1641 4188 ·

518 4270 571 4336 22.
597 4269 746 4357 Vespere
769 4274 1008 4358 expositionem
1033 4273 1252 4359 praecedente
1278 4273 1403 4359 triplex
1434 4274 1568 4362 signum
1599 4273 1659 4342 da·

432 4377 522 4444 bitur
546 4381 666 4446 festivo
690 4384 834 4447 omnium
861 4403 1095 4469 campanarum
1119 4401 1199 4448 sono
1223 4381 1381 4448 uidelicet
1403 4380 1444 4447 ad
1471 4384 1659 4452 salutatio

431 4506 512 4553 aem
534 4489 737 4572 capeticam,
762 4489 803 4556 ad
826 4489 991 4557 dimidiam
1008 4494 1114 4557 noctis
1131 4491 1247 4554 horam
1264 4495 1297 4556 et
1314 4488 1355 4554 ad
1370 4491 1510 4575 primam
1535 4491 1658 4558 horam

434 4595 550 4657 noctis.
574 4595 685 4662 Donec
709 4600 774 4662 erit
797 4601 968 4683 expositio,
994 4606 1091 4666 nocte
1115 4596 1232 4681 dieque
1257 4599 1515 4682 uniuscuiusque
1547 4597 1659 4666 horae

435 4699 564 4783 signum
588 4701 720 4769 dabitur
744 4724 901 4790 campana
925 4708 1052 4772 maiori.
