4175 5717
524 735 565 800 18
973 751 1039 800 aaa.
1064 751 1113 800 111.

522 865 576 928 23.
602 862 723 928 Clerici
741 861 924 946 supradicti
940 881 1006 924 non
1023 857 1250 945 genuflectent
1266 859 1344 924 dum
1361 857 1547 925 Gelebrans
1561 875 1654 922 oscu-

435 970 560 1035 labitur
584 971 713 1044 Altero,
738 989 844 1052 neque
868 989 887 1032 a
910 968 1074 1034 lateribus
1098 969 1168 1033 eius
1192 965 1372 1032 discedent.

521 1077 575 1140 et.
600 1077 708 1151 Quum
740 1077 922 1142 Celebrans
954 1074 996 1139 ad
1027 1075 1164 1139 blissale
1188 1075 1329 1149 venerit,
1353 1073 1479 1160 prirnus
1503 1071 1651 1137 clericus

336 1185 339 1190 '
434 1184 590 1249 detrahet
612 1184 731 1268 palmis
755 1183 903 1258 mantile,
926 1201 992 1268 quo
1014 1187 1125 1247 tectae
1148 1187 1255 1256 erant,
1280 1179 1492 1266 complicabit
1507 1177 1593 1245 illud
1618 1183 1653 1244 ot

434 1295 465 1356 in
490 1292 592 1355 abaco
616 1291 767 1376 deponet.

522 1399 576 1463 25.
601 1399 783 1463 Celebrans
806 1399 878 1464 alta
901 1419 982 1464 voce
1007 1399 1161 1465 recitabit
1183 1419 1258 1465 curn
1281 1398 1414 1464 clericis
1434 1396 1652 1482 antiphonam

434 1507 607 1573 Hoseaae
630 1505 720 1572 Filio
744 1507 860 1574 David
882 1515 946 1572 etc.

521 1615 575 1678 26.
599 1613 723 1679 Deinde
750 1615 872 1679 iunctis
899 1616 1049 1681 manibus
1074 1634 1136 1680 nec
1163 1620 1363 1680 convertens
1380 1610 1474 1678 seed
1491 1609 1652 1698 populum

435 1725 524 1789 dicet
547 1723 720 1790 Dominus
743 1721 922 1789 achiacum
937 1730 972 1788 et
987 1725 1109 1788 iunctis
1126 1721 1276 1788 manibus
1292 1720 1446 1786 recitabit
1465 1719 1654 1785 orationem

436 1831 594 1898 Oremer.
618 1831 724 1905 Deua,
747 1850 854 1916 quem
875 1832 1023 1916 ditiyere
1046 1841 1110 1896 etc.

521 1939 574 2004 27.
599 1939 705 2022 Leget
727 1945 841 2024 postea
863 1938 1053 2010 lectionem.
1078 1938 1228 2004 manibus
1247 1936 1299 2003 'ad
1323 1935 1459 2002 Missale
1492 1933 1653 2021 appositis

432 2053 470 2112 ut.
499 2049 533 2110 in
565 2046 716 2132 Epistola
743 2046 874 2122 Missae,
899 2065 964 2130 qua
995 2047 1093 2122 lecta,
1119 2047 1298 2131 subiunget
1326 2065 1401 2111 eum
1428 2043 1564 2110 clericis
1597 2061 1654 2108 re·

435 2155 643 2239 sponsorium
670 2153 893 2239 Celleperaot
917 2161 980 2218 ete.
1005 2154 1050 2219 la
1072 2161 1188 2220 monte
1214 2153 1335 2221 Oliveti
1356 2158 1420 2218 etc.

521 2261 574 2326 28.
599 2260 723 2325 Eodem
748 2260 822 2325 loeo
846 2263 925 2344 quin
948 2267 1099 2326 transeat
1122 2261 1163 2327 ad
1179 2261 1322 2327 medium
1338 2259 1476 2332 Altaria,
1494 2257 1655 2324 recitabit

436 2375 567 2433 secreto
591 2368 732 2434 Munda
755 2387 818 2434 cor
841 2387 958 2434 meum
980 2374 1046 2433 etc.
1069 2367 1168 2440 lube.
1182 2369 1338 2444 Domine,
1360 2365 1658 2434 benedicerem-

433 2476 552 2541 mioua
576 2476 620 2542 ait
643 2476 680 2540 io
697 2477 803 2541 corde
817 2495 893 2542 meo
910 2484 973 2541 etc.
991 2477 1112 2541 iunctis
1129 2474 1280 2541 manibus
1301 2477 1392 2561 legat
1416 2474 1654 2560 Evangelium

434 2588 549 2669 postea
572 2582 695 2646 librum
720 2582 928 2648 osculabitur
951 2583 1063 2649 dicens
1090 2585 1161 2650 Per
1184 2583 1384 2668 evaapetica
1407 2583 1501 2650 dicte
1526 2587 1594 2648 etc.

519 2689 573 2756 29.
599 2689 800 2766 celebranti,
813 2691 966 2755 osculato
984 2691 1178 2776 Evangelio,
1196 2693 1317 2757 tertius
1336 2691 1481 2757 clericus
1494 2687 1658 2756 detrahet

432 2797 648 2883 manipulum,
674 2818 771 2882 quem
787 2799 828 2864 ad
844 2799 982 2865 abacum
999 2801 1136 2874 referet,
1154 2798 1270 2865 deinde
1289 2799 1408 2866 redibit
1423 2798 1465 2864 ad
1481 2799 1657 2864 sinistram

433 2905 653 2978 Celebrantis,
677 2905 856 2972 advertens
880 2915 918 2971 ut
941 2906 1120 2972 descendat
1144 2913 1178 2972 et
1200 2907 1359 2973 ascendat
1381 2927 1401 2972 a
1423 2907 1534 2973 latere
1552 2925 1656 2990 quum

433 3033 475 3078 ex
499 3013 610 3078 Alteri
636 3021 753 3098 perget
775 3012 815 3078 ad
840 3013 979 3080 abacum
1003 3021 1037 3080 et
1060 3013 1102 3079 ad
1125 3014 1244 3080 Altare
1268 3035 1311 3079 ex
1334 3015 1437 3080 abaco
1462 3012 1597 3080 redibit.

520 3122 572 3185 30.
599 3120 779 3186 Celebrans
795 3120 836 3186 ad
850 3122 969 3186 Altera
984 3121 1094 3187 adhuc
1111 3142 1293 3188 conversus
1309 3128 1344 3187 et
1358 3122 1481 3188 iunctis
1498 3121 1657 3188 manibus

431 3228 520 3292 dicet
549 3228 722 3295 Dominus
751 3229 1147 3304 vobiscum,oratione1n
1177 3249 1252 3295 curn
1282 3230 1491 3317 praefatione
1516 3211 1553 3296 et
1577 3251 1656 3296 cum

431 3337 564 3401 clericis
589 3337 743 3404 recitabit
762 3337 916 3404 Sanetus
938 3338 1129 3423 paullulum
1153 3339 1343 3404 inclinatus.
1368 3338 1419 3404 Ad
1436 3339 1658 3408 Benedictus

433 3445 498 3527 qui
517 3445 610 3512 venit
634 3450 697 3510 etc.
722 3465 758 3510 se
780 3444 925 3528 signabit
941 3451 976 3510 et
990 3445 1158 3511 secundus
1174 3445 1318 3511 clericus
1334 3445 1473 3512 attollet
1488 3443 1657 3514 fimbriam

430 3549 604 3615 dexteram
628 3552 786 3637 pluvialis
810 3552 890 3617 eius.

520 3659 573 3724 31.
599 3659 721 3724 Postea
743 3659 885 3744 repetito
903 3659 1076 3727 Dominus
1091 3661 1279 3735 vobiscum,
1297 3662 1478 3749 subiunget
1501 3627 1657 3748 reliquae

430 3766 574 3848 quinque
606 3767 774 3831 orationes
806 3786 866 3850 pro
899 3766 1130 3834 benedictione
1163 3769 1357 3854 palmarum,
1382 3777 1417 3834 et
1439 3769 1519 3836 dum
1551 3772 1660 3842 faciet

430 3873 561 3952 signum
586 3871 701 3938 Crucis
727 3892 845 3937 versus
868 3873 1007 3957 palmas,
1032 3895 1098 3941 non
1124 3879 1256 3941 omittat
1287 3878 1455 3942 sinistram
1480 3880 1658 3967 imponere

430 3979 552 4044 Alteri.
570 3978 743 4044 Secundus
759 3979 904 4045 clericus
920 3982 1033 4048 iubae
1048 3985 1178 4050 actione
1194 3982 1355 4050 fimbriam
1372 3983 1548 4052 dexteram
1572 3987 1657 4074 plu·

430 4086 528 4151 vialis
552 4087 623 4150 eius
647 4086 871 4152 sublevabit..

518 4193 570 4257 32.
595 4195 728 4259 Interea
750 4195 896 4262 clericus
912 4200 1036 4284 primus
1055 4199 1265 4287 praeparabit
1281 4201 1390 4285 ignem
1407 4203 1441 4264 in
1461 4201 1652 4280 thuribulo,

430 4320 495 4381 quo
518 4307 655 4386 accepto
679 4303 778 4367 simul
803 4325 877 4370 curn
902 4307 1068 4382 navicula,
1102 4306 1287 4372 remanebit
1310 4309 1343 4372 in
1371 4308 1472 4393 plano
1495 4329 1516 4373 a
1539 4310 1653 4378 latere

429 4406 610 4491 Epistolae.

517 4516 569 4578 33.
594 4518 691 4581 Initio
715 4520 850 4601 quintae
873 4521 1042 4586 orationis.
1069 4521 1189 4586 tertius
1213 4522 1358 4589 clericus
1382 4523 1530 4591 discedet
1552 4545 1575 4590 a
1603 4527 1651 4592 si·

433 4622 539 4688 nistra
564 4623 783 4704 Celebrantis,
808 4627 848 4696 de
871 4625 982 4694 Alteri
998 4646 1018 4690 a
1034 4626 1142 4695 latere
1159 4629 1346 4708 descendet,
1364 4632 1424 4698 ibit
1439 4631 1481 4700 ad
1496 4633 1650 4714 abacum,
