<?xml version="1.0" encoding="UTF-8"?>
<!DOCTYPE html PUBLIC "-//W3C//DTD XHTML 1.0 Transitional//EN"
    "http://www.w3.org/TR/xhtml1/DTD/xhtml1-transitional.dtd">
<html xmlns="http://www.w3.org/1999/xhtml" xml:lang="en" lang="en">
 <head>
  <title>
</title>
<meta http-equiv="Content-Type" content="text/html;charset=utf-8" />
  <meta name='ocr-system' content='tesseract 3.04.00' />
  <meta name='ocr-capabilities' content='ocr_page ocr_carea ocr_par ocr_line ocrx_word'/>
</head>
<body>
  <div class='ocr_page' id='page_1' title='image "./manualesacrarum00martgoog_0150.png"; bbox 0 0 4175 5717; ppageno 0'>
   <div class='ocr_carea' id='block_1_1' title="bbox 521 675 1092 740">
    <p class='ocr_par' dir='ltr' id='par_1_1' title="bbox 521 675 1092 740">
     <span class='ocr_line' id='line_1_1' title="bbox 521 675 1092 740; baseline -0.009 0"><span class='ocrx_word' id='word_1_1' title='bbox 521 675 583 740; x_wconf 74' lang='lat'>128</span> <span class='ocrx_word' id='word_1_2' title='bbox 981 691 1048 738; x_wconf 80' lang='lat' dir='ltr'>um.</span> <span class='ocrx_word' id='word_1_3' title='bbox 1071 691 1092 737; x_wconf 92' lang='lat'>1.</span> 
     </span>
    </p>
   </div>
   <div class='ocr_carea' id='block_1_2' title="bbox 342 795 1652 3119">
    <p class='ocr_par' dir='ltr' id='par_1_2' title="bbox 430 795 1645 990">
     <span class='ocr_line' id='line_1_2' title="bbox 518 795 1645 885; baseline 0 -21"><span class='ocrx_word' id='word_1_4' title='bbox 518 799 570 864; x_wconf 86' lang='lat'>38.</span> <span class='ocrx_word' id='word_1_5' title='bbox 596 799 679 863; x_wconf 84' lang='lat' dir='ltr'>Dum</span> <span class='ocrx_word' id='word_1_6' title='bbox 697 803 838 862; x_wconf 89' lang='lat' dir='ltr'>canetur</span> <span class='ocrx_word' id='word_1_7' title='bbox 849 797 1056 885; x_wconf 72' lang='lat' dir='ltr'>Mogaissoat</span> <span class='ocrx_word' id='word_1_8' title='bbox 1071 795 1208 862; x_wconf 89' lang='lat' dir='ltr'>stabunt</span> <span class='ocrx_word' id='word_1_9' title='bbox 1223 795 1358 882; x_wconf 87' lang='lat' dir='ltr'>pedibus</span> <span class='ocrx_word' id='word_1_10' title='bbox 1373 796 1414 861; x_wconf 92' lang='lat' dir='ltr'>ad</span> <span class='ocrx_word' id='word_1_11' title='bbox 1431 815 1527 862; x_wconf 91' lang='lat' dir='ltr'>suum</span> <span class='ocrx_word' id='word_1_12' title='bbox 1542 815 1645 864; x_wconf 89' lang='lat' dir='ltr'>scam·</span> 
     </span>
     <span class='ocr_line' id='line_1_3' title="bbox 430 901 1475 990; baseline -0.005 -18"><span class='ocrx_word' id='word_1_13' title='bbox 430 928 518 982; x_wconf 92' lang='lat' dir='ltr'>num,</span> <span class='ocrx_word' id='word_1_14' title='bbox 544 906 598 971; x_wconf 92' lang='lat' dir='ltr'>ubi</span> <span class='ocrx_word' id='word_1_15' title='bbox 622 913 769 990; x_wconf 88' lang='lat' dir='ltr'>tempore</span> <span class='ocrx_word' id='word_1_16' title='bbox 793 906 975 971; x_wconf 86' lang='lat' dir='ltr'>constituto</span> <span class='ocrx_word' id='word_1_17' title='bbox 998 901 1278 969; x_wconf 88' lang='lat' dir='ltr'>thurificationem</span> <span class='ocrx_word' id='word_1_18' title='bbox 1302 906 1475 990; x_wconf 73' lang='lat' dir='ltr'>accipient.</span> 
     </span>
    </p>

    <p class='ocr_par' dir='ltr' id='par_1_3' title="bbox 342 1011 1648 1207">
     <span class='ocr_line' id='line_1_4' title="bbox 517 1011 1648 1097; baseline -0.004 -17"><span class='ocrx_word' id='word_1_19' title='bbox 517 1016 571 1080; x_wconf 82' lang='lat'>39.</span> <span class='ocrx_word' id='word_1_20' title='bbox 598 1014 642 1079; x_wconf 91' lang='lat' dir='ltr'>Ut</span> <span class='ocrx_word' id='word_1_21' title='bbox 663 1019 837 1078; x_wconf 86' lang='lat' dir='ltr'>cantatum·</span> <span class='ocrx_word' id='word_1_22' title='bbox 860 1013 928 1078; x_wconf 89' lang='lat' dir='ltr'>erit</span> <span class='ocrx_word' id='word_1_23' title='bbox 951 1011 1074 1079; x_wconf 79' lang='lat' dir='ltr'><em>Gloria</em></span> <span class='ocrx_word' id='word_1_24' title='bbox 1098 1011 1398 1088; x_wconf 85' lang='lat' dir='ltr'>Potri,.sedebunt</span> <span class='ocrx_word' id='word_1_25' title='bbox 1419 1018 1455 1078; x_wconf 93' lang='lat' dir='ltr'>et</span> <span class='ocrx_word' id='word_1_26' title='bbox 1476 1016 1576 1097; x_wconf 85' lang='lat' dir='ltr'>caput</span> <span class='ocrx_word' id='word_1_27' title='bbox 1602 1011 1648 1078; x_wconf 93' lang='lat' dir='ltr'>bi-</span> 
     </span>
     <span class='ocr_line' id='line_1_5' title="bbox 342 1117 729 1207; baseline -0.01 -20"><span class='ocrx_word' id='word_1_28' title='bbox 342 1117 346 1123; x_wconf 77' lang='grc'><strong>’</strong></span> <span class='ocrx_word' id='word_1_29' title='bbox 431 1129 503 1189; x_wconf 87' lang='grc'><strong>1616</strong></span> <span class='ocrx_word' id='word_1_30' title='bbox 527 1122 729 1207; x_wconf 79' lang='lat' dir='ltr'>cooperient.</span> 
     </span>
    </p>

    <p class='ocr_par' dir='ltr' id='par_1_4' title="bbox 430 1225 1647 1615">
     <span class='ocr_line' id='line_1_6' title="bbox 517 1225 1646 1316; baseline -0.003 -22"><span class='ocrx_word' id='word_1_31' title='bbox 517 1230 569 1293; x_wconf 79' lang='grc'>40.</span> <span class='ocrx_word' id='word_1_32' title='bbox 595 1228 662 1294; x_wconf 88' lang='lat' dir='ltr'>Sub</span> <span class='ocrx_word' id='word_1_33' title='bbox 679 1225 777 1292; x_wconf 90' lang='lat' dir='ltr'>tinem</span> <span class='ocrx_word' id='word_1_34' title='bbox 793 1227 1001 1312; x_wconf 78' lang='lat' dir='ltr'>repetitionis</span> <span class='ocrx_word' id='word_1_35' title='bbox 1016 1227 1218 1312; x_wconf 86' lang='lat' dir='ltr'>antiphonae</span> <span class='ocrx_word' id='word_1_36' title='bbox 1235 1234 1310 1314; x_wconf 90' lang='lat' dir='ltr'>post</span> <span class='ocrx_word' id='word_1_37' title='bbox 1321 1228 1646 1316; x_wconf 72' lang='lat' dir='ltr'>Magnificatcaput</span> 
     </span>
     <span class='ocr_line' id='line_1_7' title="bbox 430 1333 1646 1420; baseline -0.003 -19"><span class='ocrx_word' id='word_1_38' title='bbox 430 1336 597 1420; x_wconf 88' lang='lat' dir='ltr'>detegent,</span> <span class='ocrx_word' id='word_1_39' title='bbox 614 1340 828 1420; x_wconf 82' lang='lat' dir='ltr'>consurgent,</span> <span class='ocrx_word' id='word_1_40' title='bbox 842 1333 1022 1420; x_wconf 86' lang='lat' dir='ltr'>procedent</span> <span class='ocrx_word' id='word_1_41' title='bbox 1045 1340 1124 1399; x_wconf 89' lang='lat' dir='ltr'>ante</span> <span class='ocrx_word' id='word_1_42' title='bbox 1147 1334 1276 1411; x_wconf 85' lang='lat' dir='ltr'>Altare,</span> <span class='ocrx_word' id='word_1_43' title='bbox 1289 1355 1377 1420; x_wconf 84' lang='lat' dir='ltr'>genu</span> <span class='ocrx_word' id='word_1_44' title='bbox 1394 1333 1530 1400; x_wconf 83' lang='lat' dir='ltr'>flectent</span> <span class='ocrx_word' id='word_1_45' title='bbox 1546 1333 1646 1399; x_wconf 89' lang='lat' dir='ltr'>cruci</span> 
     </span>
     <span class='ocr_line' id='line_1_8' title="bbox 430 1440 1647 1528; baseline -0.002 -20"><span class='ocrx_word' id='word_1_46' title='bbox 430 1445 527 1508; x_wconf 86' lang='lat' dir='ltr'>etiam</span> <span class='ocrx_word' id='word_1_47' title='bbox 552 1463 627 1507; x_wconf 89' lang='lat' dir='ltr'>cum</span> <span class='ocrx_word' id='word_1_48' title='bbox 649 1443 828 1528; x_wconf 83' lang='lat' dir='ltr'>acolythis,</span> <span class='ocrx_word' id='word_1_49' title='bbox 852 1448 952 1526; x_wconf 78' lang='lat' dir='ltr'>atque</span> <span class='ocrx_word' id='word_1_50' title='bbox 976 1441 1092 1507; x_wconf 90' lang='lat' dir='ltr'>ordine</span> <span class='ocrx_word' id='word_1_51' title='bbox 1115 1444 1268 1528; x_wconf 88' lang='lat' dir='ltr'>superins</span> <span class='ocrx_word' id='word_1_52' title='bbox 1291 1442 1458 1527; x_wconf 88' lang='lat' dir='ltr'>descripto</span> <span class='ocrx_word' id='word_1_53' title='bbox 1487 1447 1565 1507; x_wconf 88' lang='lat' dir='ltr'>aute</span> <span class='ocrx_word' id='word_1_54' title='bbox 1589 1440 1647 1509; x_wconf 90' lang='lat' dir='ltr'>ce·</span> 
     </span>
     <span class='ocr_line' id='line_1_9' title="bbox 431 1549 808 1615; baseline -0.005 -1"><span class='ocrx_word' id='word_1_55' title='bbox 431 1551 617 1615; x_wconf 88' lang='lat' dir='ltr'>iebrantem</span> <span class='ocrx_word' id='word_1_56' title='bbox 642 1549 808 1615; x_wconf 87' lang='lat' dir='ltr'>redibunt.</span> 
     </span>
    </p>

    <p class='ocr_par' dir='ltr' id='par_1_5' title="bbox 431 1654 1649 2065">
     <span class='ocr_line' id='line_1_10' title="bbox 520 1654 1645 1733; baseline 0 -13"><span class='ocrx_word' id='word_1_57' title='bbox 520 1658 572 1720; x_wconf 79' lang='grc'>41.</span> <span class='ocrx_word' id='word_1_58' title='bbox 598 1656 665 1721; x_wconf 90' lang='lat' dir='ltr'>Sub</span> <span class='ocrx_word' id='word_1_59' title='bbox 689 1654 786 1721; x_wconf 86' lang='grc'><strong>111611</strong></span> <span class='ocrx_word' id='word_1_60' title='bbox 810 1657 979 1732; x_wconf 88' lang='lat' dir='ltr'>orationis,</span> <span class='ocrx_word' id='word_1_61' title='bbox 996 1658 1023 1719; x_wconf 89' lang='lat' dir='ltr'>si</span> <span class='ocrx_word' id='word_1_62' title='bbox 1041 1676 1108 1722; x_wconf 92' lang='lat' dir='ltr'>uua</span> <span class='ocrx_word' id='word_1_63' title='bbox 1123 1662 1254 1723; x_wconf 84' lang='lat' dir='ltr'>tanturn</span> <span class='ocrx_word' id='word_1_64' title='bbox 1270 1659 1343 1733; x_wconf 87' lang='lat' dir='ltr'>erit,</span> <span class='ocrx_word' id='word_1_65' title='bbox 1361 1676 1457 1722; x_wconf 88' lang='lat' dir='ltr'>secus</span> <span class='ocrx_word' id='word_1_66' title='bbox 1473 1657 1533 1722; x_wconf 90' lang='lat' dir='ltr'>sub</span> <span class='ocrx_word' id='word_1_67' title='bbox 1549 1654 1645 1720; x_wconf 88' lang='lat' dir='ltr'>flnem</span> 
     </span>
     <span class='ocr_line' id='line_1_11' title="bbox 433 1763 1649 1851; baseline -0.002 -23"><span class='ocrx_word' id='word_1_68' title='bbox 433 1765 580 1839; x_wconf 87' lang='lat' dir='ltr'>ultimae,</span> <span class='ocrx_word' id='word_1_69' title='bbox 597 1766 624 1828; x_wconf 90' lang='lat' dir='ltr'>si</span> <span class='ocrx_word' id='word_1_70' title='bbox 640 1764 814 1848; x_wconf 88' lang='lat' dir='ltr'>plusquam</span> <span class='ocrx_word' id='word_1_71' title='bbox 837 1763 902 1829; x_wconf 91' lang='lat' dir='ltr'>duo</span> <span class='ocrx_word' id='word_1_72' title='bbox 926 1763 1138 1850; x_wconf 84' lang='lat' dir='ltr'>pluvialistae</span> <span class='ocrx_word' id='word_1_73' title='bbox 1155 1765 1291 1842; x_wconf 87' lang='lat' dir='ltr'>luerint,</span> <span class='ocrx_word' id='word_1_74' title='bbox 1307 1766 1466 1851; x_wconf 86' lang='lat' dir='ltr'>postremi</span> <span class='ocrx_word' id='word_1_75' title='bbox 1489 1763 1554 1828; x_wconf 93' lang='lat' dir='ltr'>duo</span> <span class='ocrx_word' id='word_1_76' title='bbox 1576 1782 1649 1850; x_wconf 92' lang='lat' dir='ltr'>per-</span> 
     </span>
     <span class='ocr_line' id='line_1_12' title="bbox 432 1867 1649 1956; baseline 0.002 -21"><span class='ocrx_word' id='word_1_77' title='bbox 432 1877 512 1956; x_wconf 90' lang='lat' dir='ltr'>gent</span> <span class='ocrx_word' id='word_1_78' title='bbox 535 1876 613 1935; x_wconf 87' lang='lat' dir='ltr'>ante</span> <span class='ocrx_word' id='word_1_79' title='bbox 638 1871 755 1935; x_wconf 84' lang='lat' dir='ltr'>Altare</span> <span class='ocrx_word' id='word_1_80' title='bbox 779 1867 916 1935; x_wconf 89' lang='lat' dir='ltr'>flectent</span> <span class='ocrx_word' id='word_1_81' title='bbox 938 1890 1027 1956; x_wconf 90' lang='lat' dir='ltr'>genu</span> <span class='ocrx_word' id='word_1_82' title='bbox 1051 1879 1085 1936; x_wconf 91' lang='lat' dir='ltr'>et</span> <span class='ocrx_word' id='word_1_83' title='bbox 1108 1872 1293 1937; x_wconf 86' lang='lat' dir='ltr'>cantabunt</span> <span class='ocrx_word' id='word_1_84' title='bbox 1312 1873 1567 1938; x_wconf 75' lang='lat' dir='ltr'>Benedicamws</span> <span class='ocrx_word' id='word_1_85' title='bbox 1583 1869 1649 1937; x_wconf 92' lang='lat' dir='ltr'>Do·</span> 
     </span>
     <span class='ocr_line' id='line_1_13' title="bbox 431 1979 1554 2065; baseline -0.002 -21"><span class='ocrx_word' id='word_1_86' title='bbox 431 1979 524 2045; x_wconf 78' lang='lat' dir='ltr'>mino</span> <span class='ocrx_word' id='word_1_87' title='bbox 548 1997 624 2042; x_wconf 91' lang='lat' dir='ltr'>cum</span> <span class='ocrx_word' id='word_1_88' title='bbox 646 1979 743 2053; x_wconf 88' lang='lat' dir='ltr'>notis,</span> <span class='ocrx_word' id='word_1_89' title='bbox 768 1998 828 2042; x_wconf 90' lang='lat' dir='ltr'>seu</span> <span class='ocrx_word' id='word_1_90' title='bbox 852 1983 952 2042; x_wconf 88' lang='lat' dir='ltr'>cantu</span> <span class='ocrx_word' id='word_1_91' title='bbox 977 1981 1181 2065; x_wconf 89' lang='lat' dir='ltr'>praescripto</span> <span class='ocrx_word' id='word_1_92' title='bbox 1204 1999 1264 2064; x_wconf 89' lang='lat' dir='ltr'>pro</span> <span class='ocrx_word' id='word_1_93' title='bbox 1287 1979 1428 2064; x_wconf 90' lang='lat' dir='ltr'>singulis</span> <span class='ocrx_word' id='word_1_94' title='bbox 1451 1980 1554 2044; x_wconf 87' lang='lat' dir='ltr'>iestis.</span> 
     </span>
    </p>

    <p class='ocr_par' dir='ltr' id='par_1_6' title="bbox 431 2084 1649 2604">
     <span class='ocr_line' id='line_1_14' title="bbox 520 2084 1649 2171; baseline 0.001 -23"><span class='ocrx_word' id='word_1_95' title='bbox 520 2085 835 2149; x_wconf 61' lang='grc'><strong>4216116111</strong></span> <span class='ocrx_word' id='word_1_96' title='bbox 861 2084 1126 2170; x_wconf 89' lang='lat' dir='ltr'>praedictum,si</span> <span class='ocrx_word' id='word_1_97' title='bbox 1154 2091 1308 2152; x_wconf 89' lang='lat' dir='ltr'>cantatus</span> <span class='ocrx_word' id='word_1_98' title='bbox 1339 2087 1442 2151; x_wconf 84' lang='lat' dir='ltr'>fuerit</span> <span class='ocrx_word' id='word_1_99' title='bbox 1472 2106 1492 2150; x_wconf 90' lang='lat' dir='ltr'>a</span> <span class='ocrx_word' id='word_1_100' title='bbox 1521 2085 1649 2171; x_wconf 87' lang='lat' dir='ltr'>pluvia-</span> 
     </span>
     <span class='ocr_line' id='line_1_15' title="bbox 433 2191 1649 2279; baseline 0 -23"><span class='ocrx_word' id='word_1_101' title='bbox 433 2193 528 2266; x_wconf 89' lang='lat' dir='ltr'>listis,</span> <span class='ocrx_word' id='word_1_102' title='bbox 553 2193 588 2256; x_wconf 90' lang='lat' dir='ltr'>hi</span> <span class='ocrx_word' id='word_1_103' title='bbox 612 2191 767 2256; x_wconf 88' lang='lat' dir='ltr'>redibunt</span> <span class='ocrx_word' id='word_1_104' title='bbox 790 2197 869 2257; x_wconf 88' lang='lat' dir='ltr'>ante</span> <span class='ocrx_word' id='word_1_105' title='bbox 893 2191 1137 2268; x_wconf 75' lang='lat' dir='ltr'>celebrantem,</span> <span class='ocrx_word' id='word_1_106' title='bbox 1153 2199 1193 2258; x_wconf 82' lang='lat' dir='ltr'>ac</span> <span class='ocrx_word' id='word_1_107' title='bbox 1216 2195 1243 2258; x_wconf 87' lang='lat' dir='ltr'>si</span> <span class='ocrx_word' id='word_1_108' title='bbox 1267 2199 1341 2279; x_wconf 88' lang='lat' dir='ltr'>post</span> <span class='ocrx_word' id='word_1_109' title='bbox 1364 2194 1532 2278; x_wconf 85' lang='lat' dir='ltr'>Vesperas</span> <span class='ocrx_word' id='word_1_110' title='bbox 1556 2192 1649 2257; x_wconf 85' lang='lat' dir='ltr'>corn·</span> 
     </span>
     <span class='ocr_line' id='line_1_16' title="bbox 431 2291 1648 2386; baseline -0.002 -21"><span class='ocrx_word' id='word_1_111' title='bbox 431 2300 610 2386; x_wconf 88' lang='lat' dir='ltr'>pletorium</span> <span class='ocrx_word' id='word_1_112' title='bbox 635 2301 668 2363; x_wconf 94' lang='lat' dir='ltr'>in</span> <span class='ocrx_word' id='word_1_113' title='bbox 693 2300 795 2364; x_wconf 90' lang='lat' dir='ltr'>choro</span> <span class='ocrx_word' id='word_1_114' title='bbox 820 2299 1026 2376; x_wconf 86' lang='lat' dir='ltr'>recitabitur,</span> <span class='ocrx_word' id='word_1_115' title='bbox 1051 2291 1216 2366; x_wconf 75' lang='lat' dir='ltr'>eicedent</span> <span class='ocrx_word' id='word_1_116' title='bbox 1239 2322 1313 2366; x_wconf 84' lang='lat' dir='ltr'>curn</span> <span class='ocrx_word' id='word_1_117' title='bbox 1337 2320 1377 2366; x_wconf 94' lang='lat' dir='ltr'>eo</span> <span class='ocrx_word' id='word_1_118' title='bbox 1401 2305 1573 2365; x_wconf 81' lang='lat' dir='ltr'>servantes</span> <span class='ocrx_word' id='word_1_119' title='bbox 1597 2320 1648 2363; x_wconf 92' lang='lat' dir='ltr'>or·</span> 
     </span>
     <span class='ocr_line' id='line_1_17' title="bbox 432 2408 1648 2494; baseline -0.002 -20"><span class='ocrx_word' id='word_1_120' title='bbox 432 2409 541 2474; x_wconf 92' lang='lat' dir='ltr'>dinem</span> <span class='ocrx_word' id='word_1_121' title='bbox 558 2411 709 2494; x_wconf 86' lang='lat' dir='ltr'>superius</span> <span class='ocrx_word' id='word_1_122' title='bbox 734 2410 887 2473; x_wconf 85' lang='lat' dir='ltr'>innatum</span> <span class='ocrx_word' id='word_1_123' title='bbox 903 2415 938 2472; x_wconf 91' lang='lat' dir='ltr'>et</span> <span class='ocrx_word' id='word_1_124' title='bbox 954 2410 1204 2474; x_wconf 81' lang='lat' dir='ltr'>reminiscentes</span> <span class='ocrx_word' id='word_1_125' title='bbox 1229 2417 1267 2474; x_wconf 89' lang='lat' dir='ltr'>ut</span> <span class='ocrx_word' id='word_1_126' title='bbox 1289 2415 1325 2474; x_wconf 94' lang='lat' dir='ltr'>et</span> <span class='ocrx_word' id='word_1_127' title='bbox 1348 2409 1482 2475; x_wconf 90' lang='lat' dir='ltr'>clerum</span> <span class='ocrx_word' id='word_1_128' title='bbox 1498 2408 1648 2473; x_wconf 87' lang='lat' dir='ltr'>salutent</span> 
     </span>
     <span class='ocr_line' id='line_1_18' title="bbox 432 2514 1140 2604; baseline -0.001 -24"><span class='ocrx_word' id='word_1_129' title='bbox 432 2525 506 2604; x_wconf 88' lang='lat' dir='ltr'>post</span> <span class='ocrx_word' id='word_1_130' title='bbox 529 2518 754 2582; x_wconf 87' lang='lat' dir='ltr'>reverentiam</span> <span class='ocrx_word' id='word_1_131' title='bbox 776 2515 818 2580; x_wconf 91' lang='lat' dir='ltr'>ad</span> <span class='ocrx_word' id='word_1_132' title='bbox 841 2514 983 2581; x_wconf 89' lang='lat' dir='ltr'>crucem</span> <span class='ocrx_word' id='word_1_133' title='bbox 1008 2516 1140 2581; x_wconf 85' lang='lat' dir='ltr'>iactam.</span> 
     </span>
    </p>

    <p class='ocr_par' dir='ltr' id='par_1_7' title="bbox 433 2621 1652 3011">
     <span class='ocr_line' id='line_1_19' title="bbox 522 2621 1649 2708; baseline -0.002 -21"><span class='ocrx_word' id='word_1_134' title='bbox 522 2623 695 2698; x_wconf 70' lang='grc'><strong>4301611</strong></span> <span class='ocrx_word' id='word_1_135' title='bbox 725 2625 753 2688; x_wconf 89' lang='lat' dir='ltr'>si</span> <span class='ocrx_word' id='word_1_136' title='bbox 784 2623 903 2688; x_wconf 87' lang='lat' dir='ltr'>clerus</span> <span class='ocrx_word' id='word_1_137' title='bbox 935 2621 975 2687; x_wconf 92' lang='lat' dir='ltr'>de</span> <span class='ocrx_word' id='word_1_138' title='bbox 1005 2621 1109 2687; x_wconf 90' lang='lat' dir='ltr'>choro</span> <span class='ocrx_word' id='word_1_139' title='bbox 1140 2624 1289 2700; x_wconf 85' lang='lat' dir='ltr'>excedet,</span> <span class='ocrx_word' id='word_1_140' title='bbox 1315 2623 1495 2688; x_wconf 82' lang='lat' dir='ltr'>manebunt.</span> <span class='ocrx_word' id='word_1_141' title='bbox 1524 2623 1649 2708; x_wconf 87' lang='lat' dir='ltr'>pariter</span> 
     </span>
     <span class='ocr_line' id='line_1_20' title="bbox 433 2729 1648 2826; baseline -0.003 -29"><span class='ocrx_word' id='word_1_142' title='bbox 433 2731 520 2818; x_wconf 90' lang='lat' dir='ltr'>apud</span> <span class='ocrx_word' id='word_1_143' title='bbox 545 2731 778 2797; x_wconf 75' lang='lat' dir='ltr'>celebrantem</span> <span class='ocrx_word' id='word_1_144' title='bbox 801 2729 906 2795; x_wconf 91' lang='lat' dir='ltr'>donec</span> <span class='ocrx_word' id='word_1_145' title='bbox 930 2731 1092 2795; x_wconf 90' lang='lat' dir='ltr'>recitetur</span> <span class='ocrx_word' id='word_1_146' title='bbox 1115 2732 1296 2816; x_wconf 87' lang='lat' dir='ltr'>antiphona</span> <span class='ocrx_word' id='word_1_147' title='bbox 1312 2730 1419 2826; x_wconf 81' lang='lat' dir='ltr'>finalis</span> <span class='ocrx_word' id='word_1_148' title='bbox 1436 2731 1472 2793; x_wconf 92' lang='lat' dir='ltr'>B.</span> <span class='ocrx_word' id='word_1_149' title='bbox 1489 2729 1648 2814; x_wconf 83' lang='lat' dir='ltr'>Virginis,</span> 
     </span>
     <span class='ocr_line' id='line_1_21' title="bbox 434 2835 1652 2925; baseline -0.001 -22"><span class='ocrx_word' id='word_1_150' title='bbox 434 2845 507 2925; x_wconf 85' lang='lat' dir='ltr'>post</span> <span class='ocrx_word' id='word_1_151' title='bbox 531 2859 628 2923; x_wconf 91' lang='lat' dir='ltr'>quam</span> <span class='ocrx_word' id='word_1_152' title='bbox 652 2838 766 2902; x_wconf 89' lang='lat' dir='ltr'>eodem</span> <span class='ocrx_word' id='word_1_153' title='bbox 790 2836 906 2902; x_wconf 88' lang='lat' dir='ltr'>ordine</span> <span class='ocrx_word' id='word_1_154' title='bbox 930 2857 1025 2921; x_wconf 90' lang='lat' dir='ltr'>quem</span> <span class='ocrx_word' id='word_1_155' title='bbox 1050 2839 1083 2902; x_wconf 92' lang='grc'>11</span> <span class='ocrx_word' id='word_1_156' title='bbox 1107 2857 1243 2903; x_wconf 86' lang='lat' dir='ltr'>accessu</span> <span class='ocrx_word' id='word_1_157' title='bbox 1266 2837 1509 2922; x_wconf 88' lang='lat' dir='ltr'>descripsimus,</span> <span class='ocrx_word' id='word_1_158' title='bbox 1530 2835 1571 2902; x_wconf 93' lang='lat' dir='ltr'>ad</span> <span class='ocrx_word' id='word_1_159' title='bbox 1601 2855 1652 2902; x_wconf 86' lang='lat' dir='ltr'>sa·</span> 
     </span>
     <span class='ocr_line' id='line_1_22' title="bbox 434 2948 830 3011; baseline -0.01 0"><span class='ocrx_word' id='word_1_160' title='bbox 434 2948 579 3011; x_wconf 88' lang='lat' dir='ltr'>crarium</span> <span class='ocrx_word' id='word_1_161' title='bbox 605 2951 830 3011; x_wconf 78' lang='lat' dir='ltr'>revertentur.</span> 
     </span>
    </p>

    <p class='ocr_par' dir='ltr' id='par_1_8' title="bbox 524 3051 1649 3119">
     <span class='ocr_line' id='line_1_23' title="bbox 524 3051 1649 3119; baseline 0.001 -3"><span class='ocrx_word' id='word_1_162' title='bbox 524 3056 575 3117; x_wconf 76' lang='lat'>44.</span> <span class='ocrx_word' id='word_1_163' title='bbox 600 3053 676 3117; x_wconf 92' lang='grc'><strong>11116</strong></span> <span class='ocrx_word' id='word_1_164' title='bbox 693 3060 785 3118; x_wconf 87' lang='grc'><strong>16613</strong></span> <span class='ocrx_word' id='word_1_165' title='bbox 801 3054 891 3118; x_wconf 90' lang='lat' dir='ltr'>linea</span> <span class='ocrx_word' id='word_1_166' title='bbox 908 3073 982 3118; x_wconf 90' lang='lat' dir='ltr'>cum</span> <span class='ocrx_word' id='word_1_167' title='bbox 1000 3054 1199 3119; x_wconf 82' lang='lat' dir='ltr'>Celebrante</span> <span class='ocrx_word' id='word_1_168' title='bbox 1216 3055 1439 3118; x_wconf 80' lang='lat' dir='ltr'>reverentiam</span> <span class='ocrx_word' id='word_1_169' title='bbox 1455 3052 1497 3117; x_wconf 90' lang='lat' dir='ltr'>ad</span> <span class='ocrx_word' id='word_1_170' title='bbox 1509 3051 1649 3119; x_wconf 90' lang='lat' dir='ltr'>crucem</span> 
     </span>
    </p>
   </div>
   <div class='ocr_carea' id='block_1_3' title="bbox 434 3157 1654 4645">
    <p class='ocr_par' dir='ltr' id='par_1_9' title="bbox 434 3157 1649 3354">
     <span class='ocr_line' id='line_1_24' title="bbox 436 3157 1649 3246; baseline 0 -22"><span class='ocrx_word' id='word_1_171' title='bbox 436 3161 490 3225; x_wconf 86' lang='lat' dir='ltr'>vel</span> <span class='ocrx_word' id='word_1_172' title='bbox 514 3161 555 3225; x_wconf 88' lang='lat' dir='ltr'>ad</span> <span class='ocrx_word' id='word_1_173' title='bbox 578 3163 751 3245; x_wconf 84' lang='lat' dir='ltr'>imaginem</span> <span class='ocrx_word' id='word_1_174' title='bbox 776 3162 966 3246; x_wconf 89' lang='lat' dir='ltr'>primariam</span> <span class='ocrx_word' id='word_1_175' title='bbox 996 3163 1133 3226; x_wconf 86' lang='lat' dir='ltr'>sacrarii</span> <span class='ocrx_word' id='word_1_176' title='bbox 1157 3159 1310 3236; x_wconf 89' lang='lat' dir='ltr'>efficient,</span> <span class='ocrx_word' id='word_1_177' title='bbox 1335 3180 1407 3225; x_wconf 86' lang='lat' dir='ltr'>sese</span> <span class='ocrx_word' id='word_1_178' title='bbox 1437 3157 1478 3225; x_wconf 90' lang='lat' dir='ltr'>ad</span> <span class='ocrx_word' id='word_1_179' title='bbox 1509 3160 1649 3224; x_wconf 74' lang='lat' dir='ltr'>invicem</span> 
     </span>
     <span class='ocr_line' id='line_1_25' title="bbox 434 3251 1454 3354; baseline -0.001 -21"><span class='ocrx_word' id='word_1_180' title='bbox 434 3268 629 3333; x_wconf 85' lang='lat' dir='ltr'>salutabunt</span> <span class='ocrx_word' id='word_1_181' title='bbox 653 3274 687 3333; x_wconf 90' lang='lat' dir='ltr'>et</span> <span class='ocrx_word' id='word_1_182' title='bbox 709 3269 857 3353; x_wconf 85' lang='lat' dir='ltr'>pluviale</span> <span class='ocrx_word' id='word_1_183' title='bbox 881 3288 955 3333; x_wconf 89' lang='lat' dir='ltr'>cum</span> <span class='ocrx_word' id='word_1_184' title='bbox 980 3268 1222 3354; x_wconf 89' lang='lat' dir='ltr'>superpelliceo</span> <span class='ocrx_word' id='word_1_185' title='bbox 1246 3268 1421 3354; x_wconf 90' lang='lat' dir='ltr'>deponent.</span> <span class='ocrx_word' id='word_1_186' title='bbox 1449 3251 1454 3266; x_wconf 62' lang='grc'><strong><em>’</em></strong></span> 
     </span>
    </p>

    <p class='ocr_par' dir='ltr' id='par_1_10' title="bbox 434 3374 1651 4087">
     <span class='ocr_line' id='line_1_26' title="bbox 524 3374 1651 3459; baseline 0 -20"><span class='ocrx_word' id='word_1_187' title='bbox 524 3376 576 3440; x_wconf 79' lang='grc'>45.</span> <span class='ocrx_word' id='word_1_188' title='bbox 602 3376 635 3440; x_wconf 89' lang='lat' dir='ltr'>Si</span> <span class='ocrx_word' id='word_1_189' title='bbox 660 3396 728 3440; x_wconf 88' lang='lat' dir='ltr'>mos</span> <span class='ocrx_word' id='word_1_190' title='bbox 752 3377 818 3441; x_wconf 89' lang='lat' dir='ltr'>erit</span> <span class='ocrx_word' id='word_1_191' title='bbox 839 3374 992 3440; x_wconf 89' lang='lat' dir='ltr'>adolendi</span> <span class='ocrx_word' id='word_1_192' title='bbox 1016 3375 1135 3440; x_wconf 83' lang='lat' dir='ltr'>Altare</span> <span class='ocrx_word' id='word_1_193' title='bbox 1159 3375 1215 3441; x_wconf 88' lang='lat' dir='ltr'>SS.</span> <span class='ocrx_word' id='word_1_194' title='bbox 1242 3375 1446 3441; x_wconf 87' lang='lat' dir='ltr'>Sacramenti</span> <span class='ocrx_word' id='word_1_195' title='bbox 1471 3374 1570 3459; x_wconf 90' lang='lat' dir='ltr'>(quod</span> <span class='ocrx_word' id='word_1_196' title='bbox 1594 3376 1651 3439; x_wconf 93' lang='lat' dir='ltr'>mi·</span> 
     </span>
     <span class='ocr_line' id='line_1_27' title="bbox 434 3483 1651 3568; baseline 0.002 -23"><span class='ocrx_word' id='word_1_197' title='bbox 434 3485 520 3546; x_wconf 90' lang='lat' dir='ltr'>nime</span> <span class='ocrx_word' id='word_1_198' title='bbox 537 3503 556 3546; x_wconf 87' lang='lat' dir='ltr'>a</span> <span class='ocrx_word' id='word_1_199' title='bbox 573 3483 814 3548; x_wconf 76' lang='lat' dir='ltr'>caeremoniali</span> <span class='ocrx_word' id='word_1_200' title='bbox 826 3483 1062 3568; x_wconf 86' lang='lat' dir='ltr'>Episcoporum</span> <span class='ocrx_word' id='word_1_201' title='bbox 1079 3483 1319 3567; x_wconf 87' lang='lat' dir='ltr'>praescribitur</span> <span class='ocrx_word' id='word_1_202' title='bbox 1335 3503 1400 3567; x_wconf 91' lang='lat' dir='ltr'>quo</span> <span class='ocrx_word' id='word_1_203' title='bbox 1417 3485 1523 3568; x_wconf 89' lang='lat' dir='ltr'>capite</span> <span class='ocrx_word' id='word_1_204' title='bbox 1538 3484 1651 3568; x_wconf 83' lang='lat' dir='ltr'>agitur</span> 
     </span>
     <span class='ocr_line' id='line_1_28' title="bbox 435 3589 1650 3677; baseline 0.002 -23"><span class='ocrx_word' id='word_1_205' title='bbox 435 3589 475 3654; x_wconf 91' lang='lat' dir='ltr'>de</span> <span class='ocrx_word' id='word_1_206' title='bbox 499 3591 658 3676; x_wconf 86' lang='lat' dir='ltr'>Vesperis</span> <span class='ocrx_word' id='word_1_207' title='bbox 683 3589 890 3656; x_wconf 87' lang='lat' dir='ltr'>celebrandis</span> <span class='ocrx_word' id='word_1_208' title='bbox 915 3592 948 3654; x_wconf 93' lang='lat' dir='ltr'>in</span> <span class='ocrx_word' id='word_1_209' title='bbox 972 3589 1236 3665; x_wconf 87' lang='lat' dir='ltr'>cathedralibus,</span> <span class='ocrx_word' id='word_1_210' title='bbox 1258 3590 1395 3656; x_wconf 85' lang='lat' dir='ltr'>absente</span> <span class='ocrx_word' id='word_1_211' title='bbox 1419 3590 1590 3677; x_wconf 84' lang='lat' dir='ltr'>Episcopo,</span> <span class='ocrx_word' id='word_1_212' title='bbox 1616 3600 1650 3657; x_wconf 93' lang='grc'>61</span> 
     </span>
     <span class='ocr_line' id='line_1_29' title="bbox 435 3696 1650 3785; baseline 0.005 -26"><span class='ocrx_word' id='word_1_213' title='bbox 435 3698 468 3759; x_wconf 90' lang='grc'>11</span> <span class='ocrx_word' id='word_1_214' title='bbox 493 3696 700 3783; x_wconf 83' lang='lat' dir='ltr'>collegiatis)</span> <span class='ocrx_word' id='word_1_215' title='bbox 725 3718 824 3781; x_wconf 90' lang='lat' dir='ltr'>quum</span> <span class='ocrx_word' id='word_1_216' title='bbox 849 3699 914 3761; x_wconf 88' lang='lat' dir='ltr'>erit</span> <span class='ocrx_word' id='word_1_217' title='bbox 937 3697 1554 3785; x_wconf 66' lang='grc'><strong>111611111111119311661,0616111316</strong></span> <span class='ocrx_word' id='word_1_218' title='bbox 1578 3719 1650 3765; x_wconf 88' lang='lat' dir='ltr'>sese</span> 
     </span>
     <span class='ocr_line' id='line_1_30' title="bbox 435 3804 1650 3893; baseline 0.002 -24"><span class='ocrx_word' id='word_1_219' title='bbox 435 3804 533 3869; x_wconf 88' lang='lat' dir='ltr'>addet</span> <span class='ocrx_word' id='word_1_220' title='bbox 556 3806 758 3890; x_wconf 85' lang='lat' dir='ltr'>pluvialistis</span> <span class='ocrx_word' id='word_1_221' title='bbox 779 3812 815 3870; x_wconf 89' lang='grc'>61</span> <span class='ocrx_word' id='word_1_222' title='bbox 837 3810 915 3870; x_wconf 88' lang='grc'><strong>3116</strong></span> <span class='ocrx_word' id='word_1_223' title='bbox 939 3805 1058 3869; x_wconf 70' lang='grc'><strong>1111316</strong></span> <span class='ocrx_word' id='word_1_224' title='bbox 1074 3805 1197 3870; x_wconf 83' lang='grc'><strong>1361611</strong></span> <span class='ocrx_word' id='word_1_225' title='bbox 1215 3806 1435 3871; x_wconf 78' lang='lat' dir='ltr'>reverentiam</span> <span class='ocrx_word' id='word_1_226' title='bbox 1452 3807 1650 3893; x_wconf 77' lang='lat' dir='ltr'>profundam</span> 
     </span>
     <span class='ocr_line' id='line_1_31' title="bbox 435 3905 1650 3981; baseline 0.003 -4"><span class='ocrx_word' id='word_1_227' title='bbox 435 3913 475 3977; x_wconf 89' lang='lat' dir='ltr'>ad</span> <span class='ocrx_word' id='word_1_228' title='bbox 507 3914 645 3979; x_wconf 88' lang='lat' dir='ltr'>crucem</span> <span class='ocrx_word' id='word_1_229' title='bbox 671 3920 705 3978; x_wconf 90' lang='lat' dir='ltr'>et</span> <span class='ocrx_word' id='word_1_230' title='bbox 729 3934 764 3978; x_wconf 88' lang='lat' dir='ltr'>se</span> <span class='ocrx_word' id='word_1_231' title='bbox 788 3913 997 3978; x_wconf 87' lang='lat' dir='ltr'>inclinabunt</span> <span class='ocrx_word' id='word_1_232' title='bbox 1020 3912 1061 3977; x_wconf 89' lang='lat' dir='ltr'>ad</span> <span class='ocrx_word' id='word_1_233' title='bbox 1087 3913 1221 3978; x_wconf 90' lang='lat' dir='ltr'>clerum</span> <span class='ocrx_word' id='word_1_234' title='bbox 1246 3914 1278 3976; x_wconf 94' lang='lat' dir='ltr'>in</span> <span class='ocrx_word' id='word_1_235' title='bbox 1303 3915 1406 3979; x_wconf 88' lang='lat' dir='ltr'>choro</span> <span class='ocrx_word' id='word_1_236' title='bbox 1440 3905 1559 3979; x_wconf 85' lang='lat' dir='ltr'>ordine¹</span> <span class='ocrx_word' id='word_1_237' title='bbox 1586 3917 1650 3981; x_wconf 88' lang='lat' dir='ltr'>iam</span> 
     </span>
     <span class='ocr_line' id='line_1_32' title="bbox 436 4025 628 4087; baseline -0.005 -1"><span class='ocrx_word' id='word_1_238' title='bbox 436 4025 628 4087; x_wconf 85' lang='lat' dir='ltr'>constitute.</span> 
     </span>
    </p>

    <p class='ocr_par' dir='ltr' id='par_1_11' title="bbox 437 4128 1654 4429">
     <span class='ocr_line' id='line_1_33' title="bbox 525 4128 1651 4216; baseline 0.005 -24"><span class='ocrx_word' id='word_1_239' title='bbox 525 4130 576 4193; x_wconf 76' lang='grc'>46.</span> <span class='ocrx_word' id='word_1_240' title='bbox 602 4128 725 4193; x_wconf 88' lang='lat' dir='ltr'>Deinde</span> <span class='ocrx_word' id='word_1_241' title='bbox 750 4130 985 4213; x_wconf 87' lang='lat' dir='ltr'>praeeuntibus</span> <span class='ocrx_word' id='word_1_242' title='bbox 1009 4130 1178 4216; x_wconf 86' lang='lat' dir='ltr'>acolythis</span> <span class='ocrx_word' id='word_1_243' title='bbox 1202 4130 1295 4207; x_wconf 87' lang='lat' dir='ltr'>binis,</span> <span class='ocrx_word' id='word_1_244' title='bbox 1320 4132 1484 4199; x_wconf 83' lang='lat' dir='ltr'>excedent</span> <span class='ocrx_word' id='word_1_245' title='bbox 1507 4154 1525 4198; x_wconf 95' lang='grc'>6</span> <span class='ocrx_word' id='word_1_246' title='bbox 1549 4134 1651 4200; x_wconf 91' lang='lat' dir='ltr'>choro</span> 
     </span>
     <span class='ocr_line' id='line_1_34' title="bbox 437 4236 1654 4323; baseline 0.004 -21"><span class='ocrx_word' id='word_1_247' title='bbox 437 4244 608 4323; x_wconf 87' lang='lat' dir='ltr'>postquam</span> <span class='ocrx_word' id='word_1_248' title='bbox 632 4236 697 4301; x_wconf 93' lang='lat' dir='ltr'>duo</span> <span class='ocrx_word' id='word_1_249' title='bbox 721 4236 887 4321; x_wconf 90' lang='lat' dir='ltr'>digniores</span> <span class='ocrx_word' id='word_1_250' title='bbox 911 4237 1124 4323; x_wconf 85' lang='lat' dir='ltr'>pluvialistae</span> <span class='ocrx_word' id='word_1_251' title='bbox 1148 4238 1289 4304; x_wconf 91' lang='lat' dir='ltr'>medium</span> <span class='ocrx_word' id='word_1_252' title='bbox 1314 4241 1401 4306; x_wconf 91' lang='lat' dir='ltr'>inter</span> <span class='ocrx_word' id='word_1_253' title='bbox 1424 4262 1459 4307; x_wconf 87' lang='lat' dir='ltr'>ee</span> <span class='ocrx_word' id='word_1_254' title='bbox 1476 4243 1654 4309; x_wconf 80' lang='lat' dir='ltr'>Celebran-</span> 
     </span>
     <span class='ocr_line' id='line_1_35' title="bbox 440 4346 726 4429; baseline -0.014 -19"><span class='ocrx_word' id='word_1_255' title='bbox 440 4351 504 4410; x_wconf 88' lang='lat' dir='ltr'>tem</span> <span class='ocrx_word' id='word_1_256' title='bbox 528 4346 726 4429; x_wconf 86' lang='lat' dir='ltr'>acceperint.</span> 
     </span>
    </p>

    <p class='ocr_par' dir='ltr' id='par_1_12' title="bbox 439 4452 1653 4645">
     <span class='ocr_line' id='line_1_36' title="bbox 526 4452 1653 4544; baseline 0.008 -28"><span class='ocrx_word' id='word_1_257' title='bbox 526 4454 578 4516; x_wconf 72' lang='lat'>47.</span> <span class='ocrx_word' id='word_1_258' title='bbox 603 4453 776 4518; x_wconf 87' lang='lat' dir='ltr'>Exeuntes</span> <span class='ocrx_word' id='word_1_259' title='bbox 793 4473 811 4515; x_wconf 90' lang='lat' dir='ltr'>e</span> <span class='ocrx_word' id='word_1_260' title='bbox 828 4452 1035 4536; x_wconf 85' lang='lat' dir='ltr'>presbyterio</span> <span class='ocrx_word' id='word_1_261' title='bbox 1058 4456 1249 4538; x_wconf 89' lang='lat' dir='ltr'>cooperient</span> <span class='ocrx_word' id='word_1_262' title='bbox 1272 4464 1371 4542; x_wconf 90' lang='lat' dir='ltr'>caput</span> <span class='ocrx_word' id='word_1_263' title='bbox 1395 4460 1510 4534; x_wconf 88' lang='lat' dir='ltr'>bireto,</span> <span class='ocrx_word' id='word_1_264' title='bbox 1528 4464 1560 4523; x_wconf 88' lang='lat' dir='ltr'>et</span> <span class='ocrx_word' id='word_1_265' title='bbox 1580 4460 1653 4544; x_wconf 92' lang='lat' dir='ltr'>plu·</span> 
     </span>
     <span class='ocr_line' id='line_1_37' title="bbox 439 4560 1627 4645; baseline 0.008 -25"><span class='ocrx_word' id='word_1_266' title='bbox 439 4560 570 4624; x_wconf 81' lang='lat' dir='ltr'>vialista</span> <span class='ocrx_word' id='word_1_267' title='bbox 595 4562 719 4645; x_wconf 83' lang='lat' dir='ltr'>primns</span> <span class='ocrx_word' id='word_1_268' title='bbox 743 4560 884 4624; x_wconf 88' lang='lat' dir='ltr'>biretum</span> <span class='ocrx_word' id='word_1_269' title='bbox 909 4580 983 4624; x_wconf 90' lang='lat' dir='ltr'>cum</span> <span class='ocrx_word' id='word_1_270' title='bbox 1007 4562 1269 4629; x_wconf 83' lang='lat' dir='ltr'>osculationibus</span> <span class='ocrx_word' id='word_1_271' title='bbox 1294 4565 1484 4633; x_wconf 86' lang='lat' dir='ltr'>celebranti</span> <span class='ocrx_word' id='word_1_272' title='bbox 1508 4567 1627 4633; x_wconf 81' lang='lat' dir='ltr'>tradet.</span> 
     </span>
    </p>
   </div>
   <div class='ocr_carea' id='block_1_4' title="bbox 0 0 2103 5717">
    <p class='ocr_par' dir='ltr' id='par_1_13' title="bbox 0 0 2103 5717">
     <span class='ocr_line' id='line_1_38' title="bbox 0 0 2103 5717; baseline 0 0"><span class='ocrx_word' id='word_1_273' title='bbox 0 0 2103 5717; x_wconf 95' lang='lat' dir='ltr'> </span> 
     </span>
    </p>
   </div>
  </div>
 </body>
</html>
