4175 5717
524 685 586 753 134
809 655 817 668 ο
893 695 896 702 ’
982 706 1048 755 nm.
1075 709 1096 754 ι.

431 822 522 881 stent
543 814 584 880 ad
608 812 793 880 canendum
815 814 977 900 hymnum
1003 815 1135 893 Gloria,
1156 813 1251 893 'laus
1275 825 1307 885 et
1322 813 1445 894 bonor,
1465 824 1501 883 ut
1516 807 1578 886 illo
1592 807 1647 882 die

431 922 664 1009 praescribunt
687 922 851 988 rubricae.

520 1030 573 1097 23.
599 1031 636 1095 ln
659 1030 745 1096 feria
767 1030 825 1095 Vl.
851 1031 885 1095 in
917 1030 1106 1096 Palasceve
1133 1037 1289 1098 cantores
1323 1032 1388 1098 duo
1422 1038 1523 1098 erunt
1547 1051 1651 1119 prope

434 1138 552 1206 Altare
574 1157 639 1222 quo
662 1143 828 1203 momento
852 1137 945 1203 (trux
968 1137 1155 1223 detegetur,
1177 1145 1215 1205 ut
1238 1145 1380 1225 pergant
1403 1158 1524 1205 canere
1547 1139 1651 1205 verba

434 1248 479 1315 In
501 1267 571 1333 quo
594 1248 694 1313 sulus
715 1247 844 1314 muudi
859 1248 1038 1330 pependit.

520 1356 574 1422 24.
599 1356 635 1419 ln
667 1354 803 1420 sabbato
835 1361 951 1421 sancto
975 1361 1009 1420 et
1032 1356 1066 1419 in
1090 1355 1206 1441 vigilia
1228 1356 1456 1432 Pentecostes,
1480 1353 1545 1420 duo
1568 1349 1671 1437 cap-‚⁵

433 1471 523 1529 tores
547 1462 687 1548 genibus
710 1458 807 1527 flexis
830 1462 872 1527 ad
895 1461 1081 1528 scabellum
1103 1464 1246 1548 positum
1280 1464 1314 1527 in
1338 1461 1444 1527 medio
1477 1462 1592 1538 choro,
1615 1462 1650 1526 in

433 1590 497 1655 quo
521 1569 659 1635 Missale
687 1571 753 1635 erit
783 1569 940 1647 locatum,
973 1576 1096 1635 canent
1125 1570 1284 1646 Litanias
1312 1576 1470 1636 caventes
1500 1585 1542 1634 ne
1571 1568 1651 1634 illas·

430 1679 590 1764 incipiant
613 1679 646 1742 in
669 1676 866 1744 discedendo
897 1699 917 1741 a
947 1676 1151 1764 baptisterio,
1175 1676 1233 1743 sed
1268 1697 1369 1762 quum
1400 1676 1581 1743 Celebran's
1615 1682 1651 1742 et

434 1785 579 1850 blinistri
602 1768 681 1850 ante
704 1784 822 1850 Altare
846 1786 1006 1871 prostrati
1030 1791 1140 1850 erunt.

520 1893 574 1959 25.
599 1894 636 1957 ln
660 1892 925 1978 processionibus
948 1892 989 1957 de
1012 1891 1191 1958 maioribus
1222 1892 1470 1977 minoribusque
1500 1891 1650 1968 Litaniis,

434 2002 532 2066 etiam
545 2001 579 2065 in
595 1999 701 2065 medio
714 2000 818 2065 choro
834 2000 982 2082 Litanias
998 2001 1157 2086 incipient
1173 2020 1277 2085 usque
1292 1999 1335 2064 ad
1349 2006 1456 2065 totum
1472 2005 1504 2074 t.
1521 1990 1652 2067 Sancto

433 2108 554 2173 Μανία
577 2127 641 2174 oro
661 2126 729 2189 pro
752 2106 863 2184 nobis,
888 2114 923 2174 et
945 2114 1192 2194 prosequentur
1215 2127 1271 2172 eas
1296 2110 1329 2171 in
1353 2108 1575 2193 processione,
1595 2125 1652 2172 cu·

432 2221 546 2280 rantes
573 2221 609 2280 ut
631 2215 708 2281 illas
732 2216 779 2280 ita
809 2215 959 2281 canendo
994 2215 1193 2301 dispescant,
1218 2223 1256 2281 ut
1286 2235 1403 2281 earum
1433 2220 1552 2281 cantus
1582 2235 1650 2280 non

433 2324 524 2407 prius
548 2320 693 2399 finiatur,
717 2342 814 2407 quam
838 2328 1036 2409 perventum
1065 2324 1108 2389 sit
1130 2322 1171 2387 ad
1202 2323 1397 2400 Ecclesiam,
1429 2323 1485 2389 ubi
1513 2343 1651 2409 proces·

433 2430 517 2493 sioni
542 2426 616 2493 finis
639 2430 837 2515 imponetur.

521 2537 573 2602 26.
599 2535 786 2603 Notandum
808 2544 920 2603 autem
944 2538 1030 2622 quod
1053 2545 1124 2603 tum
1148 2539 1182 2602 in
1197 2536 1464 2624 processionibus
1480 2538 1562 2614 istis,
1579 2544 1650 2603 tum

432 2646 465 2709 in
489 2645 626 2710 sabbato
649 2656 767 2711 sancto
790 2653 824 2711 et
846 2648 879 2710 in
904 2648 1018 2732 vigilia
1042 2648 1270 2724 Pentecostes,
1295 2648 1446 2712 Litaniae
1478 2653 1557 2712 sunt
1581 2643 1650 2710 'du-

432 2751 616 2837 plicandae,
648 2772 707 2818 seu
739 2753 858 2819 Clarus
890 2761 925 2820 et
953 2754 1125 2821 adstantes
1155 2754 1279 2820 debent
1311 2761 1464 2841 repetere
1499 2752 1651 2820 eumdem

431 2880 575 2936 versum,
601 2881 697 2945 quem
721 2862 783 2947 ipsi
806 2868 961 2928 cantores
986 2864 1179 2928 cecinerint.

519 2968 571 3034 27.
596 2970 771 3034 Postremo
795 2989 837 3035 ne
861 2969 936 3055 plus
959 2989 1065 3053 aequo
1089 2970 1180 3054 longi
1205 2971 1318 3046 simus,
1343 2969 1545 3034 monebimus
1562 2968 1651 3053 quod

432 3096 657 3161 quaecumque
692 3079 735 3142 sit
765 3076 966 3142 celebranda
1000 3078 1139 3153 functi0,
1171 3081 1345 3141 cantorum
1380 3076 1580 3162 praefectus,
1613 3083 1653 3141 ut

432 3192 524 3250 recte
548 3184 739 3250 moderetur
763 3186 856 3250 chori
881 3192 1025 3260 cantum,
1051 3186 1232 3251 convenire
1255 3183 1451 3249 debetcum
1479 3183 1654 3249 caeremo-

432 3294 574 3357 niarium
599 3293 769 3377 Magistro,
794 3294 833 3358 ab
850 3313 955 3377 eoque
972 3300 1158 3379 opportuna
1173 3293 1324 3379 accipere
1340 3290 1547 3366 documenta,
1565 3308 1651 3374 quae

432 3399 563 3465 curabit
586 3408 623 3464 ut
647 3420 667 3464 a
689 3401 880 3466 cantoribus
904 3400 965 3466 sibi
989 3401 1140 3466 obnoxiis
1164 3405 1321 3466 accurate
1345 3399 1575 3464 observentur.

707 3723 757 3780 DE
778 3724 971 3783 MlNlSl'RO
992 3724 1138 3782 MISSAE
1161 3721 1369 3781 pulverea.

927 4034 1069 4101 curor
1094 4034 1151 4099 xr.

998 4218 1030 4298 g,
1058 4215 1085 4279 1.

434 4479 461 4547 l.
487 4406 701 4562 Minister,
725 4485 795 4549 sive
819 4488 857 4550 ut
879 4478 944 4549 dici
967 4482 1065 4561 solet,
1090 4485 1277 4549 inserviens
1305 4483 1473 4554 Sacrificio
1505 4486 1651 4572 privato,

431 4592 621 4676 priusquam
644 4595 709 4659 hoc
731 4593 884 4678 angelice
907 4593 1092 4658 ministerio
1115 4592 1289 4677 fungatur,
1316 4615 1458 4679 aequum
1488 4600 1586 4671 esset,
1611 4598 1651 4658 ut
