4175 5717
541 987 602 1054 134
999 1007 1065 1056 uro.
1091 1002 1126 1055 rr.

323 1186 324 1189 ,
445 1116 616 1203 Responso
639 1136 659 1181 a
682 1116 784 1181 choro
808 1116 880 1183 Deo
900 1117 1050 1200 oratius,
1066 1114 1270 1182 Celebransa
1286 1132 1354 1179 non
1371 1110 1507 1180 adiiciet
1523 1119 1556 1189 t.
1571 1107 1660 1181 Fido·

445 1224 530 1290 tium
548 1223 688 1289 animae
703 1230 766 1288 etc.
784 1221 943 1306 siquidem
958 1222 1145 1288 immediate
1160 1226 1321 1306 sequetur
1338 1221 1460 1287 Missae
1476 1220 1658 1288 celebratio.

443 1331 527 1395 Dum
550 1332 683 1395 canitur
706 1331 821 1405 oratio,
847 1329 1006 1415 Acolythi
1030 1329 1233 1394 candelabra
1256 1329 1472 1395 sustinebunt
1493 1333 1572 1395 ante
1603 1327 1661 1396 Ge·

442 1436 638 1514 lebrantem,
663 1443 697 1502 et
721 1438 863 1523 repetito
885 1436 925 1502 ab
949 1457 989 1502 eo
1012 1437 1185 1505 Dominus
1209 1435 1386 1504 uobiscum
1421 1437 1560 1502 venient
1589 1441 1664 1500 ante

442 1544 561 1611 Altare
585 1553 623 1611 ut
645 1565 720 1610 cum
744 1544 804 1610 illo
828 1546 862 1609 in
885 1546 1068 1632 sacrarium
1087 1550 1314 1612 revertantur.

532 1652 582 1718 13.
608 1651 780 1737 Completo
803 1651 979 1729 Matutino
1007 1652 1190 1720 celebrans
1213 1671 1290 1717 cum
1319 1650 1522 1738 pluvialistis
1550 1669 1696 1738 proces

440 1758 521 1826 dent
542 1764 621 1824 ante
645 1759 773 1836 Altam,
798 1764 832 1824 et
855 1759 945 1825 fecta
970 1759 1070 1826 simul
1094 1779 1170 1825 cum
1186 1759 1364 1845 Acolythis
1381 1758 1424 1824 ad
1440 1757 1560 1832 Altera
1575 1776 1696 1826 reva-

441 1866 627 1932 rentiavel
652 1863 886 1951 genuflexione
910 1872 944 1934 ct
967 1868 1160 1932 reverentia
1183 1865 1224 1932 ad
1248 1867 1385 1933 Clarum
1407 1868 1442 1931 in
1472 1866 1583 1944 choro,
1605 1884 1690 1932 re-

440 1973 556 2038 dibunt
572 1974 605 2037 in
622 1976 804 2039 sacrarium
828 1972 1105 2060 praecedentibus
1122 1973 1312 2060 Acolythis
1328 1972 1439 2058 ibique
1455 1973 1678 2059 pluvialistae

439 2078 605 2166 deponent
627 2080 786 2166 pluviale,
810 2101 850 2148 ac
873 2080 1054 2147 Celebrans
1078 2086 1202 2147 exutus
1226 2088 1260 2146 et
1273 2082 1353 2166 ‘ipse
1369 2081 1523 2166 pluviali,
1540 2080 1665 2168 parabi-

440 2193 497 2252 tur
520 2207 580 2273 pro
604 2188 706 2254 Missa
728 2208 804 2256 cum
827 2190 930 2254 sacris
954 2189 1127 2254 Ministris.

531 2296 580 2360 14.
606 2296 725 2363 Olarus
750 2297 895 2363 restabit.
918 2299 954 2361 in
984 2296 1088 2364 choro
1118 2315 1159 2361 ac
1188 2295 1324 2373 sedebit,
1348 2294 1427 2361 dum
1455 2297 1491 2361 in
1519 2297 1644 2363 sacrario

439 2402 620 2468 Gelebrans
643 2405 826 2489 parabitur·
840 2424 915 2472 cum
939 2404 1112 2479 Ministris‚
1130 2404 1186 2487 qui
1202 2402 1343 2468 exibunt
1359 2422 1376 2470 e
1394 2402 1499 2469 choro
1514 2408 1571 2470 aut
1585 2422 1641 2469 cun

438 2508 637 2575 Celebrante
661 2513 740 2596 ipso,
765 2519 825 2577 aut
847 2510 962 2597 paullo
986 2515 1065 2575 ante
1098 2530 1195 2594 quam
1227 2509 1426 2588 absolvatur
1452 2510 1641 2578 Matutinus.

527 2615 577 2681 15.
602 2617 726 2682 Deinde
750 2618 931 2685 Celebrans
949 2638 1025 2684 cum
1042 2618 1216 2694 Ministris,
1233 2617 1471 2703 praeeuntibus
1487 2618 1645 2705 Acolytbis

437 2723 593 2789 redibunt
615 2726 649 2789 in
673 2726 823 2802 chorum,
847 2731 882 2791 et
906 2725 1053 2792 salutato
1078 2724 1177 2791 Clero
1201 2724 1382 2810 procedent
1408 2725 1449 2791 ad
1481 2725 1597 2792 Altare
1621 2731 1647 2790 et

435 2831 540 2913 prima
563 2831 663 2896 Missa
694 2832 915 2897 inchoabitur.
941 2832 1129 2897 Notandum
1160 2838 1282 2909 autem,
1308 2830 1395 2916 quod
1427 2833 1530 2898 Missa
1560 2834 1650 2919 prima

437 2956 502 3000 non
526 2946 678 3003 estante
703 2939 842 3005 mediam
866 2945 998 3004 noctem
1026 2939 1222 3024 incipienda.

527 3046 576 3111 16.
602 3047 703 3111 Missa
727 3045 952 3113 celebrabitur
977 3049 1043 3113 ritu
1063 3049 1277 3132 praescripto
1301 3066 1371 3132 cap.
1396 3047 1456 3111 IV.
1481 3052 1516 3113 et
1539 3047 1580 3113 ad
1608 3049 1653 3112 in·

437 3154 640 3218 tonationem
663 3155 778 3239 hymni
806 3154 927 3222 Gloria
949 3156 988 3221 irs
1010 3156 1159 3221 emoetsis
1183 3153 1411 3240 pulsabuntur
1435 3159 1595 3241 campano
1616 3157 1655 3220 fe

439 3260 526 3323 stivo
550 3281 652 3325 more.

526 3369 575 3432 17.
601 3369 684 3433 Dum
701 3370 892 3435 cantabitur
908 3376 939 3444 t.
953 3370 997 3438 Et
1013 3371 1226 3437 incarnatus
1243 3377 1295 3438 est
1310 3377 1372 3435 eto.
1388 3370 1574 3438 Celebrans
1589 3392 1654 3437 cun

435 3475 593 3540 Ministris
618 3482 773 3560 totusque
798 3477 927 3553 Clarus,
952 3498 1012 3543 suo
1037 3479 1175 3562 quisque
1207 3478 1282 3543 loco
1314 3486 1349 3543 et
1382 3480 1491 3563 capite
1526 3479 1652 3554 nudato,

434 3584 466 3647 in
490 3603 599 3667 genua
622 3585 849 3668 procumbent.
874 3584 1058 3650 Celebrans
1083 3593 1118 3650 et
1141 3586 1285 3650 Ministri
1309 3588 1341 3648 in
1365 3584 1478 3650 infimo
1501 3587 1653 3671 gradus

434 3691 540 3755 latere
564 3691 744 3775 Epistulae.
770 3693 798 3756 si
821 3692 969 3757 sederint
993 3693 1025 3756 in
1051 3712 1196 3767 scamno;
1221 3695 1271 3757 sin
1289 3699 1400 3757 autem
1416 3701 1533 3759 essent
1548 3694 1589 3759 ad
1603 3692 1653 3758 Al·

432 3805 514 3870 tare,
539 3798 779 3881 geniculabunt
802 3800 836 3863 in
860 3798 968 3863 medio
992 3820 1093 3884 super
1118 3805 1268 3865 extremo
1296 3799 1518 3886 suppedaneo.
1545 3802 1651 3867 Thuri

433 3906 556 3969 serario
580 3926 682 3970 curae
706 3908 758 3982 sit,
783 3907 838 3971 vel
858 3906 957 3972 alteri
975 3907 1108 3982 clerico,
1128 3927 1327 3991 praeparare
1339 3907 1530 3992 ¹pulvillum
1546 3910 1578 3974 in
1594 3926 1649 3992 quo

434 4012 638 4097 geniculabit
663 4012 856 4078 Celebrans.
1290 4031 1292 4033 ·

522 4119 571 4184 18.
597 4118 647 4184 Ad
673 4118 881 4184 Oelebrantis
906 4123 1136 4186 comunionem
1162 4120 1460 4196 caeremoniarius
1486 4122 1544 4188 rel
1570 4123 1648 4187 Aco-

431 4228 547 4315 lythus
572 4227 691 4311 aliquis
723 4225 840 4293 afferet
870 4228 911 4293 ad
942 4230 1062 4294 Altare
1090 4232 1124 4293 in
1157 4230 1246 4294 latus
1282 4229 1454 4314 Epistolae
1486 4229 1646 4295 vasculum

429 4355 534 4420 aquae
558 4356 633 4400 cum
657 4335 882 4422 purificatorio
900 4358 959 4421 pro
978 4337 1187 4403 Celebrantis
1212 4335 1443 4423 purificatione
1467 4337 1644 4424 digitorum.

429 4443 517 4508 alter
540 4443 730 4528 Acolythus
754 4445 787 4507 in
810 4443 958 4509 eamdem
984 4452 1113 4530 partem
1137 4446 1226 4509 feret
1249 4444 1363 4509 calicis
1387 4445 1513 4509 velum.

517 4551 567 4616 19.
594 4550 738 4616 Calicem
763 4570 781 4614 a
806 4550 1005 4617 Oelebrante
1030 4559 1293 4617 consummatum
1318 4556 1351 4616 et
1376 4554 1409 4615 in
1441 4552 1551 4619 medio
1579 4569 1644 4618 cor·

425 4661 532 4745 porali
556 4659 739 4745 depositum
767 4657 995 4724 Subdiaconus
1012 4660 1104 4746 palla
1121 4662 1299 4747 cooperiet.
1325 4659 1512 4726 Celebrans
1537 4661 1642 4728 iunctis

427 4766 575 4832 manibus
599 4766 732 4832 adiiciet
755 4768 948 4832 orationem.
977 4767 1076 4840 Quod
1098 4788 1159 4864 osc
1183 4769 1400 4852 sumpsimus
1429 4775 1494 4835 etc.
1521 4768 1643 4836 Subdia·

427 4894 530 4939 conus
554 4881 652 4940 extra
675 4874 850 4960 corporale
874 4875 1101 4961 praesentabit
1125 4878 1155 4940 ei
1180 4877 1355 4942 vasculum
1378 4896 1496 4960 aquae,
1529 4879 1562 4943 in
1590 4893 1643 4960 quo
