4175 5717
979 763 1046 811 ΜΒ.
1072 764 1093 811 1.

713 975 764 1032 on
783 975 914 1035 sscrm
933 977 1137 1037 coucroun
1157 977 1357 1060 nannum,

904 1321 1047 1388 CAPUT
1071 1321 1178 1389 XVll.

435 1607 461 1669 l.
489 1524 738 1714 Quibusdam
762 1609 795 1673 in
819 1607 1022 1682 Seminariis,
1047 1615 1087 1674 ut
1109 1608 1340 1674 adolescentes
1370 1611 1405 1674 in
1432 1627 1527 1675 sacro
1551 1608 1653 1672 mini-

431 1714 532 1778 sterio
555 1721 788 1792 exerceantur,
813 1716 901 1781 solet
923 1717 962 1781 iis
985 1718 1146 1782 committi
1170 1715 1312 1782 officium
1335 1714 1562 1791 concionandi,
1579 1716 1652 1781 sive

432 1820 472 1884 de
496 1820 595 1886 rebus
618 1821 738 1887 divinis
762 1823 802 1888 ad
826 1825 983 1910 populum
1018 1843 1205 1890 sermonem
1240 1824 1392 1891 habendi.
1424 1825 1468 1891 Ut
1494 1823 1559 1889 hoc
1589 1841 1655 1889 no-

432 1935 539 1993 strum
562 1932 716 1996 manuale
740 1932 889 1997 omnibus
922 1933 989 1996 suis
1024 1933 1183 2017 partibus,
1217 1931 1325 2017 quoad
1356 1930 1428 1998 fieri
1458 1937 1577 2018 potest,
1611 1931 1656 1996 sit

430 2036 621 2103 absolutum
645 2045 679 2105 et.
701 2042 742 2107 ad
766 2039 972 2125 disciplinam
997 2040 1162 2106 conducat
1179 2042 1335 2106 iuvenum
1353 2040 1565 2117 clericorum,
1582 2039 1657 2122 qui·

431 2145 492 2212 bus
516 2166 649 2232 operam
672 2159 831 2232 nostram,
854 2153 1093 2234 cuiuscumque
1118 2151 1162 2214 sit
1187 2148 1317 2213 demum
1341 2150 1449 2234 pretii,
1473 2148 1566 2213 ultro
1590 2165 1656 2212 na·
1740 2178 1744 2186 ·

434 2277 559 2333 vamus,
583 2256 743 2340 quaedam
767 2258 830 2323 hoc
853 2257 1001 2344 capitulo
1020 2257 1179 2322 addemus
1196 2259 1323 2322 monita
1338 2255 1379 2322 de
1403 2258 1470 2322 ritu
1486 2257 1522 2320 in
1547 2255 1656 2322 sacris

434 2365 649 2429 concionibus
673 2365 849 2431 servando.

519 2472 550 2537 2.
576 2473 697 2539 Goncio
721 2474 926 2559 regulariter
948 2473 1101 2539 habenda
1123 2477 1211 2539 esset
1233 2479 1307 2558 post
1331 2471 1553 2557 Evangelium
1569 2471 1657 2536 Mis-

434 2599 490 2645 sae
513 2587 676 2646 cantatae:
701 2589 812 2646 tamen
836 2587 912 2668 post
934 2581 1069 2647 Missam
1092 2582 1192 2647 etiam
1214 2579 1270 2645 vel
1295 2587 1551 2667 post·vesperas
1582 2575 1669 2646 fleri

434 2690 565 2773 poterit,
591 2690 701 2774 prouti
725 2690 828 2774 magis
853 2689 1019 2756 conducet
1041 2689 1083 2754 ad
1106 2687 1275 2775 populum,
1301 2690 1395 2753 iuxta
1410 2686 1565 2753 mandata
1581 2687 1661 2774 Epi·

434 2799 524 2884 scopi
547 2797 717 2863 ordinarii.

521 2904 552 2969 3.
577 2905 687 2990 Atque
722 2908 795 2972 heic
827 2925 1116 2992 supervacaneum
1146 2926 1219 2972 esse
1251 2904 1478 2970 existimamus
1508 2922 1659 2981 monere,

435 3012 520 3096 qu'od
544 3033 604 3098 pro
628 3014 816 3080 exercendo
840 3013 1095 3101 praedicationis
1112 3011 1219 3078 officio
1235 3012 1380 3078 eiusdem
1398 3010 1556 3078 ordinarii
1574 3010 1660 3097 Epi-

436 3122 525 3206 scopi
549 3120 695 3187 facultas
719 3123 922 3206 requiratur.

525 3231 555 3293 4.
581 3230 832 3294 Concionatoris
857 3229 989 3295 habitus
1014 3234 1066 3294 est
1089 3227 1367 3315 superpelliceum
1384 3247 1484 3314 super
1499 3231 1595 3293 veste
1609 3231 1662 3292 ta·

436 3337 510 3400 lari:
535 3338 562 3401 si
587 3319 803 3403 concionator
827 3339 891 3402 erit
915 3336 1105 3402 Canonicus
1129 3343 1163 3401 et
1187 3337 1250 3401 boc
1281 3336 1463 3400 ministerio
1493 3335 1662 3421 fungatur

436 3446 470 3508 in
494 3446 628 3529 propria
652 3444 816 3521 Ecclesia,
840 3450 956 3510 utetur
980 3444 1097 3510 habitu
1124 3444 1263 3533 chorali:
1289 3444 1316 3508 si
1341 3442 1381 3508 de
1413 3442 1561 3528 regulari
1594 3445 1662 3510 erit

439 3553 547 3628 Clero,
574 3552 731 3619 retinebit
753 3554 901 3620 habitum
926 3553 1051 3621 ordinis
1075 3554 1136 3619 sui:
1161 3554 1210 3618 sin
1228 3572 1271 3616 ex
1286 3552 1399 3635 aliquo
1415 3549 1568 3617 sodalitio
1585 3551 1663 3618 cle-

439 3662 589 3724 ricorum
614 3661 832 3745 regularium,
857 3661 1111 3747 superpelliceo,
1136 3666 1301 3744 tamquam
1325 3659 1469 3723 clericus
1484 3657 1662 3739 secularis,
1686 3745 1692 3752 ·

438 3769 605 3833 induetur.

527 3879 557 3942 5.
573 3878 694 3944 Clerici
711 3885 781 3944 tum
798 3878 983 3964 regulares,
1001 3885 1073 3942 tum
1089 3878 1259 3943 seculares
1276 3875 1382 3940 bireto
1395 3875 1494 3939 etiam
1506 3878 1662 3940 utantur.

527 3988 557 4052 6.
582 3987 692 4052 Extra
715 3987 836 4053 Urbem
858 3986 1074 4050 concionator
1100 3984 1221 4049 stolam
1238 4000 1368 4068 quoque
1383 3979 1520 4046 adhibet
1533 3979 1575 4045 ad
1592 3979 1666 4046 col·

440 4098 518 4172 lum,
544 4098 570 4160 si
596 4096 781 4181 presbyter,
807 4092 970 4159 diaconali
992 4098 1105 4158 autem
1128 4112 1219 4158 more
1243 4111 1344 4177 super
1366 4090 1506 4155 humero
1523 4089 1665 4154 sinistro

440 4206 466 4268 si
492 4206 665 4269 Diaconus.

527 4314 556 4374 7.
583 4311 616 4375 Si
641 4316 713 4396 post
739 4309 959 4394 Evangelium
983 4310 1099 4374 concio
1124 4308 1303 4373 habebitur
1327 4312 1361 4371 et
1384 4306 1567 4391 Episcopus
1603 4324 1665 4369 or-

439 4416 586 4482 dinarius
610 4399 727 4494 aderit,
752 4418 808 4501 qui
831 4436 927 4480 sacro
959 4417 1101 4481 solemni
1132 4417 1275 4490 intersit,
1314 4414 1530 4479 concionator
1559 4431 1664 4477 manu

440 4524 607 4588 sustinens
632 4524 786 4599 biretum,
811 4524 990 4588 comitante
1026 4524 1161 4608 clerico,
1185 4523 1240 4606 qui
1275 4520 1396 4586 stolam
1430 4518 1666 4605 complicatam

439 4625 565 4705 afferet,
590 4652 624 4694 se
648 4633 745 4697 sistet
768 4632 801 4695 in
826 4630 1037 4717 presbyterio
1063 4649 1165 4715 prope
1190 4628 1309 4694 Altare
1332 4646 1472 4693 acornu
1489 4626 1666 4714 Epistolae

445 4739 504 4802 sub
529 4739 654 4803 exitum
678 4738 849 4823 gradualis
872 4745 929 4803 aut
952 4745 1082 4803 tractus
1107 4739 1160 4821 qui
1185 4741 1335 4801 canetur.
