4175 5717
525 659 568 724 58
987 679 1053 728 sie.
1080 677 1099 727 ι.

521 788 597 853 sto.
622 784 753 864 Sedebit
777 787 817 852 ad
842 787 1018 854 lectionem
1044 787 1206 854 Pontifioii
1224 789 1340 854 Brevis
1356 795 1426 854 tum
1444 787 1559 855 latino.
1579 794 1651 853 tum

435 896 568 980 vulgari
592 915 754 961 sermone.

521 1002 597 1067 557.
622 1002 801 1069 Submittet
823 1022 932 1090 genua
955 1003 996 1069 ad
1020 1023 1135 1090 preces
1159 1002 1257 1069 etad
1280 1002 1552 1070 benedictionem.

522 1109 605 1204 558.
623 1108 732 1175 Stabit
754 1109 795 1176 ad
819 1110 1074 1195 publicationem
1101 1110 1338 1196 indulgentiae.

796 1327 827 1404 §-
852 1326 904 1390 41.
929 1273 973 1392 la
992 1324 1288 1410 processionibus.

521 1540 596 1604 556.
621 1539 655 1605 Si
680 1539 861 1625 Episcopus
885 1537 1037 1605 officiabit
1064 1542 1095 1605 in
1122 1541 1260 1606 Litaniis
1285 1542 1463 1607 maioribus
1487 1546 1521 1606 et
1543 1539 1585 1606 ad
1600 1539 1657 1604 Li·

432 1648 539 1711 tanias
563 1648 707 1711 minores
730 1647 874 1736 assistpt,
900 1653 1071 1733 postquam
1097 1649 1165 1733 ipse
1189 1649 1319 1713 venerit
1341 1654 1420 1714 ante
1444 1647 1562 1712 hltare
1585 1665 1656 1712 ma-

434 1756 569 1829 ximum,
592 1754 818 1837 unusquisque
841 1753 881 1818 de
906 1753 1005 1819 Glero
1028 1754 1138 1818 lorum
1171 1775 1266 1819 suum
1297 1753 1470 1840 occupabit
1493 1759 1525 1818 et
1550 1752 1653 1818 stabit

432 1861 537 1927 donec
562 1861 741 1947 Episcopus
765 1862 868 1926 sacris
891 1860 1063 1947 parabitur
1083 1861 1294 1928 indumentis.

520 1969 595 2034 560.
620 1965 828 2034 Genuflectet
858 1967 975 2033 deinde
1003 1990 1122 2034 versus
1150 1969 1347 2056 Episcopum
1383 1970 1423 2035 de
1453 1970 1575 2035 throno
1609 1969 1664 2036 ad.

432 2077 550 2142 Altare
574 2074 827 2142 descendentem
851 2081 884 2141 et
906 2074 1145 2141 benedictionis
1169 2078 1298 2162 signum
1333 2075 1510 2143 donantem
1539 2076 1653 2142 Olero.

463 2197 466 2202 ‘
519 2182 594 2248 561.
619 2182 726 2250 Stabit
749 2180 825 2249 dum
848 2189 990 2249 canetur
1011 2183 1193 2270 antiphona
1228 2183 1387 2269 Ecuryc,
1408 2183 1556 2251 Domine
1586 2188 1653 2250 etc.
1743 2265 1746 2276 Ι

518 2290 592 2355 562.
618 2289 669 2355 Ad
692 2295 826 2365 cantum
850 2291 1057 2357 Litaniarum
1079 2309 1190 2376 genua
1216 2288 1338 2356 flectet.
1405 2291 1409 2300 '

519 2398 594 2463 563.
618 2398 798 2482 Postquam
828 2404 998 2464 cantatum
1030 2400 1074 2463 sit
1105 2404 1140 2464 et
1161 2399 1339 2484 repetitum
1364 2403 1395 2472 ,1.
1421 2397 1655 2466 8999191119-

431 2525 497 2581 rao,
521 2526 586 2571 ora
604 2524 675 2589 pro
697 2504 807 2580 nobas
831 2507 1057 2591 unusquisque
1080 2504 1120 2571 de
1144 2505 1243 2572 Glero
1268 2511 1447 2592 consurget
1473 2505 1654 2572 ordinatim

431 2619 464 2678 et
487 2609 720 2698 genuflexione
743 2612 783 2677 ad
809 2613 926 2679 Altare
950 2619 1087 2699 peracta
1111 2614 1143 2677 in
1168 2613 1274 2678 medio
1298 2613 1518 2700 presbyterio,
1538 2613 1652 2679 locum

431 2721 491 2786 sibi
515 2720 661 2786 debitum
683 2722 716 2785 in
740 2722 949 2805 processione
981 2720 1164 2805 occupabit.
1191 2721 1298 2785 Extra
1325 2721 1498 2786 ecclesiam
1532 2719 1654 2786 Olenus

431 2828 592 2893 secularis
615 2834 714 2914 caput
736 2827 843 2893 bireto
867 2829 1004 2914 operiet.

518 2935 593 3000 564.
619 2935 652 3001 Si
673 2941 741 3019 'qua
763 2936 795 2998 in
822 2935 972 2999 Ecclesia
1001 2936 1222 3019 processionis
1250 2937 1349 3000 statio
1378 2933 1435 3000 liet
1465 2936 1498 3000 in
1529 2935 1653 3002 itinere

431 3063 467 3108 se
490 3043 641 3127 disponet
666 3041 784 3107 Clerus
813 3043 904 3106 circa
930 3041 1049 3106 Altare
1081 3044 1113 3105 in
1143 3062 1242 3106 unuin
1271 3049 1327 3107 aut
1360 3043 1474 3129 plures
1504 3041 1651 3119 ordines,

432 3155 468 3215 ut
500 3150 675 3233 unicuique
708 3148 915 3224 indicabitur,
948 3155 982 3212 et
1012 3146 1279 3233 genuflexionem
1311 3149 1351 3213 ad
1385 3149 1502 3214 Altare
1530 3147 1651 3214 efficiet

430 3263 501 3323 turn
526 3259 558 3321 in
582 3276 717 3322 accessu
740 3255 781 3320 ad
812 3256 997 3320 Ecclesiam
1025 3261 1096 3320 tum
1129 3258 1160 3320 in
1193 3256 1339 3321 discessu
1367 3256 1408 3321 de
1437 3258 1516 3342 ipsa.
1542 3254 1651 3330 Quum

431 3365 621 3429 cantabitur
644 3364 833 3449 antiphona.
862 3383 978 3427 versus
1002 3369 1033 3427 et
1067 3365 1173 3427 oratio
1204 3362 1316 3428 Sancti
1347 3365 1478 3448 patroni
1506 3361 1652 3428 stabitur

433 3471 579 3558 pedibus.
607 3501 614 3516 ·

520 3578 594 3643 565.
620 3578 763 3664 idipsum
787 3576 976 3643 observabit
999 3578 1031 3642 in
1057 3578 1209 3643 Ecclesia
1234 3578 1267 3642 in
1291 3597 1356 3661 qua
1380 3579 1546 3663 processio
1565 3597 1653 3642 coni·

431 3686 575 3772 pleatur,
600 3693 631 3749 et
657 3706 756 3770 quum
780 3691 858 3750 ante
882 3684 1001 3750 Altare
1025 3686 1158 3750 uenerit.
1181 3685 1373 3770 Episcopus.
1401 3684 1442 3749 ad
1473 3705 1588 3770 preces
1617 3691 1652 3750 et

432 3795 599 3857 orationes
623 3811 706 3875 quae
731 3798 903 3867 canentur,
929 3791 1067 3875 genibus
1091 3788 1186 3856 flexis
1210 3791 1355 3857 manebit
1378 3792 1507 3857 Clerus.

518 3899 593 3964 566.
619 3898 743 3964 Eadem
759 3898 931 3963 methodus
948 3898 1181 3963 observabitur
1198 3900 1231 3962 in
1249 3900 1369 3963 ceteris
1386 3899 1534 3976 Litaniis,
1555 3919 1653 3966 exce-

433 4010 496 4094 ptis
520 4009 558 4071 iis
583 4026 666 4091 quae
694 4006 880 4070 notavimus
904 4004 944 4070 de
974 4012 1133 4091 tempore,
1162 4026 1226 4089 quo
1254 4006 1426 4091 parabitur
1457 4006 1649 4093 Episcopum

431 4117 493 4180 nisi
519 4116 605 4180 enim
629 4111 770 4179 officium
795 4119 999 4196 exsequetur
1022 4133 1089 4177 non
1117 4113 1274 4178 induetur
1304 4115 1407 4178 sacris
1439 4117 1651 4198 paramentis.

755 4332 786 4413 §.
811 4329 863 4394 42.
889 4328 932 4393 lu
955 4328 1074 4412 cipitia
1099 4328 1329 4395 Pentecostes.

520 4544 595 4610 567.
621 4545 761 4611 Functio
778 4544 915 4608 huiusce
932 4542 983 4607 die
1000 4542 1115 4606 similis
1131 4548 1180 4607 est
1198 4542 1330 4608 Sabbati
1345 4542 1458 4607 Sancti
1475 4542 1652 4618 functioni.
