4175 5717
521 697 561 757 io
747 750 752 765 ,
985 713 1049 759 ors.
1076 713 1095 757 1.

520 821 595 886 385.
622 821 765 905 Quisque
789 821 870 885 ordo
887 823 919 884 in
936 821 1039 884 choro
1056 819 1180 884 sedebit
1196 805 1350 904 potquam
1367 840 1480 887 omnes
1498 823 1552 906 qui
1576 823 1648 887 eius

433 929 556 993 ordinis
581 932 669 1003 sunt,
694 925 865 992 candelam
888 928 1088 1012 acceperint.

519 1036 594 1101 386.
621 1031 830 1100 Gonuflectet
854 1033 972 1099 Clarus
996 1032 1037 1099 ad
1060 1033 1262 1099 ablutionem
1294 1054 1449 1099 manuum
1486 1035 1649 1122 Episcopi.

422 1143 428 1151 '
521 1144 596 1207 387.
622 1141 729 1207 Stabit
750 1140 792 1206 ad
815 1143 1007 1212 orationem.
1031 1159 1116 1226 quae
1140 1144 1383 1227 processionem
1406 1143 1591 1230 praecedet.

518 1251 593 1315 388.
619 1250 800 1333 Postquam
816 1254 985 1315 cantatum
1002 1249 1106 1314 fuerit
1122 1249 1364 1317 Procedamus
1379 1252 1417 1317 io
1430 1270 1528 1334 paee,
1545 1250 1649 1316 exibit

429 1353 666 1422 ordinatim'de
700 1357 814 1432 choro,
850 1363 883 1421 et
914 1355 1002 1421 facta
1025 1356 1067 1420 ad
1093 1355 1209 1421 Altare
1244 1362 1278 1421 et
1310 1356 1512 1444 Episcopum
1539 1376 1648 1443 genu-

434 1463 590 1537 flexione,
623 1465 854 1547 unusquisque.
877 1469 983 1528 sumet
1010 1464 1049 1527 -in
1079 1464 1289 1549 processione
1316 1464 1426 1529 locum
1458 1464 1519 1530 sibi
1549 1466 1650 1529 attri-

434 1572 559 1636 butum.
1594 1552 1596 1558 ’

513 1679 596 1744 389.
622 1678 657 1742 ln
683 1678 791 1744 reditu
815 1677 855 1743 ad
880 1678 1018 1742 chorum
1047 1684 1121 1763 post
1149 1678 1401 1763 processionem,
1427 1681 1652 1764 unusquisque

434 1783 698 1870 genuflexionem
721 1785 822 1852 faciet
844 1785 884 1849 ad
909 1785 1027 1850 Altera
1051 1792 1086 1850 et
1108 1785 1149 1849 ad
1172 1785 1310 1850 stallum
1334 1807 1430 1851 suum
1454 1786 1582 1852 redibit.

521 1893 597 1959 390.
623 1893 728 1967 Quum
755 1893 935 1978 Episcopus
960 1898 1152 1958 revertetur
1174 1891 1215 1956 ad
1239 1892 1367 1969 Altera,
1388 1890 1577 1978 genuflexio
1594 1892 1653 1959 fiet

435 2020 552 2065 versus
577 2000 725 2066 eumdem
747 1999 825 2065 dum
850 1999 948 2065 Claro
972 1999 1107 2064 donabit
1130 1999 1400 2065 benedictionem.

523 2108 597 2172 391.
623 2108 659 2173 In
684 2108 793 2183 Missa,
818 2108 872 2172 cui
896 2108 1049 2171 intererit
1073 2107 1264 2192 Episcopus,
1289 2107 1422 2172 eaedem
1447 2107 1583 2194 regulae
1600 2130 1655 2174 su-

438 2215 548 2300 perius
570 2234 629 2300 pro
654 2214 716 2280 hac
740 2215 911 2280 iunctione
934 2215 1152 2299 praestitutae
1176 2213 1452 2326 observabpntur.

751 2434 782 2513 ξ.
808 2431 860 2495 34.
886 2429 929 2495 Iu
947 2430 1046 2512 ‘ferie
1069 2427 1092 2492 I
1095 2428 1131 2491 V.
1158 2428 1335 2494 Cinaram.

520 2646 593 2709 392.
620 2646 738 2711 Clarus
761 2663 871 2729 genua
901 2645 1081 2714 submittet.
1113 2638 1212 2728 quum
1245 2644 1435 2731 Episcopus,
1451 2645 1500 2726 ‚ad
1533 2647 1652 2712 Ait-are

436 2753 572 2815 veniens
595 2752 703 2816 orabit
727 2748 924 2836 genuflexus
947 2749 988 2815 ad
1011 2750 1245 2816 faldistorium.

523 2860 597 2924 393.
623 2858 730 2924 Stabit
752 2858 828 2923 dum
854 2858 1035 2944 Episcopus
1059 2878 1155 2923 sacra
1177 2858 1370 2923 indumenta
1393 2866 1510 2937 sumet,
1534 2881 1574 2926 ac
1598 2881 1655 2948 po·

436 2973 506 3030 stea
530 2968 570 3031 ad
595 2969 762 3033 orationes
787 2967 826 3031 ab
851 2968 921 3052 ipso
945 2966 1109 3033 canendas
1137 2986 1197 3052 pro
1229 2966 1383 3032 Cinerum
1414 2967 1653 3035 benedictione.

525 3076 600 3139 394.
627 3076 857 3159 Unusquisque
882 3074 921 3138 de
947 3073 1045 3139 Clero
1069 3073 1155 3139 alius
1171 3080 1244 3160 post
1260 3074 1361 3139 alium
1380 3078 1491 3141 veniet
1506 3076 1547 3142 ad
1562 3078 1677 3145 thro.

441 3205 515 3247 oum
541 3183 579 3246 ad
604 3184 811 3269 accipiendas
827 3183 866 3246 ab
884 3182 1045 3267 Episcopo
1069 3183 1209 3257 cineres,
1227 3182 1363 3266 ideoque
1385 3182 1652 3269 genuflexionem

435 3294 531 3357 iaciot
557 3293 597 3356 ad
622 3292 748 3366 ditare,
773 3289 889 3356 deinde
913 3288 952 3353 ad
978 3289 1176 3374 Episcopum
1199 3295 1375 3373 antequam
1403 3291 1585 3357 ascendant
1608 3293 1649 3356 ad

437 3402 603 3476 thronum;
628 3421 692 3484 quo
716 3420 814 3484 quum
838 3396 1026 3462 ascenderit
1041 3396 1212 3462 submittet
1228 3417 1337 3481 genua
1353 3419 1453 3484 super
1468 3398 1652 3464 scabellum

437 3508 616 3573 cathedrae
647 3507 853 3595 episcopalis,
878 3506 1019 3590 accipiet
1044 3505 1085 3568 ab
1109 3506 1270 3592 Episcopo
1301 3507 1444 3571 cinerem
1468 3508 1547 3590 quin
1582 3509 1652 3572 eius

440 3636 571 3681 manum
596 3616 778 3691 osculatum
803 3611 982 3680 descendet
1004 3633 1024 3677 a
1047 3613 1155 3677 latere
1179 3613 1218 3678 de
1242 3614 1372 3689 throno,
1397 3614 1529 3679 iterabit
1551 3634 1655 3699 genn·

440 3722 614 3788 flexionem
639 3722 679 3786 ad
703 3723 909 3809 Episcopum,
930 3728 1029 3804 atque
1053 3720 1216 3785 etiamad
1240 3720 1368 3797 Altero,
1394 3722 1420 3787 si
1444 3728 1522 3786 ante
1545 3723 1651 3807 ipsum

437 3834 477 3895 sit
501 3832 707 3895 transiturus
731 3850 830 3915 quum
853 3830 894 3894 ad
917 3831 1027 3894 iocum
1052 3850 1147 3894 suum
1169 3829 1297 3894 redibit.

522 3938 596 4004 395.
622 3937 767 4022 Quisque
790 3938 882 4002 chori
907 3937 987 4001 ordo
1011 3937 1137 4002 sedebit
1160 3944 1330 4023 postquam
1358 3939 1549 4022 omnesqui
1579 3940 1652 4003 eius

437 4047 559 4111 ordinis
584 4052 671 4120 sunt,
696 4048 841 4112 cinerem
867 4024 1075 4133 recoperint?

524 4155 599 4220 396.
626 4153 678 4220 Ad
693 4153 897 4220 ablutionem
913 4173 1069 4220 manuum
1087 4156 1238 4242 Episcopi
1254 4154 1372 4220 Gierus
1393 4153 1650 4238 geniculabitur.

523 4263 597 4326 5397.
623 4262 731 4328 Stabit
753 4261 794 4327 ad
818 4264 1000 4328 orationem
1025 4283 1120 4347 quam
1145 4269 1243 4328 canet
1266 4263 1447 4348 Episcopus
1472 4268 1545 4346 post
1564 4262 1653 4325 cine-

441 4389 510 4431 rum
537 4372 784 4455 impositionem.

524 4478 598 4542 398.
624 4480 660 4542 In
684 4479 794 4548 Missa.
819 4480 871 4543 cui
897 4479 1077 4564 Episcopus
1103 4480 1264 4548 interorit
1290 4482 1469 4542 serventur
1485 4477 1576 4561 loges
1593 4495 1651 4540 re-

438 4586 592 4671 spectiris
617 4588 832 4670 paragraphis
856 4587 953 4652 huius
977 4588 1093 4671 capitis
1118 4590 1348 4671 praescriptae.
