4175 5717
525 727 546 789 8
972 737 1038 786 cm.
1065 739 1112 786 nr.

437 857 467 924 ,tn
493 849 590 916 Sicut
613 855 689 915 eret
712 849 749 914 ira
769 848 947 929 principio
977 851 1040 910 etc.
1067 845 1247 910 Celebrans
1284 845 1404 910 redibit
1432 843 1473 910 ad
1507 841 1650 910 medium

435 958 561 1030 altaris,
587 957 808 1022 reverentiam
832 955 932 1018 faciet
957 952 996 1016 ad
1015 953 1155 1018 Crucem
1171 953 1328 1017 humeros
1345 959 1458 1018 vertet
1472 951 1514 1018 ad
1531 952 1651 1018 Altare

435 1075 470 1130 et
492 1064 648 1129 candelas
672 1063 849 1128 distribuet
873 1061 1119 1136 Sacerdotibus,
1143 1061 1170 1124 si
1193 1060 1346 1138 aderunt,
1371 1059 1490 1126 deinde
1505 1061 1650 1136 clericis,

436 1174 586 1239 omnibus
608 1169 794 1258 genuflexis
819 1173 852 1236 in
876 1173 1089 1237 extremitate
1113 1171 1322 1258 suppedanei,
1348 1169 1553 1256 dignioribus
1580 1171 1651 1235 sive

435 1281 676 1366 antiquioribus
710 1301 812 1367 prope
846 1299 952 1344 cornu
992 1279 1173 1364 Epistulae.
1208 1278 1442 1362 Unusquisque
1476 1275 1651 1343 candelam

435 1391 609 1474 accipiens,
626 1388 798 1453 candelam
822 1388 924 1472 ipsam
941 1393 976 1452 et
990 1406 1123 1452 manum
1145 1385 1352 1452 osculabitur
1370 1385 1579 1450 Celebrantis
1594 1383 1651 1468 qui

435 1497 590 1560 candelas
613 1495 813 1561 distribuere
836 1495 969 1560 clericis
992 1494 1126 1581 incipiet
1150 1514 1192 1558 ex
1216 1493 1324 1558 latere
1348 1491 1532 1578 Epistolae.

523 1603 575 1666 49.
600 1601 772 1668 Secundus
794 1622 834 1667 ac
857 1603 978 1666 tertius
1000 1601 1145 1666 clericus
1168 1599 1340 1666 candelam
1364 1607 1535 1686 acceptam
1566 1617 1652 1664 com·

436 1713 567 1775 mittent
590 1711 705 1796 primo.
730 1711 785 1793 qui
809 1709 907 1774 simul
933 1728 1007 1773 curn
1031 1728 1092 1773 sua
1115 1707 1193 1772 illas
1216 1712 1317 1792 ponet
1340 1708 1373 1771 in
1396 1706 1510 1772 abaco.

521 1819 574 1884 50.
599 1819 751 1884 Clericus
774 1820 899 1904 primus
922 1823 1030 1882 sumet
1054 1816 1210 1882 candelas
1242 1815 1363 1902 populo
1393 1813 1652 1892 distribuendam

434 1925 598 1990 ¹socundus
622 1932 733 1990 autem
756 1944 796 1989 ac
820 1926 940 1990 tertius
963 1923 1100 1989 coibunt
1122 1944 1142 1988 a
1165 1924 1328 1989 lateribus
1353 1922 1573 1999 celebramus,
1599 1925 1652 1988 cui

434 2032 578 2098 fimbrias
601 2032 758 2118 pluvialis
782 2031 1016 2097 sublevabunt.

521 2139 574 2203 51.
600 2139 780 2204 celebrans
804 2159 879 2203 cum
903 2139 1035 2203 clericis
1060 2139 1100 2204 de
1124 2139 1234 2203 Altari
1258 2137 1470 2216 descendent,
1496 2157 1653 2204 reveren-

434 2248 511 2311 tiam
536 2246 590 2310 vel
614 2243 879 2331 genuflexionem
904 2247 1088 2331 respective
1113 2245 1239 2311 facient
1261 2245 1301 2310 ad
1328 2245 1467 2312 Crucem
1492 2253 1527 2312 et
1554 2245 1652 2312 deve·

434 2357 526 2418 nient
549 2354 589 2418 ad
614 2353 832 2418 balaustrium
856 2374 915 2419 seu
939 2354 1111 2419 cancellos
1133 2374 1153 2417 a
1177 2354 1283 2418 latere
1308 2353 1488 2439 Epistolae,
1514 2354 1569 2420 ubi
1596 2353 1653 2421 Ge·

433 2461 567 2528 lebrans
585 2463 688 2547 primo
705 2463 794 2536 viris,
812 2460 929 2525 deinde
945 2460 1098 2526 foeminis
1114 2460 1314 2526 distribuere
1331 2460 1487 2526 candelas
1505 2461 1650 2548 incipiet

433 2568 565 2633 Primus
589 2569 733 2634 clericus
757 2568 913 2634 candelas
943 2563 1062 2632 offeret
1093 2569 1205 2644 tertio,
1241 2569 1295 2652 qui
1325 2568 1437 2633 tradet
1466 2587 1523 2634 eas
1559 2567 1653 2636 (lele-

434 2675 554 2752 branti,
578 2675 655 2740 dum
680 2677 808 2740 interea
831 2674 997 2740 secundus
1022 2673 1183 2739 fimbriam
1206 2674 1380 2740 dexteram
1404 2673 1563 2761 pluvialis
1579 2677 1650 2742 eius

433 2783 619 2849 sustinebit.

519 2890 572 2954 5⁶2.
598 2891 768 2976 Gonrpleta
791 2890 1035 2966 distributione,
1062 2889 1242 2956 Celebrans
1266 2910 1341 2955 cum
1372 2890 1504 2956 clericis
1535 2893 1651 2958 veniet

431 2999 463 3060 in
488 2998 622 3082 planum
646 3017 666 3062 a
689 2998 796 3063 latere
821 2998 991 3084 Epistolae
1014 3004 1049 3062 et
1072 3017 1174 3083 prope
1198 2998 1336 3063 abacum
1361 2998 1486 3063 lavabit
1520 3019 1649 3066 manus.

430 3105 561 3170 Primus
596 3105 740 3170 clericus
772 3108 939 3171 sustinens
977 3125 1114 3170 urceum
1139 3111 1173 3170 et
1195 3105 1318 3190 pelvim
1349 3101 1495 3170 effundet
1528 3125 1650 3192 aquam

431 3232 531 3297 super
554 3231 671 3276 manus
695 3215 766 3278 eius
790 3221 824 3278 et
847 3214 968 3298 reliqui
991 3213 1057 3278 duo
1081 3221 1258 3279 extensum
1283 3218 1361 3278 aute
1386 3213 1491 3297 ipsum
1507 3216 1653 3280 sustine·

431 3319 514 3384 bunt
538 3323 792 3406 manutergium,
818 3341 933 3408 nempe
958 3322 1123 3386 secundus
1148 3321 1291 3386 clericus
1316 3320 1455 3386 dextera
1471 3323 1653 3390 sustinebit

431 3431 684 3512 manutergium,
710 3431 846 3495 sinistra
869 3429 1059 3496 sublevabit
1082 3428 1242 3495 fimbriam
1273 3428 1445 3494 dexteram
1478 3430 1652 3516 pluvialia

430 3537 550 3599 tertius
573 3537 709 3601 sinistra
731 3539 986 3622 manutergium,
1011 3535 1153 3602 dextera
1177 3535 1337 3602 fimbriam
1364 3537 1533 3604 sinistram
1570 3537 1653 3626 plu-

432 3642 528 3706 vialis
552 3644 737 3708 sustinebit..
764 3647 796 3708 s'i
821 3645 884 3708 hoc
907 3663 1036 3728 quoque
1062 3665 1142 3730 opus
1167 3645 1280 3718 fuerit,
1305 3643 1469 3711 secundus
1503 3645 1653 3714 clericus

431 3752 575 3835 porriget
603 3754 631 3814 ei
657 3751 856 3836 pelviculam
881 3774 956 3817 cum
979 3751 1127 3834 medulla
1151 3754 1244 3838 panis
1269 3759 1307 3817 ut
1329 3772 1445 3818 manus
1480 3761 1652 3840 extergat.

518 3857 571 3922 53.
597 3859 677 3923 Post
699 3858 782 3923 baec
798 3858 913 3923 clerici
930 3859 971 3924 ad
986 3860 1125 3926 abacum
1142 3859 1293 3926 referent
1309 3880 1446 3927 urceum
1463 3880 1541 3927 cum
1558 3863 1654 3950 pelvi

430 3972 465 4030 et
489 3966 707 4049 manutergio.

515 4071 569 4135 54.
595 4070 775 4136 Celebrans
799 4071 924 4138 medius
947 4076 1036 4140 inter
1060 4074 1241 4141 secundum
1265 4099 1304 4144 ac
1328 4079 1465 4145 tertium
1484 4079 1652 4148 clericum

429 4177 550 4243 redibit
572 4198 632 4264 per
655 4178 744 4243 latus
769 4179 809 4244 ad
833 4180 953 4247 Altare

517 4285 570 4350 55.
597 4287 746 4351 Clericus
771 4289 895 4372 primus
920 4291 1078 4356 subsistet
1099 4288 1184 4376 apud
1209 4295 1356 4362 abacum.

518 4395 570 4459 56.
597 4396 779 4461 Celebrans
803 4398 837 4460 in
861 4419 965 4465 cornu
990 4399 1159 4485 Epistulae
1183 4406 1343 4472 accedens
1367 4407 1408 4472 ad
1433 4409 1580 4490 Missale‚
1599 4435 1655 4482 re-

430 4501 545 4566 citabit
568 4523 643 4567 cum
667 4504 797 4569 clericis
814 4504 904 4570 elata
920 4527 1001 4572 voce
1017 4507 1229 4590 antiphonam
1247 4513 1398 4602 Euterpe
1416 4516 1565 4588 Domine
1581 4527 1649 4590 etc.

518 4609 571 4673 57.
597 4613 717 4680 Postea
740 4615 892 4680 recitabit
921 4616 1067 4683 Oramus
1091 4622 1124 4680 et
1148 4623 1330 4687 orationem
1355 4624 1505 4695 Emaudi
1534 4649 1652 4714 quae-
