4175 5717
524 949 589 1013 ‘284
983 961 1049 1012 tre.
1075 955 1110 1011 11.

436 1076 622 1143 ecclesiam.
647 1075 718 1140 Duo
741 1074 950 1139 thuriferarii
983 1075 1093 1159 ignem
1124 1074 1157 1137 in
1189 1071 1370 1138 thuribulis
1393 1071 1650 1159 praeparabunt,

238 1177 245 1188 ’
375 1261 378 1266 ,
439 1192 476 1252 ut
498 1205 573 1251 cum
596 1185 673 1270 ipsis
698 1188 732 1248 et
753 1181 918 1248 naviculis
941 1180 1050 1248 adsint
1074 1181 1134 1247 sub
1157 1179 1256 1247 flnem
1278 1179 1403 1250 Missae
1428 1200 1535 1269 prope
1560 1197 1653 1246 scan-

438 1312 516 1357 num
541 1292 757 1358 Gelebrantis.
775 1289 935 1376 Acolythi
950 1295 1124 1375 postquam
1140 1310 1214 1355 cum
1230 1290 1347 1356 debitis
1363 1287 1652 1378 genuflexionibus

436 1400 601 1487 ampullas
613 1399 653 1464 ad
665 1399 803 1465 abacum
814 1397 1003 1474 retulerint,
1017 1397 1234 1484 explicabunt
1245 1398 1394 1485 pluviale
1411 1418 1517 1484 super
1529 1413 1653 1464 scamno

439 1507 656 1573 Celebrantis.

524 1615 576 1680 42.
600 1616 741 1680 Praesto
764 1614 830 1679 erit
852 1611 938 1699 apud
962 1613 1102 1679 abacum
1126 1615 1226 1679 etiam
1242 1613 1397 1691 clericus,
1416 1611 1650 1700 superpellicio

436 1720 580 1799 indutus,
605 1724 659 1806 qui
684 1721 823 1787 Crucem
846 1721 1127 1807 processionalem
1144 1722 1296 1809 gestabit.
1314 1719 1453 1798 Clerici,
1470 1722 1531 1806 qui
1548 1738 1653 1786 cumn

435 1835 555 1914 gerent
578 1828 769 1895 umbraculi
788 1828 927 1905 hastilis,
950 1834 1084 1915 praesto
1109 1834 1210 1894 erunt
1225 1835 1259 1894 et
1274 1829 1334 1914 ipsi
1351 1835 1389 1893 ut
1406 1827 1498 1894 illud
1521 1824 1653 1894 affemnt

434 1942 512 2002 ante
535 1936 653 2002 Altare
678 1936 731 2000 vel
756 1934 797 2014 ad
821 1937 1006 2022 ingressum
1031 1936 1243 2022 presbyterii
1269 1935 1417 2001 aderunt
1439 1935 1504 2001 alii
1530 1953 1653 2020 quoque

436 2045 560 2121 clerici,
584 2046 638 2129 qui
662 2045 810 2110 laternas
834 2045 937 2110 hastis
961 2042 1080 2109 infixas
1105 2044 1294 2129 gestabunt.

523 2152 574 2221 43.
601 2152 791 2228 celebrans,
816 2152 987 2218 ablutione
1010 2161 1150 2239 sumpta,
1175 2149 1445 2238 genuflexionem
1462 2152 1579 2229 faciet,
1596 2170 1655 2216 na·

435 2260 529 2326 nibus
553 2262 708 2326 insistens
738 2260 858 2335 Altari3
891 2260 1049 2326 transibit
1080 2262 1112 2324 in
1145 2260 1234 2326 latus
1267 2259 1439 2346 Epistulae
1471 2260 1586 2344 ibique
1614 2278 1653 2325 ex

435 2370 561 2434 Missali
584 2369 676 2453 leget
700 2374 729 2442 t.
756 2368 957 2434 Communio.

522 2478 573 2540 44.
600 2475 827 2541 Subdiaconus
851 2481 1006 2562 exterget
1029 2482 1063 2541 et
1087 2478 1255 2562 cooperiet
1278 2475 1429 2553 calicem,
1455 2482 1499 2542 ut
1523 2477 1557 2540 in
1583 2474 1652 2540 aliis

316 2609 319 2614 ·
434 2584 543 2648 Missis
567 2583 777 2660 solemnibus,
795 2582 851 2649 sed
877 2583 1045 2667 relinquet
1068 2584 1254 2680 corporale·
1271 2585 1304 2647 in
1335 2582 1461 2661 Alteri,
1497 2583 1652 2669 siqnidem

433 2711 533 2776 super
556 2710 595 2755 eo
619 2691 761 2775 positum
784 2692 851 2756 erit
874 2690 1117 2759 Ostensorium.
1145 2690 1233 2755 Idem
1250 2689 1486 2784 subdiaconus
1503 2691 1654 2758 advertet

433 2804 470 2863 ut
493 2798 644 2883 paullum
667 2796 802 2862 recedat
824 2797 864 2863 de
889 2798 994 2863 medio
1019 2797 1266 2883 Alta1·i,gquum
1290 2798 1479 2865 Gelebrans
1510 2799 1653 2866 cantabit

432 2906 602 2972 Dominus
633 2905 819 2972 vobiscum.
857 2905 1001 2971 Calicem
1032 2913 1227 2992 coopertum
1261 2908 1412 2990 accipiet,
1447 2905 1653 2993 genuflectet

431 3014 463 3076 in
488 3012 706 3097 suppedaneo,
732 3013 771 3077 de
796 3014 905 3078 Altari
929 3013 1116 3088 descendet;
1135 3034 1252 3078 rursus
1270 3011 1481 3097 genuflectet
1500 3018 1535 3081 in
1552 3016 1651 3083 medio

433 3120 556 3203 gradus
580 3119 690 3196 intimi,
716 3121 843 3185 deferet
867 3121 1005 3186 calicem
1029 3122 1071 3186 ad
1094 3121 1241 3197 abacum,
1267 3120 1388 3186 redibit
1404 3120 1446 3187 ad
1470 3124 1594 3192 Altare
1610 3145 1652 3190 se-

432 3250 495 3312 que
519 3237 593 3316 post
617 3230 797 3294 Diaconum
821 3230 953 3294 locabit.

520 3339 573 3401 45.
599 3337 778 3403 Celebraus
802 3358 902 3421 quum
926 3337 1050 3421 legerit
1074 3343 1104 3409 t.
1133 3338 1346 3411 Communia,
1373 3336 1502 3404 redibit
1527 3340 1568 3406 ad
1592 3361 1648 3405 me-

432 3442 519 3508 dium
551 3445 688 3520 Altaria,
725 3442 936 3529 genuflectet,
973 3444 1091 3508 Altare
1127 3444 1342 3518 osculabitur,
1378 3444 1645 3529 genuflexionem

432 3552 574 3628 iterabit,
599 3558 817 3617 convertetur
840 3550 881 3616 ad
904 3551 1063 3635 populum
1097 3572 1215 3618 versus
1240 3559 1368 3638 partem
1395 3553 1587 3640 Evangelii,
1610 3575 1645 3621 ne

432 3670 562 3745 tergum
587 3667 698 3725 vertat
722 3661 947 3736 sacramento,
973 3659 1121 3726 cantabit
1143 3661 1314 3727 Dominus
1341 3660 1540 3742 vobiscum,
1571 3684 1643 3729 con-

431 3790 548 3833 versus
572 3769 613 3833 ad
637 3769 755 3834 Altarc
779 3765 980 3853 genuflectet
1004 3788 1131 3844 rursus,
1157 3767 1277 3833 redibit
1299 3770 1334 3832 in
1349 3787 1461 3835 cornu
1480 3771 1641 3858 Epistolae

430 3882 461 3940 et
488 3877 671 3940 orationem
696 3877 851 3941 cantabit.

518 3985 569 4048 46.
595 3984 758 4049 Diaconus
783 3992 940 4067 sequetur
965 3983 1207 4058 Celebrantem
1232 3985 1402 4068 cumipse
1433 3983 1640 4070 genuflexio·

430 4110 505 4156 nem
528 4092 630 4156 faciet
653 4113 752 4175 quum
776 4094 907 4156 venerit
931 4094 963 4156 in
989 4092 1130 4157 medium
1155 4092 1313 4175 illamque
1344 4092 1487 4159 iterabit
1518 4093 1637 4160 rediens

429 4220 503 4264 cum
527 4199 640 4264 eodem
664 4202 697 4263 in
722 4200 810 4265 latus
835 4199 1017 4286 Epistolae.

516 4308 568 4371 47.
594 4307 772 4390 Postquam
797 4306 977 4372 Celebrans
994 4308 1154 4372 cecinerit
1171 4309 1354 4372 orationem
1371 4308 1445 4373 sive
1468 4312 1636 4382 orationes,

427 4412 548 4478 redibit
572 4417 604 4478 in
628 4413 769 4479 medium
793 4436 867 4480 oum
892 4416 1050 4481 Ministris
1074 4421 1108 4480 et
1131 4412 1398 4500 genuflexionem
1423 4418 1526 4482 simul
1549 4414 1636 4483 confi·

427 4526 524 4588 cient.
551 4523 732 4589 Celebrans
757 4522 964 4589 osculabitur
987 4522 1116 4598 Altare,
1135 4543 1253 4587 rursus
1269 4520 1488 4607 genuflectet,
1510 4544 1634 4590 conver·

319 4677 324 4686 .
427 4641 518 4695 tetur
541 4631 581 4695 ad
605 4633 772 4718 populum,
797 4637 835 4695 ut
862 4651 971 4716 supra,
1004 4638 1038 4695 et
1068 4631 1215 4695 cantabit
1245 4631 1419 4697 Dominus
1453 4632 1631 4699 vobiscum

427 4740 590 4804 Diaconus
613 4741 677 4805 hoc
699 4747 846 4826 tempore
870 4736 1083 4823 genuflectet,
1107 4745 1324 4804 convertetur
1347 4739 1390 4803 ad
1414 4742 1586 4826 populum,
1602 4747 1630 4804 ut

429 4846 618 4924 celebrare,
643 4855 677 4912 et
699 4847 846 4913 cantabit
868 4848 919 4915 lte
943 4847 1056 4913 Misso
1079 4854 1138 4914 eat.
1165 4847 1237 4923 Quo
1261 4853 1361 4935 cantu
1387 4855 1528 4932 peracto
1544 4848 1630 4915 Gele-
