4175 5717
522 730 566 795 52
982 748 1049 795 1111.
1075 748 1110 794 11.

434 857 578 921 solerter
599 855 726 941 aptabit
749 856 782 920 in
806 853 913 920 medio
936 854 1048 919 Altari
1071 874 1146 920 cum
1170 855 1303 920 cussino
1326 855 1381 922 vel
1405 855 1498 942 legili
1514 855 1655 924 Missale

434 970 585 1049 apertum
609 962 651 1028 ad
674 963 802 1028 initium
828 961 988 1048 Symboli,
1011 961 1068 1027 ubi
1091 967 1186 1028 extat
1209 961 1301 1030 Ordo
1332 963 1463 1041 Missae,
1494 968 1529 1030 61
1558 963 1658 1050 Sym·

432 1071 510 1138 bolo
533 1072 684 1147 recitato,
710 1070 996 1136 caeremoniarius
1020 1071 1089 1155 ipse
1106 1075 1165 1135 aut
1181 1068 1408 1137 subdiaconus
1424 1070 1560 1138 Missale
1575 1089 1655 1138 cum

433 1179 526 1264 legili
549 1177 604 1244 rel
630 1179 762 1243 cussino
785 1179 819 1241 in
843 1177 952 1244 latere
976 1177 1163 1263 Evangelii,
1187 1176 1244 1242 ubi
1267 1183 1350 1254 6161,
1376 1183 1525 1266 reponet.

524 1286 595 1350 127.
619 1286 660 1350 In
683 1285 786 1350 choro
810 1285 1005 1351 recitabitur
1029 1285 1224 1350 alternatim
1252 1284 1372 1361 Credo,
1406 1291 1444 1350 ut
1473 1283 1514 1351 de
1540 1285 1656 1373 Kyrie
1697 1281 1700 1286 ’

433 1393 532 1459 etde
558 1393 679 1460 Gloria
702 1398 852 1457 notatum
876 1391 949 1456 fuit.
975 1391 1025 1457 Ad
1050 1392 1112 1456 illa
1145 1392 1248 1458 verba
1269 1392 1315 1460 at
1346 1393 1556 1462 incantatas
1587 1399 1655 1460 etc.

433 1522 533 1586 quum
558 1500 709 1566 recitabit
732 1500 926 1576 celebrans,
951 1497 1180 1585 genuflectent
1202 1518 1326 1583 omnes,
1351 1506 1386 1566 et
1409 1499 1528 1567 Olenus
1551 1501 1657 1568 etiam

382 1655 386 1662 .
432 1610 466 1673 in
490 1608 593 1674 choro
616 1607 770 1673 advertet
793 1614 832 1674 ut
856 1627 921 1673 una
945 1627 1020 1674 cum
1044 1607 1243 1674 0616116116
1277 1605 1544 1693 genuflexionem
1575 1627 1658 1674 oon·

433 1714 531 1780 ficiat.
674 1714 678 1722 ’

524 1822 596 1889 128.
621 1822 774 1889 Recitato
809 1821 977 1908 Symbolo,
1010 1821 1191 1888 Celebrans
1222 1843 1297 1888 cum
1328 1823 1488 1890 Ministris
1523 1843 1656 1892 sessum

334 1906 341 1928 '
433 1930 537 2007 ibunt,
563 1935 600 1995 ut
623 1931 775 2015 superius
801 1929 842 1995 de
865 1930 976 2016 Kyme
1000 1928 1181 1995 docuimus.
1205 1929 1366 2017 Acolythi
1397 1937 1508 1998 tamen
1539 1933 1657 2000 consi·

434 2043 525 2103 stent
546 2057 566 2101 a
589 2037 750 2103 lateribus
775 2037 1017 2114 Ministrorum,
1042 2042 1215 2123 postquam
1239 2037 1397 2104 sederint.

525 2144 597 2209 129.
622 2143 731 2219 Quum
755 2163 835 2209 vero
859 2164 879 2208 6
902 2143 1094 2210 cantoribus
1119 2145 1311 2211 cantabitur
1326 2151 1359 2219 1.
1382 2146 1427 2215 Et
1442 2147 1657 2216 inmrmatus

436 2303 443 2317 .
469 2303 476 2317 .
502 2301 509 2316 .
532 2251 1177 2339 1661111661,6116616163611661111
1211 2259 1245 2318 et
1275 2254 1524 2341 geniculabunt,
1556 2275 1660 2323 exce-

433 2362 497 2447 ptis
522 2358 722 2426 celebrante
746 2380 821 2425 6111
845 2360 1016 2438 1111161116,
1042 2360 1216 2428 0611611616
1240 2370 1274 2429 61
1289 2362 1516 2442 Ρ16661111116,
1533 2366 1561 2430 si
1577 2363 1659 2433 ade-

434 2474 523 2545 runt,
548 2471 604 2552 qui
628 2466 855 2533 tantummodo
879 2473 979 2554 caput
1001 2467 1161 2554 detegent
1183 2476 1218 2535 et
1240 2470 1458 2538 inclinabunt.

527 2576 599 2640 130.
625 2575 766 2642 (16111616
790 2576 959 2662 praedicto
983 2576 1162 2655 versiculo,
1187 2579 1241 2662 qui
1275 2597 1385 2663 genua
1416 2578 1658 2660 submiserunt,

437 2689 615 2768 assurgent
638 2689 672 2748 et
695 2683 867 2761 sedebunt,
892 2690 926 2750 et
949 2703 1023 2748 cum
1059 2684 1196 2769 reliquis
1231 2687 1287 2770 qui
1317 2685 1517 2752 detexerunt
1553 2693 1660 2774 caput

435 2791 650 2869 solummodo
674 2799 774 2879 caput
796 2793 998 2879 cooperient.
1040 2868 1043 2872 ,

526 2901 597 2966 131.
623 2901 741 2967 Statim
765 2920 805 2966 66
828 2901 1004 2986 incipietur
1027 2902 1158 2966 cantari
1181 2906 1212 2975 1.
1240 2902 1445 2990 0111611611
1468 2903 1573 2970 etiam
1589 2908 1658 2971 616.

435 3009 600 3074 Diaconus
625 3015 659 3074 et
684 3008 912 3074 Subdiaeonus
936 3007 1108 3074 nudabunt
1131 3013 1230 3094 caput
1253 3015 1288 3074 et
1320 3015 1508 3096 assurgent.
1538 3010 1659 3078 Diaco-

437 3137 499 3181 nus
523 3115 665 3182 biretum
689 3137 749 3181 suo
773 3116 847 3182 loco
872 3115 1049 3201 relinquet,
1075 3115 1301 3182 Subdiaconus
1333 3115 1418 3182 illud
1441 3121 1520 3183 ante
1535 3123 1658 3204 pectus

436 3223 623 3289 sustinebit.

526 3330 597 3395 132.
622 3330 786 3396 Diaconus
810 3329 956 3396 discedet
978 3329 1019 3395 de
1042 3349 1187 3407 scamno,
1212 3332 1323 3397 veniet
1346 3330 1388 3397 ad
1409 3332 1560 3408 abacum,
1577 3333 1658 3400 bur-

436 3458 504 3503 sam
528 3457 602 3503 cum
627 3439 794 3525 corporali
816 3445 934 3515 sumet,
959 3434 1101 3504 afferens
1125 3458 1196 3503 6611
1221 3421 1363 3523 utraque
1385 3459 1483 3503 manu
1506 3438 1548 3505 ad
1572 3439 1659 3506 alti·

436 3547 584 3614 tudinem
610 3549 725 3614 uultus
749 3550 801 3614 sui
824 3548 999 3624 sublatam,
1024 3553 1058 3612 61
1081 3547 1258 3614 advertens
1275 3554 1313 3613 11
1324 3553 1515 3635 aperturam
1532 3549 1659 3617 bursae

436 3662 612 3723 convertat
636 3659 778 3743 seipsum
801 3678 929 3723 versus.
955 3656 1125 3743 Sumptam
1147 3657 1282 3723 bursam
1306 3656 1435 3724 deferet
1456 3657 1498 3723 ad
1532 3658 1658 3728 Altare

435 3767 561 3832 faciens
586 3768 806 3831 reverentiam
831 3766 1028 3853 profundam
1052 3765 1092 3830 ad
1117 3764 1348 3831 celebrantem
1372 3786 1472 3850 quum
1497 3767 1658 3834 transibit

434 3882 512 3942 ante
537 3876 651 3961 ipsum,
676 3872 796 3939 deinde
820 3874 1031 3940 reverebitur
1055 3872 1190 3939 (ilerum
1214 3875 1247 3938 in
1271 3874 1374 3939 choro
1409 3873 1523 3939 eodem
1558 3874 1658 3942 modo

435 4003 500 4068 quo
524 3983 675 4067 superius
699 3981 739 4047 de
763 3981 962 4048 0616116116
992 3988 1027 4047 61
1058 3982 1217 4047 Ministris
1248 3988 1322 4068 post
1354 3982 1465 4069 Kyrie
1498 3983 1656 4049 innutum

432 4097 492 4168 est
517 4095 687 4176 postremo
712 4085 915 4174 genuflectet
937 4088 978 4154 ad
1003 4088 1121 4157 Altere
1145 4091 1178 4155 in
1202 4088 1312 4155 infimo
1336 4089 1453 4176 gradu.

521 4198 592 4262 133.
622 4195 857 4270 subdiaconus,
886 4196 941 4261 ubi
965 4196 1131 4262 Diaconus
1156 4199 1377 4262 reverentiam
1402 4197 1522 4262 fecerit
1537 4196 1579 4263 ad
1597 4197 1659 4265 Ge-

430 4305 628 4382 lebrantem,
653 4303 768 4369 sedere
791 4305 914 4389 poterit
939 4310 972 4370 et
996 4310 1097 4389 caput
1119 4305 1259 4389 operire,
1285 4302 1338 4368 vel
1364 4306 1462 4370 etiam
1487 4310 1589 4381 sture,
1615 4311 1658 4372 ut

433 4412 547 4497 paullo
571 4418 649 4478 ante
673 4412 796 4478 dictum
820 4417 881 4477 est.
1322 4409 1333 4416 ’

525 4520 596 4586 134.
621 4521 796 4597 Diaconus,
821 4516 1054 4604 genuflexione
1078 4523 1222 4605 peracta,
1246 4518 1403 4584 ascendet
1432 4518 1474 4583 ad
1509 4520 1656 4588 medium

434 4624 553 4691 Altare
575 4627 682 4711 ibique
706 4634 807 4715 ponet
829 4627 971 4700 bursam,
1001 4646 1097 4709 quam
1133 4626 1230 4691 laora
1259 4627 1433 4694 sustinebit
1469 4628 1650 4708 sublatam,
