4175 5717
518 741 562 806 90
967 759 1033 810 ms.
1059 761 1107 809 111.

517 867 570 930 21.
596 866 639 932 Ut
661 873 798 932 rentum
821 869 887 933 erit
903 867 944 934 ad
967 867 1079 934 locum
1104 870 1309 956 sepulturae,
1333 868 1479 935 clericus
1503 857 1647 934 firmabit

430 994 563 1040 crucem
588 977 622 1038 in
644 974 714 1040 basi
738 975 779 1040 ad
802 983 904 1061 caput
932 975 1104 1043 cadaveris
1129 983 1163 1042 et
1187 976 1286 1043 vadet
1308 975 1349 1042 ad
1382 975 1556 1042 dexteram
1579 975 1648 1040 Pa-

431 1083 533 1158 rochi‚
558 1085 613 1167 qui
641 1084 827 1150 consistens
852 1083 894 1148 ad
917 1083 1016 1170 pedes
1039 1084 1212 1150 cadaveris
1236 1083 1376 1150 nudabit
1398 1081 1507 1150 bireto
1538 1087 1649 1168 caput,

432 1190 586 1256 recitabit
614 1191 828 1278 antiphonam
852 1191 928 1278 Epo
951 1213 1032 1260 sam
1056 1199 1088 1258 et
1113 1195 1279 1259 canticum
1311 1193 1534 1270 Benedictus,
1562 1187 1649 1276 quod

430 1307 651 1386 prosequetur
674 1300 867 1366 alternatim
890 1319 965 1366 cum
989 1300 1125 1376 clerico,
1150 1307 1185 1366 et
1200 1303 1233 1366 iu
1250 1299 1314 1367 fine
1329 1289 1463 1367 adiiciet
1482 1301 1649 1386 integram

431 1408 646 1493 antiphonam
670 1407 745 1493 Epo
768 1429 848 1477 sam
870 1411 1087 1476 resurrectio
1111 1415 1173 1475 etc.
1198 1409 1321 1474 Postea
1350 1408 1440 1474 dicet
1463 1405 1650 1474 versiculos

432 1515 542 1601 Kyric
573 1515 712 1582 eteisoa
746 1515 884 1608 Qbrista
913 1517 1053 1585 eleison.
1074 1515 1187 1604 Kyrie
1209 1517 1347 1584 eleisoa
1377 1516 1486 1586 Pater
1517 1519 1650 1590 nostem·

432 1623 561 1706 reliqua
584 1631 806 1708 prosequetur
829 1630 970 1689 secreto.
994 1625 1129 1691 Interea
1151 1632 1289 1712 accepto
1311 1644 1332 1690 a
1354 1623 1482 1690 clerico
1501 1639 1651 1710 asperso·

363 1813 367 1822 Ι
432 1732 491 1806 rio,
523 1735 679 1816 asperget
709 1730 853 1796 cadaver
883 1732 917 1795 in
951 1732 1069 1810 medie,
1093 1752 1113 1797 a
1137 1735 1279 1798 sinistris
1304 1739 1380 1798 eta
1406 1731 1539 1800 dextris
1571 1731 1649 1807 suis,

432 1857 497 1901 non
523 1837 681 1903 recedens
705 1836 746 1902 de
769 1837 846 1904 loco
869 1857 941 1914 suo,
965 1846 1001 1905 et
1022 1841 1211 1926 aspersorio
1241 1841 1399 1906 restituto
1430 1839 1568 1916 clerico,
1592 1857 1650 1902 su·

431 1947 569 2031 biunget
591 1951 622 2019 t.
648 1945 692 2012 Et
714 1966 759 2012 ae
782 1965 848 2013 aas
870 1947 1022 2014 inducas
1046 1954 1109 2014 etc.
1134 1953 1168 2013 et
1192 1949 1376 2014 orationem
1391 1947 1476 2026 Fac,
1494 1963 1651 2034 quaesu-

430 2073 520 2130 mus,
544 2055 691 2122 Domine
714 2061 777 2120 etc.
802 2056 900 2122 Dicet
923 2057 957 2122 in
980 2055 1046 2123 tine
1069 2057 1240 2143 &quiam
1256 2065 1438 2125 aeternam
1452 2063 1516 2124 etc.
1535 2055 1651 2124 Crucis

431 2165 561 2248 signum
584 2162 725 2228 dextera
748 2163 876 2228 faciens
899 2184 1020 2230 versus
1044 2165 1199 2242 cadaver,
1220 2171 1255 2232 et
1277 2167 1418 2232 recitato
1434 2185 1510 2231 cum
1526 2163 1652 2230 clerico

432 2271 641 2356 Requiescat
664 2271 702 2338 ia
723 2289 814 2354 pace
837 2280 873 2352 rt.
899 2273 1020 2350 Amen,
1046 2274 1224 2360 complebit
1247 2275 1405 2358 exequias
1435 2292 1512 2339 cum
1543 2271 1652 2338 altero

431 2379 600 2445 versiculo
623 2379 753 2446 Anima
776 2380 852 2446 eius
875 2386 939 2446 etc.
964 2387 999 2446 et
1020 2401 1041 2446 a
1064 2381 1189 2448 clerico
1213 2380 1468 2467 respondebitur
1491 2379 1614 2448 Amen.

519 2487 572 2552 22.
598 2487 749 2552 Clericus
784 2486 902 2553 reddet
935 2487 1080 2553 biretum
1116 2489 1269 2554 Parocho
1303 2497 1337 2554 et
1372 2493 1508 2574 recepta
1543 2487 1650 2554 cruce

433 2595 682 2682 processionali,
706 2594 804 2658 simul
829 2614 904 2660 cum
928 2596 1081 2661 Parocho
1105 2601 1266 2680 sequente
1289 2597 1408 2681 ipsum,
1437 2593 1598 2662 redibunt
1620 2595 1652 2660 in

434 2705 618 2768 sacrarium
650 2703 829 2767 recitantes
859 2703 989 2768 interea
1021 2703 1182 2789 psalmum
1207 2703 1259 2770 De
1278 2701 1476 2788 profundas
1499 2703 1596 2768 cuius
1620 2701 1652 2766 in

435 2809 499 2875 fine
524 2815 697 2894 repetetur
719 2808 793 2873 sola
815 2809 997 2894 antiphona
1020 2809 1059 2877 Si
1080 2811 1284 2896 iniquitates
1308 2815 1370 2874 etc.

520 2919 574 2984 23.
599 2919 637 2982 ln
664 2918 812 3000 exequiis
843 2917 1062 3004 parvulorum
1094 2917 1207 2984 eadem
1236 2917 1308 2984 fere
1332 2917 1508 2984 methodus
1533 2935 1652 2984 serra·

435 3029 534 3102 bitur,
559 3045 656 3110 quam
681 3031 790 3090 temen
815 3025 964 3090 breviter
988 3027 1173 3092 innuemus.

522 3135 576 3198 24.
601 3133 639 3196 ln
662 3151 728 3216 qua
749 3131 845 3196 domo
876 3133 996 3199 iacebit
1017 3133 1162 3198 cadaver
1185 3132 1353 3200 iubebitur
1376 3131 1501 3198 deferri
1531 3151 1654 3200 vascu-

437 3245 505 3308 lum
529 3261 633 3324 aquae
664 3239 858 3305 benedictae
888 3260 964 3305 cum
994 3241 1194 3325 aspersorio,
1219 3247 1253 3305 et
1275 3240 1384 3305 aderit
1414 3239 1532 3306 tabula
1555 3239 1655 3328 super

437 3371 533 3434 quam
558 3351 650 3416 Crux
674 3355 827 3434 ponatur.

524 3458 578 3524 25.
603 3458 641 3521 ln
672 3457 815 3522 ecclesia
844 3463 956 3522 autem
987 3455 1220 3543 preparabitur
1250 3477 1354 3543 parva
1384 3475 1508 3534 mensa,
1533 3457 1567 3522 in
1592 3476 1656 3542 qua

437 3569 512 3655 poni
536 3567 640 3652 possit
664 3564 756 3631 Crux
780 3563 820 3630 ad
844 3571 945 3650 caput
967 3565 1139 3632 cadaveris
1156 3566 1239 3630 etin
1255 3565 1369 3632 eadem
1393 3584 1508 3632 mensa
1531 3567 1655 3653 poterit

437 3674 628 3761 praeparari
652 3674 752 3737 etiam
775 3672 950 3737 vasculum
973 3691 1078 3756 aquae
1101 3671 1296 3738 benedictae
1319 3691 1393 3738 cum
1417 3675 1608 3759 aspersorio
1623 3679 1680 3758 et¹

438 3781 645 3848 thuribulum
669 3800 745 3846 cum
768 3779 933 3845 navicula.
1659 3795 1662 3800 ·

524 3889 577 3954 26.
603 3887 637 3954 Si
659 3887 803 3953 cadaver
833 3907 877 3952 ex
900 3886 1043 3952 ecclesia
1075 3883 1278 3952 efferendum
1311 3887 1354 3953 sit
1375 3885 1416 3952 ad
1445 3885 1656 3972 sepulturam

437 4000 507 4064 sive
528 3996 570 4061 ad
599 3995 851 4070 (loemeterium,
882 3993 1137 4080 praeparabitur
1168 3995 1201 4059 in
1233 3995 1376 4060 ecclesia
1405 3992 1594 4060 scabellum
1624 3995 1656 4060 in

437 4127 502 4190 quo
526 4110 668 4190 ponetur
700 4102 792 4170 Grux
816 4108 850 4167 et
874 4103 907 4166 in
932 4101 1139 4168 coemeterio
1164 4100 1272 4168 aderit
1294 4100 1440 4166 alterum
1471 4100 1657 4168 scabellum

439 4233 498 4298 pro
523 4213 630 4278 Gruce
653 4216 687 4276 et
709 4229 796 4295 aqua
818 4208 992 4274 benedicta
1014 4211 1047 4274 in
1073 4209 1211 4276 vasculo
1227 4229 1302 4275 cum
1318 4209 1509 4295 aspersorio
1525 4228 1567 4275 ac
1583 4209 1658 4276 thu·

441 4321 585 4386 ribulum
609 4339 684 4385 cum
708 4318 875 4384 navicula.

526 4427 580 4492 27.
606 4426 779 4492 Parachus
810 4424 945 4490 indutus
975 4424 1221 4512 superpelliceo
1251 4429 1286 4489 et
1313 4422 1401 4489 stola
1427 4421 1496 4489 albi
1520 4423 1659 4500 coloris.

439 4533 574 4600 Itituale
598 4553 699 4600 manu
722 4537 857 4619 gestans
880 4539 915 4597 et
938 4533 1045 4618 capite
1068 4538 1235 4617 cooperto,
1268 4529 1488 4616 praecedente
1517 4531 1657 4610 clerica,

441 4643 496 4724 qui
518 4643 649 4708 ‹leferct
680 4644 819 4709 Crucem
851 4641 1128 4728 processionalem
1152 4641 1222 4706 sine
1253 4641 1358 4712 hasta,
1383 4638 1485 4706 adibit
1515 4640 1659 4718 domum,

442 4749 472 4810 in
499 4770 563 4830 qua
585 4750 694 4816 aderit
716 4747 859 4815 cadaver
883 4749 1024 4834 parvuli.
