4175 5717
522 661 584 731 136
627 683 634 704 ·
981 679 1048 732 crs.
1073 681 1096 732 r.·

432 792 487 858 vel
511 793 685 877 imaginem
715 793 854 858 sacrarii
875 811 951 858 cum
975 794 1045 878 ipso
1068 790 1197 869 efficiet,
1221 796 1257 859 et
1279 789 1436 879 procedet
1459 787 1500 857 ad
1527 783 1648 858 Altare

431 900 538 967 oculis
561 902 743 966 interram
777 898 893 966 defixis
917 906 952 965 et
974 899 1081 984 gradu
1111 902 1302 986 composito,
1328 920 1394 965 non
1424 919 1506 965 vero
1538 895 1649 964 artifl-

431 1011 520 1074 cioso
543 1007 745 1094 praecedens
768 1007 1001 1075 celebrantem
1024 1006 1107 1074 duos
1131 1007 1186 1073 vel
1209 1013 1280 1073 tres
1303 1026 1371 1073 non
1404 1006 1545 1093 amplius
1568 1023 1649 1091 pas-

430 1137 496 1182 sus:
520 1116 562 1182 ad
585 1121 715 1203 portam
744 1117 893 1192 sacrarii,
918 1117 945 1180 si
969 1135 1027 1180 vas
1051 1116 1118 1181 erit
1139 1135 1245 1200 aquae
1268 1114 1473 1192 benedictae,
1492 1113 1647 1178 haustam
1690 1179 1692 1188 ,

432 1243 531 1289 manu
554 1222 698 1289 dextera
720 1225 869 1309 porriget
892 1221 1075 1299 Sacerdoti,
1100 1241 1204 1306 eaque
1227 1222 1371 1309 signabit
1393 1233 1428 1287 et
1450 1223 1603 1307 seipsum.

520 1332 551 1397 5.
576 1331 611 1397 Si
627 1332 809 1397 inaccesso
824 1329 866 1396 ad
882 1330 1010 1406 Altero,
1028 1329 1084 1394 vel
1100 1331 1200 1395 etiam
1223 1332 1257 1395 in
1281 1328 1391 1395 reditu
1407 1325 1648 1394 transeundum

433 1442 499 1505 erit
520 1446 598 1504 ante
632 1438 752 1504 Altare
774 1439 964 1514 maximum,
995 1437 1211 1503 inclinatione
1241 1435 1406 1523 profunda
1436 1441 1561 1510 utetur,
1592 1431 1648 1498 vel

432 1545 666 1633 genuflexione
688 1548 717 1611 si
739 1545 847 1611 aderit
869 1545 926 1611 SS.
951 1545 1213 1620 Sacramentum,
1237 1543 1372 1609 adstans
1395 1541 1525 1627 quidem
1549 1539 1650 1606 Gele-

432 1655 554 1730 branti,
579 1651 636 1719 sed
658 1653 868 1737 aliquantulo
898 1652 1091 1718 intervallo:
1115 1653 1144 1717 si
1173 1657 1310 1738 propter
1341 1649 1562 1716 elevationem
1591 1645 1648 1712 vel

434 1762 706 1837 communionem,
731 1759 786 1825 vel
809 1758 1035 1825 adorationem
1061 1759 1117 1825 SS.
1143 1757 1350 1823 Sacramenti
1381 1756 1522 1842 expositi
1551 1755 1648 1840 geni-

433 1868 612 1933 culandum
636 1872 734 1945 esset,
758 1868 860 1932 faciet
881 1868 1049 1932 transiens
1075 1865 1117 1931 ad
1147 1865 1321 1931 dexteram
1349 1862 1567 1939 celebrantis,
1591 1859 1649 1928 sed

433 1975 583 2061 paullum
608 1981 700 2041 retro
724 1981 762 2040 ut
784 1973 927 2040 biretum
950 1973 991 2039 ab
1015 1994 1054 2040 eo
1077 1975 1225 2060 accipiat,
1250 1979 1284 2038 et
1308 1974 1351 2038 sit
1373 1972 1425 2036 illi
1448 1971 1648 2046 adiumento,

434 2084 461 2147 si
485 2103 567 2169 opus
590 2083 702 2159 fuerit,
727 2083 761 2147 in
784 2079 984 2168 perficienda
1006 2078 1249 2166 genuflexione.
1274 2079 1308 2146 Si
1325 2078 1367 2144 ad
1383 2078 1512 2154 Altare,
1532 2080 1567 2142 in
1583 2095 1650 2162 quo

433 2189 634 2255 celebranda
668 2190 733 2255 erit
755 2189 868 2265 Missa,
891 2187 1001 2254 aditus
1035 2190 1079 2253 sit
1111 2207 1131 2252 a
1161 2207 1266 2253 cornu
1302 2185 1483 2272 Epistolae,
1513 2183 1650 2251 recedat

433 2297 587 2362 Minister
610 2315 712 2362 unum
735 2296 791 2362 vel
813 2295 896 2362 duos
919 2315 1035 2382 passus
1059 2315 1079 2359 a
1109 2294 1213 2380 gradu
1248 2292 1360 2359 infimo
1390 2292 1527 2370 Altaris,
1551 2290 1649 2358 dandi

432 2423 551 2470 caussa
573 2404 685 2469 locum
706 2402 910 2480 Celebranti,
935 2408 973 2468 ut
995 2404 1087 2488 prior
1111 2409 1145 2467 et
1168 2401 1274 2467 libere
1297 2401 1541 2488 progrediatur.

520 2513 551 2576 6.
576 2510 627 2577 Ad
651 2510 771 2576 Altare
794 2517 966 2596 postquam
982 2511 1124 2585 venerit,
1142 2530 1177 2574 se
1194 2511 1290 2575 sistet
1305 2508 1519 2574 dextrorsum
1534 2509 1651 2575 Sacer·

431 2616 510 2696 doti,
535 2618 671 2684 blissale
694 2617 872 2684 sustinebit
896 2617 1034 2682 brachio
1065 2617 1213 2692 sinistro,
1238 2635 1335 2680 mann
1367 2621 1479 2681 autem
1509 2615 1650 2682 dextera

432 2725 575 2791 biretum
608 2726 757 2810 accipiet,
793 2723 992 2789 deosculans
1027 2742 1160 2788 manum
1196 2723 1405 2789 celebrantis
1439 2730 1473 2788 et
1506 2723 1650 2789 biretum

432 2833 547 2918 ipsum:
571 2828 839 2917 genuflexionem
862 2851 929 2896 una
952 2851 1027 2896 cum
1045 2829 1246 2897 Celebrante
1269 2832 1303 2895 in
1315 2831 1503 2916 pavimento
1520 2828 1649 2908 efficiet,

431 2942 459 3004 si
483 2941 516 3011 in
540 2939 650 3004 Alteri
674 2939 734 3003 illo
759 2938 948 3004 servabitur
983 2937 1039 3003 SS.
1066 2937 1329 3014 Sacramentum,
1354 2957 1461 3014 secus,
1488 2957 1651 3003 reveren-

431 3048 511 3111 tiam
534 3045 742 3131 profundam,
767 3052 802 3111 et
824 3048 986 3110 concinne
1009 3047 1205 3110 transmisso
1228 3044 1270 3109 ad
1286 3045 1457 3109 brachium
1473 3044 1650 3111 dexterum

432 3154 569 3230 Missali,
595 3152 691 3218 etad
715 3173 847 3217 manum
871 3153 1043 3218 dexteram
1068 3153 1186 3229 birote,
1211 3152 1358 3218 elevabit
1380 3172 1480 3217 manu
1514 3154 1652 3218 sinistra

434 3261 641 3328 Celebrantis
665 3262 911 3326 extremitatem
941 3259 1046 3326 Albae
1079 3262 1114 3324 in
1145 3266 1240 3346 parte
1271 3260 1441 3336 anteriori,
1473 3279 1539 3324 non
1569 3279 1651 3325 vero

433 3369 564 3452 oblique
598 3366 814 3453 (oleumque
848 3369 917 3454 ipso
953 3366 1111 3433 ascendet
1134 3368 1173 3431 ad
1210 3367 1339 3444 Altare,
1364 3366 1503 3451 gradum
1538 3373 1650 3432 tamma

432 3497 534 3542 unum
558 3481 632 3561 post
655 3474 804 3540 eumdem
828 3474 994 3540 incedens.
1437 3536 1439 3539 .

519 3585 550 3646 7.
575 3583 683 3658 Quum
706 3581 895 3647 ascenderit
917 3581 958 3647 ad
983 3581 1111 3658 Altero,
1136 3583 1269 3647 cussino
1293 3603 1353 3647 seu
1381 3582 1474 3667 legili
1505 3584 1652 3669 imponet

432 3690 566 3764 Missale
591 3690 752 3765 clausum,
776 3695 936 3775 apertura
959 3691 1029 3755 eius
1060 3689 1101 3753 ad
1132 3710 1237 3755 cornu
1272 3690 1449 3774 Evangelii
1474 3710 1571 3756 versa
1599 3690 1651 3776 (b)

432 3799 573 3865 biretum
597 3797 671 3863 loco
694 3796 843 3873 decente,
867 3816 1036 3881 nunquam
1060 3817 1141 3862 vero
1165 3816 1266 3884 super
1296 3798 1424 3876 Altare,
1456 3804 1565 3883 ponet;
1590 3797 1653 3863 de-

504 4034 547 4101 (a)
565 4029 744 4088 sublevatur
763 4031 935 4087 extremitas
955 4030 1087 4087 anterior
1110 4031 1205 4088 Albae
1230 4039 1260 4088 et
1285 4032 1375 4089 vestis
1405 4033 1599 4100 celebrantis,
1618 4040 1652 4091 ut

433 4122 525 4196 possit
543 4121 636 4177 libere
655 4127 685 4176 et
698 4119 851 4175 commode
861 4119 898 4175 ad
910 4120 1014 4177 Altare
1028 4121 1202 4176 ascendere.
1215 4122 1272 4187 Qui
1288 4122 1393 4179 Albam
1408 4123 1533 4179 alatere
1545 4122 1651 4190 elevat,

433 4212 527 4284 magis
546 4228 631 4284 quam
651 4210 740 4274 iuvet,
759 4217 856 4282 potest
874 4210 1044 4268 Celebranti
1064 4211 1169 4266 maiori
1189 4230 1255 4268 esse
1275 4212 1494 4284 impedimento,
1519 4212 1652 4270 Advorte

432 4311 531 4359 tamen
550 4311 581 4359 ut
600 4301 704 4358 Albam
725 4307 754 4356 et
773 4308 887 4357 vestem
907 4310 968 4357 tres
988 4301 1034 4356 vel
1055 4312 1181 4373 quatuor
1200 4319 1258 4357 non
1278 4304 1402 4375 amplius
1422 4303 1528 4375 digitos
1542 4302 1651 4374 erigas,

433 4392 509 4465 quod
529 4392 699 4448 indecorum
720 4390 796 4446 foret
814 4389 889 4446 adeo
908 4390 1073 4456 sustollere,
1093 4399 1125 4446 ut
1144 4407 1232 4446 crura
1251 4391 1480 4450 denudarentur.

503 4482 543 4550 (b)
563 4482 608 4538 Ad
628 4482 834 4541 celebrantem
854 4487 969 4552 spectat
981 4480 1099 4552 aperire
1115 4479 1245 4545 Missale,
1259 4499 1317 4537 non
1332 4501 1403 4540 vero
1416 4484 1453 4540 ad
1468 4482 1647 4549 Ministrum‚

433 4570 473 4626 uti
493 4572 609 4643 quidam
629 4588 786 4646 perperam
805 4570 911 4627 solent.
