<?xml version="1.0" encoding="UTF-8"?>
<!DOCTYPE html PUBLIC "-//W3C//DTD XHTML 1.0 Transitional//EN"
    "http://www.w3.org/TR/xhtml1/DTD/xhtml1-transitional.dtd">
<html xmlns="http://www.w3.org/1999/xhtml" xml:lang="en" lang="en">
 <head>
  <title>
</title>
<meta http-equiv="Content-Type" content="text/html;charset=utf-8" />
  <meta name='ocr-system' content='tesseract 3.04.00' />
  <meta name='ocr-capabilities' content='ocr_page ocr_carea ocr_par ocr_line ocrx_word'/>
</head>
<body>
  <div class='ocr_page' id='page_1' title='image "./manualesacrarum00martgoog_0874.png"; bbox 0 0 4175 5717; ppageno 0'>
   <div class='ocr_carea' id='block_1_1' title="bbox 532 733 1118 800">
    <p class='ocr_par' dir='ltr' id='par_1_1' title="bbox 532 733 1118 800">
     <span class='ocr_line' id='line_1_1' title="bbox 532 733 1118 800; baseline -0.005 0"><span class='ocrx_word' id='word_1_1' title='bbox 532 733 596 800; x_wconf 82' lang='grc'>152</span> <span class='ocrx_word' id='word_1_2' title='bbox 978 749 1045 800; x_wconf 84' lang='lat' dir='ltr'>nra.</span> <span class='ocrx_word' id='word_1_3' title='bbox 1071 747 1118 799; x_wconf 81' lang='lat' dir='ltr'>iv.</span> 
     </span>
    </p>
   </div>
   <div class='ocr_carea' id='block_1_2' title="bbox 365 857 1660 4710">
    <p class='ocr_par' dir='ltr' id='par_1_2' title="bbox 365 857 1660 2776">
     <span class='ocr_line' id='line_1_2' title="bbox 442 857 1659 946; baseline 0.002 -22"><span class='ocrx_word' id='word_1_4' title='bbox 442 865 563 936; x_wconf 88' lang='lat' dir='ltr'>reniet,</span> <span class='ocrx_word' id='word_1_5' title='bbox 592 869 626 926; x_wconf 89' lang='lat' dir='ltr'>et</span> <span class='ocrx_word' id='word_1_6' title='bbox 651 861 711 926; x_wconf 91' lang='lat' dir='ltr'>illa</span> <span class='ocrx_word' id='word_1_7' title='bbox 745 861 917 926; x_wconf 80' lang='lat' dir='ltr'>deferetur</span> <span class='ocrx_word' id='word_1_8' title='bbox 940 881 960 924; x_wconf 89' lang='lat' dir='ltr'>a</span> <span class='ocrx_word' id='word_1_9' title='bbox 982 861 1108 926; x_wconf 90' lang='lat' dir='ltr'>clerico</span> <span class='ocrx_word' id='word_1_10' title='bbox 1142 860 1257 926; x_wconf 92' lang='lat' dir='ltr'>induto</span> <span class='ocrx_word' id='word_1_11' title='bbox 1285 857 1529 946; x_wconf 85' lang='lat' dir='ltr'>superpelliceo</span> <span class='ocrx_word' id='word_1_12' title='bbox 1559 875 1659 946; x_wconf 85' lang='lat' dir='ltr'>supra</span> 
     </span>
     <span class='ocr_line' id='line_1_3' title="bbox 440 967 1659 1054; baseline 0 -20"><span class='ocrx_word' id='word_1_13' title='bbox 440 979 566 1034; x_wconf 85' lang='lat' dir='ltr'>restem</span> <span class='ocrx_word' id='word_1_14' title='bbox 590 970 741 1042; x_wconf 79' lang='lat' dir='ltr'>talarem3</span> <span class='ocrx_word' id='word_1_15' title='bbox 767 977 840 1054; x_wconf 88' lang='lat' dir='ltr'>post</span> <span class='ocrx_word' id='word_1_16' title='bbox 864 969 1003 1034; x_wconf 78' lang='lat' dir='ltr'>Crucem</span> <span class='ocrx_word' id='word_1_17' title='bbox 1028 975 1210 1052; x_wconf 88' lang='lat' dir='ltr'>sequentur</span> <span class='ocrx_word' id='word_1_18' title='bbox 1234 967 1420 1052; x_wconf 88' lang='lat' dir='ltr'>Regulares</span> <span class='ocrx_word' id='word_1_19' title='bbox 1436 967 1479 1032; x_wconf 90' lang='lat' dir='ltr'>ad</span> <span class='ocrx_word' id='word_1_20' title='bbox 1502 969 1659 1052; x_wconf 74' lang='lat' dir='ltr'>exequias</span> 
     </span>
     <span class='ocr_line' id='line_1_4' title="bbox 441 1075 1657 1160; baseline 0 -18"><span class='ocrx_word' id='word_1_21' title='bbox 441 1081 581 1148; x_wconf 84' lang='lat' dir='ltr'>inritati,</span> <span class='ocrx_word' id='word_1_22' title='bbox 607 1087 637 1142; x_wconf 85' lang='lat' dir='ltr'>ct</span> <span class='ocrx_word' id='word_1_23' title='bbox 664 1077 919 1160; x_wconf 89' lang='lat' dir='ltr'>unumquodque</span> <span class='ocrx_word' id='word_1_24' title='bbox 953 1096 1074 1160; x_wconf 89' lang='lat' dir='ltr'>corpus</span> <span class='ocrx_word' id='word_1_25' title='bbox 1107 1075 1239 1141; x_wconf 79' lang='lat' dir='ltr'>incedet</span> <span class='ocrx_word' id='word_1_26' title='bbox 1261 1077 1440 1160; x_wconf 88' lang='lat' dir='ltr'>separatim</span> <span class='ocrx_word' id='word_1_27' title='bbox 1467 1075 1509 1142; x_wconf 82' lang='lat' dir='ltr'>ab</span> <span class='ocrx_word' id='word_1_28' title='bbox 1541 1075 1657 1152; x_wconf 85' lang='lat' dir='ltr'>altero,</span> 
     </span>
     <span class='ocr_line' id='line_1_5' title="bbox 365 1183 1659 1272; baseline 0.003 -24"><span class='ocrx_word' id='word_1_29' title='bbox 365 1183 374 1198; x_wconf 82' lang='lat'><em>‘</em></span> <span class='ocrx_word' id='word_1_30' title='bbox 440 1186 647 1252; x_wconf 80' lang='lat' dir='ltr'>observando</span> <span class='ocrx_word' id='word_1_31' title='bbox 672 1188 705 1250; x_wconf 92' lang='lat' dir='ltr'>in</span> <span class='ocrx_word' id='word_1_32' title='bbox 729 1185 845 1250; x_wconf 83' lang='lat' dir='ltr'>ordine</span> <span class='ocrx_word' id='word_1_33' title='bbox 861 1185 1114 1272; x_wconf 87' lang='lat' dir='ltr'>praecedentiae</span> <span class='ocrx_word' id='word_1_34' title='bbox 1131 1187 1362 1269; x_wconf 70' lang='lat' dir='ltr'>antiquitatem</span> <span class='ocrx_word' id='word_1_35' title='bbox 1379 1187 1559 1252; x_wconf 82' lang='lat' dir='ltr'>erectionis</span> <span class='ocrx_word' id='word_1_36' title='bbox 1583 1185 1659 1252; x_wconf 90' lang='lat' dir='ltr'>Coe·</span> 
     </span>
     <span class='ocr_line' id='line_1_6' title="bbox 438 1293 1658 1380; baseline 0.001 -21"><span class='ocrx_word' id='word_1_37' title='bbox 438 1297 537 1370; x_wconf 91' lang='lat' dir='ltr'>nobii,</span> <span class='ocrx_word' id='word_1_38' title='bbox 561 1293 742 1360; x_wconf 89' lang='lat' dir='ltr'>secundum</span> <span class='ocrx_word' id='word_1_39' title='bbox 767 1295 1037 1359; x_wconf 87' lang='lat' dir='ltr'>constitutionem</span> <span class='ocrx_word' id='word_1_40' title='bbox 1062 1294 1217 1378; x_wconf 86' lang='lat' dir='ltr'>Gregorii</span> <span class='ocrx_word' id='word_1_41' title='bbox 1241 1293 1329 1358; x_wconf 87' lang='lat' dir='ltr'>Xlll.</span> <span class='ocrx_word' id='word_1_42' title='bbox 1358 1294 1440 1358; x_wconf 87' lang='lat' dir='ltr'>Post</span> <span class='ocrx_word' id='word_1_43' title='bbox 1470 1293 1658 1380; x_wconf 70' lang='lat' dir='ltr'>Regulam</span> 
     </span>
     <span class='ocr_line' id='line_1_7' title="bbox 439 1402 1659 1488; baseline 0.002 -20"><span class='ocrx_word' id='word_1_44' title='bbox 439 1405 498 1470; x_wconf 88' lang='lat' dir='ltr'>ibit</span> <span class='ocrx_word' id='word_1_45' title='bbox 521 1404 640 1470; x_wconf 84' lang='lat' dir='ltr'>Clerus</span> <span class='ocrx_word' id='word_1_46' title='bbox 664 1402 838 1475; x_wconf 88' lang='lat' dir='ltr'>secularis,</span> <span class='ocrx_word' id='word_1_47' title='bbox 862 1411 897 1468; x_wconf 90' lang='lat' dir='ltr'>et</span> <span class='ocrx_word' id='word_1_48' title='bbox 919 1405 1145 1488; x_wconf 92' lang='lat' dir='ltr'>unusquisque</span> <span class='ocrx_word' id='word_1_49' title='bbox 1169 1402 1209 1467; x_wconf 91' lang='lat' dir='ltr'>de</span> <span class='ocrx_word' id='word_1_50' title='bbox 1234 1402 1332 1468; x_wconf 91' lang='lat' dir='ltr'>Clero</span> <span class='ocrx_word' id='word_1_51' title='bbox 1361 1403 1498 1470; x_wconf 87' lang='lat' dir='ltr'>indutus</span> <span class='ocrx_word' id='word_1_52' title='bbox 1521 1405 1586 1470; x_wconf 83' lang='lat' dir='ltr'>erit</span> <span class='ocrx_word' id='word_1_53' title='bbox 1609 1425 1659 1470; x_wconf 89' lang='lat' dir='ltr'>su·</span> 
     </span>
     <span class='ocr_line' id='line_1_8' title="bbox 438 1509 1660 1598; baseline 0.001 -21"><span class='ocrx_word' id='word_1_54' title='bbox 438 1511 632 1598; x_wconf 75' lang='lat' dir='ltr'>per-pellicio</span> <span class='ocrx_word' id='word_1_55' title='bbox 655 1517 690 1576; x_wconf 89' lang='lat' dir='ltr'>et</span> <span class='ocrx_word' id='word_1_56' title='bbox 713 1513 820 1596; x_wconf 88' lang='lat' dir='ltr'>capite</span> <span class='ocrx_word' id='word_1_57' title='bbox 844 1509 952 1576; x_wconf 91' lang='lat' dir='ltr'>bireto</span> <span class='ocrx_word' id='word_1_58' title='bbox 974 1517 1143 1596; x_wconf 91' lang='lat' dir='ltr'>cooperto:</span> <span class='ocrx_word' id='word_1_59' title='bbox 1168 1509 1287 1576; x_wconf 91' lang='lat' dir='ltr'>ultimo</span> <span class='ocrx_word' id='word_1_60' title='bbox 1311 1510 1386 1576; x_wconf 93' lang='lat' dir='ltr'>loco</span> <span class='ocrx_word' id='word_1_61' title='bbox 1402 1511 1537 1578; x_wconf 88' lang='lat' dir='ltr'>incedet</span> <span class='ocrx_word' id='word_1_62' title='bbox 1559 1511 1660 1578; x_wconf 88' lang='lat' dir='ltr'>Paro-</span> 
     </span>
     <span class='ocr_line' id='line_1_9' title="bbox 438 1617 1657 1704; baseline 0.002 -20"><span class='ocrx_word' id='word_1_63' title='bbox 438 1620 531 1694; x_wconf 86' lang='lat' dir='ltr'>chus,</span> <span class='ocrx_word' id='word_1_64' title='bbox 555 1618 643 1684; x_wconf 90' lang='lat' dir='ltr'>stola</span> <span class='ocrx_word' id='word_1_65' title='bbox 666 1621 762 1702; x_wconf 89' lang='lat' dir='ltr'>nigra</span> <span class='ocrx_word' id='word_1_66' title='bbox 785 1617 876 1683; x_wconf 91' lang='lat' dir='ltr'>collo</span> <span class='ocrx_word' id='word_1_67' title='bbox 899 1619 1062 1704; x_wconf 89' lang='lat' dir='ltr'>imposita.</span> <span class='ocrx_word' id='word_1_68' title='bbox 1087 1619 1116 1682; x_wconf 86' lang='lat' dir='ltr'>A</span> <span class='ocrx_word' id='word_1_69' title='bbox 1140 1617 1248 1684; x_wconf 88' lang='lat' dir='ltr'>latere</span> <span class='ocrx_word' id='word_1_70' title='bbox 1265 1617 1407 1682; x_wconf 86' lang='lat' dir='ltr'>Parochi</span> <span class='ocrx_word' id='word_1_71' title='bbox 1432 1617 1494 1684; x_wconf 87' lang='lat' dir='ltr'>ibit</span> <span class='ocrx_word' id='word_1_72' title='bbox 1516 1619 1657 1686; x_wconf 84' lang='lat' dir='ltr'>clericus</span> 
     </span>
     <span class='ocr_line' id='line_1_10' title="bbox 440 1724 1656 1811; baseline 0.002 -21"><span class='ocrx_word' id='word_1_73' title='bbox 440 1727 550 1790; x_wconf 82' lang='lat' dir='ltr'>serens</span> <span class='ocrx_word' id='word_1_74' title='bbox 585 1726 758 1790; x_wconf 86' lang='lat' dir='ltr'>vasculum</span> <span class='ocrx_word' id='word_1_75' title='bbox 786 1745 892 1809; x_wconf 91' lang='lat' dir='ltr'>aquae</span> <span class='ocrx_word' id='word_1_76' title='bbox 923 1731 1060 1790; x_wconf 86' lang='lat' dir='ltr'>sanctae</span> <span class='ocrx_word' id='word_1_77' title='bbox 1084 1745 1159 1790; x_wconf 93' lang='lat' dir='ltr'>cum</span> <span class='ocrx_word' id='word_1_78' title='bbox 1184 1724 1367 1811; x_wconf 80' lang='lat' dir='ltr'>aspergillo</span> <span class='ocrx_word' id='word_1_79' title='bbox 1390 1733 1426 1791; x_wconf 87' lang='lat' dir='ltr'>et</span> <span class='ocrx_word' id='word_1_80' title='bbox 1452 1725 1607 1798; x_wconf 85' lang='lat' dir='ltr'>ltituale.¹</span> <span class='ocrx_word' id='word_1_81' title='bbox 1624 1725 1656 1792; x_wconf 84' lang='lat' dir='ltr'>Si</span> 
     </span>
     <span class='ocr_line' id='line_1_11' title="bbox 438 1832 1658 1919; baseline 0.002 -21"><span class='ocrx_word' id='word_1_82' title='bbox 438 1833 547 1898; x_wconf 88' lang='lat' dir='ltr'>aderit</span> <span class='ocrx_word' id='word_1_83' title='bbox 570 1833 760 1918; x_wconf 84' lang='lat' dir='ltr'>Capitulum</span> <span class='ocrx_word' id='word_1_84' title='bbox 778 1832 988 1898; x_wconf 87' lang='lat' dir='ltr'>Cathedralis</span> <span class='ocrx_word' id='word_1_85' title='bbox 1004 1833 1059 1897; x_wconf 89' lang='lat' dir='ltr'>vel</span> <span class='ocrx_word' id='word_1_86' title='bbox 1077 1834 1175 1897; x_wconf 87' lang='lat' dir='ltr'>etiarn</span> <span class='ocrx_word' id='word_1_87' title='bbox 1204 1833 1347 1898; x_wconf 89' lang='lat' dir='ltr'>alicuius</span> <span class='ocrx_word' id='word_1_88' title='bbox 1364 1833 1583 1919; x_wconf 86' lang='lat' dir='ltr'>Collegiatae‚</span> <span class='ocrx_word' id='word_1_89' title='bbox 1599 1835 1658 1900; x_wconf 86' lang='lat' dir='ltr'>Pa·</span> 
     </span>
     <span class='ocr_line' id='line_1_12' title="bbox 440 1939 1656 2027; baseline 0.002 -23"><span class='ocrx_word' id='word_1_90' title='bbox 440 1943 562 2005; x_wconf 88' lang='lat' dir='ltr'>rochus</span> <span class='ocrx_word' id='word_1_91' title='bbox 579 1939 705 2004; x_wconf 85' lang='lat' dir='ltr'>incedet</span> <span class='ocrx_word' id='word_1_92' title='bbox 727 1941 844 2004; x_wconf 90' lang='lat' dir='ltr'>ultimo</span> <span class='ocrx_word' id='word_1_93' title='bbox 861 1940 935 2005; x_wconf 91' lang='lat' dir='ltr'>loco</span> <span class='ocrx_word' id='word_1_94' title='bbox 958 1941 1009 2004; x_wconf 84' lang='lat' dir='ltr'>sui</span> <span class='ocrx_word' id='word_1_95' title='bbox 1034 1940 1135 2010; x_wconf 90' lang='lat' dir='ltr'>Cleri,</span> <span class='ocrx_word' id='word_1_96' title='bbox 1153 1939 1270 2006; x_wconf 90' lang='lat' dir='ltr'>deinde</span> <span class='ocrx_word' id='word_1_97' title='bbox 1294 1949 1453 2024; x_wconf 86' lang='lat' dir='ltr'>sequetur</span> <span class='ocrx_word' id='word_1_98' title='bbox 1468 1941 1656 2027; x_wconf 88' lang='lat' dir='ltr'>Capitulum</span> 
     </span>
     <span class='ocr_line' id='line_1_13' title="bbox 439 2047 1658 2135; baseline 0.002 -24"><span class='ocrx_word' id='word_1_99' title='bbox 439 2048 654 2134; x_wconf 83' lang='lat' dir='ltr'>praedictum.</span> <span class='ocrx_word' id='word_1_100' title='bbox 679 2047 877 2120; x_wconf 78' lang='lat' dir='ltr'>Notandum,</span> <span class='ocrx_word' id='word_1_101' title='bbox 902 2048 988 2131; x_wconf 92' lang='lat' dir='ltr'>quod</span> <span class='ocrx_word' id='word_1_102' title='bbox 1005 2049 1032 2112; x_wconf 91' lang='lat' dir='ltr'>si</span> <span class='ocrx_word' id='word_1_103' title='bbox 1057 2047 1156 2132; x_wconf 88' lang='lat' dir='ltr'>plura</span> <span class='ocrx_word' id='word_1_104' title='bbox 1174 2050 1364 2113; x_wconf 88' lang='lat' dir='ltr'>intererunt</span> <span class='ocrx_word' id='word_1_105' title='bbox 1387 2067 1529 2135; x_wconf 88' lang='lat' dir='ltr'>corpora</span> <span class='ocrx_word' id='word_1_106' title='bbox 1552 2049 1658 2134; x_wconf 83' lang='lat' dir='ltr'>Regu·</span> 
     </span>
     <span class='ocr_line' id='line_1_14' title="bbox 441 2153 1657 2242; baseline 0.002 -23"><span class='ocrx_word' id='word_1_107' title='bbox 441 2157 559 2220; x_wconf 90' lang='lat' dir='ltr'>larium</span> <span class='ocrx_word' id='word_1_108' title='bbox 591 2161 623 2218; x_wconf 88' lang='lat' dir='ltr'>et</span> <span class='ocrx_word' id='word_1_109' title='bbox 658 2156 757 2240; x_wconf 91' lang='lat' dir='ltr'>plura</span> <span class='ocrx_word' id='word_1_110' title='bbox 780 2157 880 2218; x_wconf 90' lang='lat' dir='ltr'>etiam</span> <span class='ocrx_word' id='word_1_111' title='bbox 906 2155 1070 2241; x_wconf 90' lang='lat' dir='ltr'>Capitula‚</span> <span class='ocrx_word' id='word_1_112' title='bbox 1095 2155 1217 2220; x_wconf 82' lang='lat' dir='ltr'>debent</span> <span class='ocrx_word' id='word_1_113' title='bbox 1239 2155 1373 2238; x_wconf 88' lang='lat' dir='ltr'>singula</span> <span class='ocrx_word' id='word_1_114' title='bbox 1400 2153 1557 2220; x_wconf 89' lang='lat' dir='ltr'>incedere</span> <span class='ocrx_word' id='word_1_115' title='bbox 1587 2161 1657 2242; x_wconf 79' lang='lat' dir='ltr'>poet</span> 
     </span>
     <span class='ocr_line' id='line_1_15' title="bbox 441 2262 1658 2348; baseline 0.002 -21"><span class='ocrx_word' id='word_1_116' title='bbox 441 2283 537 2327; x_wconf 86' lang='lat' dir='ltr'>unam</span> <span class='ocrx_word' id='word_1_117' title='bbox 561 2263 701 2328; x_wconf 85' lang='lat' dir='ltr'>Crucem</span> <span class='ocrx_word' id='word_1_118' title='bbox 732 2263 833 2332; x_wconf 88' lang='lat' dir='ltr'>Cleri,</span> <span class='ocrx_word' id='word_1_119' title='bbox 858 2264 929 2326; x_wconf 81' lang='lat' dir='ltr'>sive</span> <span class='ocrx_word' id='word_1_120' title='bbox 960 2263 1021 2326; x_wconf 90' lang='lat' dir='ltr'>illa</span> <span class='ocrx_word' id='word_1_121' title='bbox 1044 2263 1088 2326; x_wconf 83' lang='lat' dir='ltr'>sit.</span> <span class='ocrx_word' id='word_1_122' title='bbox 1121 2262 1332 2348; x_wconf 87' lang='lat' dir='ltr'>parochialis,</span> <span class='ocrx_word' id='word_1_123' title='bbox 1364 2263 1433 2327; x_wconf 87' lang='lat' dir='ltr'>sive</span> <span class='ocrx_word' id='word_1_124' title='bbox 1464 2262 1658 2348; x_wconf 87' lang='lat' dir='ltr'>capitularis</span> 
     </span>
     <span class='ocr_line' id='line_1_16' title="bbox 438 2369 1660 2456; baseline 0.002 -22"><span class='ocrx_word' id='word_1_125' title='bbox 438 2373 509 2435; x_wconf 84' lang='lat' dir='ltr'>sire</span> <span class='ocrx_word' id='word_1_126' title='bbox 533 2370 624 2434; x_wconf 85' lang='lat' dir='ltr'>illius</span> <span class='ocrx_word' id='word_1_127' title='bbox 649 2370 820 2444; x_wconf 89' lang='lat' dir='ltr'>ecclesiae,</span> <span class='ocrx_word' id='word_1_128' title='bbox 846 2370 878 2433; x_wconf 96' lang='lat' dir='ltr'>in</span> <span class='ocrx_word' id='word_1_129' title='bbox 903 2387 967 2452; x_wconf 88' lang='lat' dir='ltr'>qua</span> <span class='ocrx_word' id='word_1_130' title='bbox 990 2369 1218 2434; x_wconf 82' lang='lat' dir='ltr'>celebrabitur</span> <span class='ocrx_word' id='word_1_131' title='bbox 1241 2369 1352 2446; x_wconf 82' lang='lat' dir='ltr'>funus,</span> <span class='ocrx_word' id='word_1_132' title='bbox 1370 2375 1408 2434; x_wconf 92' lang='lat' dir='ltr'>ut</span> <span class='ocrx_word' id='word_1_133' title='bbox 1427 2372 1582 2456; x_wconf 85' lang='lat' dir='ltr'>superius</span> <span class='ocrx_word' id='word_1_134' title='bbox 1605 2389 1660 2436; x_wconf 89' lang='lat' dir='ltr'>nc·</span> 
     </span>
     <span class='ocr_line' id='line_1_17' title="bbox 437 2476 1658 2564; baseline 0.002 -23"><span class='ocrx_word' id='word_1_135' title='bbox 437 2484 543 2542; x_wconf 89' lang='lat' dir='ltr'>tatum</span> <span class='ocrx_word' id='word_1_136' title='bbox 567 2485 628 2542; x_wconf 87' lang='lat' dir='ltr'>ost.</span> <span class='ocrx_word' id='word_1_137' title='bbox 653 2479 733 2542; x_wconf 90' lang='lat' dir='ltr'>Post</span> <span class='ocrx_word' id='word_1_138' title='bbox 758 2476 947 2562; x_wconf 86' lang='lat' dir='ltr'>Capitulum</span> <span class='ocrx_word' id='word_1_139' title='bbox 972 2497 1030 2542; x_wconf 88' lang='lat' dir='ltr'>scu</span> <span class='ocrx_word' id='word_1_140' title='bbox 1063 2477 1197 2542; x_wconf 90' lang='lat' dir='ltr'>Clerum</span> <span class='ocrx_word' id='word_1_141' title='bbox 1234 2477 1422 2564; x_wconf 88' lang='lat' dir='ltr'>portabitur</span> <span class='ocrx_word' id='word_1_142' title='bbox 1451 2477 1658 2544; x_wconf 79' lang='lat' dir='ltr'>rereuuma</span> 
     </span>
     <span class='ocr_line' id='line_1_18' title="bbox 437 2584 1660 2669; baseline 0.002 -20"><span class='ocrx_word' id='word_1_143' title='bbox 437 2591 580 2669; x_wconf 88' lang='lat' dir='ltr'>quatuor</span> <span class='ocrx_word' id='word_1_144' title='bbox 603 2585 792 2658; x_wconf 86' lang='lat' dir='ltr'>lecticariis,</span> <span class='ocrx_word' id='word_1_145' title='bbox 817 2604 914 2650; x_wconf 88' lang='lat' dir='ltr'>sacco</span> <span class='ocrx_word' id='word_1_146' title='bbox 937 2584 1072 2660; x_wconf 88' lang='lat' dir='ltr'>indutis,</span> <span class='ocrx_word' id='word_1_147' title='bbox 1104 2586 1158 2650; x_wconf 91' lang='lat' dir='ltr'>vel</span> <span class='ocrx_word' id='word_1_148' title='bbox 1190 2605 1210 2649; x_wconf 89' lang='lat' dir='ltr'>a</span> <span class='ocrx_word' id='word_1_149' title='bbox 1232 2585 1401 2652; x_wconf 87' lang='lat' dir='ltr'>sodalibus</span> <span class='ocrx_word' id='word_1_150' title='bbox 1430 2585 1660 2668; x_wconf 71' lang='lat' dir='ltr'>Confraterni·</span> 
     </span>
     <span class='ocr_line' id='line_1_19' title="bbox 437 2692 1560 2776; baseline 0.001 -21"><span class='ocrx_word' id='word_1_151' title='bbox 437 2699 554 2766; x_wconf 89' lang='lat' dir='ltr'>tatum,</span> <span class='ocrx_word' id='word_1_152' title='bbox 579 2712 664 2776; x_wconf 91' lang='lat' dir='ltr'>quae</span> <span class='ocrx_word' id='word_1_153' title='bbox 687 2693 886 2756; x_wconf 88' lang='lat' dir='ltr'>intererunt.</span> <span class='ocrx_word' id='word_1_154' title='bbox 911 2692 1062 2758; x_wconf 77' lang='lat' dir='ltr'>Cadaver</span> <span class='ocrx_word' id='word_1_155' title='bbox 1085 2711 1252 2776; x_wconf 90' lang='lat' dir='ltr'>nunquam</span> <span class='ocrx_word' id='word_1_156' title='bbox 1278 2713 1381 2758; x_wconf 91' lang='lat' dir='ltr'>curru</span> <span class='ocrx_word' id='word_1_157' title='bbox 1405 2692 1560 2758; x_wconf 86' lang='lat' dir='ltr'>vehetur.</span> 
     </span>
    </p>

    <p class='ocr_par' dir='ltr' id='par_1_3' title="bbox 435 2798 1660 3618">
     <span class='ocr_line' id='line_1_20' title="bbox 529 2798 1660 2886; baseline 0.003 -22"><span class='ocrx_word' id='word_1_158' title='bbox 529 2801 578 2864; x_wconf 85' lang='lat'>15.</span> <span class='ocrx_word' id='word_1_159' title='bbox 603 2799 711 2873; x_wconf 87' lang='lat' dir='ltr'>Quum</span> <span class='ocrx_word' id='word_1_160' title='bbox 735 2807 871 2864; x_wconf 90' lang='lat' dir='ltr'>ventum</span> <span class='ocrx_word' id='word_1_161' title='bbox 895 2801 961 2864; x_wconf 87' lang='lat' dir='ltr'>erit</span> <span class='ocrx_word' id='word_1_162' title='bbox 982 2798 1025 2862; x_wconf 92' lang='lat' dir='ltr'>ad</span> <span class='ocrx_word' id='word_1_163' title='bbox 1048 2798 1275 2864; x_wconf 86' lang='lat' dir='ltr'>habitaculum</span> <span class='ocrx_word' id='word_1_164' title='bbox 1290 2799 1449 2878; x_wconf 83' lang='lat' dir='ltr'>defuncti,</span> <span class='ocrx_word' id='word_1_165' title='bbox 1475 2819 1595 2886; x_wconf 83' lang='lat' dir='ltr'>pompa</span> <span class='ocrx_word' id='word_1_166' title='bbox 1610 2799 1660 2867; x_wconf 80' lang='lat' dir='ltr'>lu·</span> 
     </span>
     <span class='ocr_line' id='line_1_21' title="bbox 438 2906 1659 2974; baseline 0.004 -4"><span class='ocrx_word' id='word_1_167' title='bbox 438 2907 549 2971; x_wconf 85' lang='lat' dir='ltr'>nebris</span> <span class='ocrx_word' id='word_1_168' title='bbox 573 2906 614 2970; x_wconf 90' lang='lat' dir='ltr'>ibi</span> <span class='ocrx_word' id='word_1_169' title='bbox 640 2906 806 2972; x_wconf 79' lang='lat' dir='ltr'>subsistet:</span> <span class='ocrx_word' id='word_1_170' title='bbox 833 2907 1004 2971; x_wconf 89' lang='lat' dir='ltr'>Parochus</span> <span class='ocrx_word' id='word_1_171' title='bbox 1029 2913 1140 2972; x_wconf 84' lang='lat' dir='ltr'>autem</span> <span class='ocrx_word' id='word_1_172' title='bbox 1164 2907 1321 2972; x_wconf 83' lang='lat' dir='ltr'>ascendet</span> <span class='ocrx_word' id='word_1_173' title='bbox 1337 2907 1469 2972; x_wconf 91' lang='lat' dir='ltr'>domum</span> <span class='ocrx_word' id='word_1_174' title='bbox 1494 2927 1571 2974; x_wconf 92' lang='lat' dir='ltr'>cum</span> <span class='ocrx_word' id='word_1_175' title='bbox 1594 2908 1659 2974; x_wconf 86' lang='lat' dir='ltr'>cle·</span> 
     </span>
     <span class='ocr_line' id='line_1_22' title="bbox 439 3013 1658 3090; baseline 0.003 -14"><span class='ocrx_word' id='word_1_176' title='bbox 439 3016 507 3078; x_wconf 90' lang='lat' dir='ltr'>rico</span> <span class='ocrx_word' id='word_1_177' title='bbox 532 3015 662 3078; x_wconf 88' lang='lat' dir='ltr'>serente</span> <span class='ocrx_word' id='word_1_178' title='bbox 685 3013 859 3078; x_wconf 88' lang='lat' dir='ltr'>vasculum</span> <span class='ocrx_word' id='word_1_179' title='bbox 876 3020 911 3078; x_wconf 91' lang='lat' dir='ltr'>et</span> <span class='ocrx_word' id='word_1_180' title='bbox 927 3013 1072 3090; x_wconf 83' lang='lat' dir='ltr'>ltituale;</span> <span class='ocrx_word' id='word_1_181' title='bbox 1090 3015 1270 3080; x_wconf 90' lang='lat' dir='ltr'>ascendent</span> <span class='ocrx_word' id='word_1_182' title='bbox 1294 3016 1392 3080; x_wconf 89' lang='lat' dir='ltr'>etiam</span> <span class='ocrx_word' id='word_1_183' title='bbox 1417 3015 1582 3082; x_wconf 89' lang='lat' dir='ltr'>lecticarii</span> <span class='ocrx_word' id='word_1_184' title='bbox 1605 3016 1658 3082; x_wconf 83' lang='lat' dir='ltr'>vel</span> 
     </span>
     <span class='ocr_line' id='line_1_23' title="bbox 437 3119 1657 3206; baseline 0.003 -20"><span class='ocrx_word' id='word_1_185' title='bbox 437 3122 634 3196; x_wconf 79' lang='lat' dir='ltr'>confratres,</span> <span class='ocrx_word' id='word_1_186' title='bbox 658 3123 713 3204; x_wconf 92' lang='lat' dir='ltr'>qui</span> <span class='ocrx_word' id='word_1_187' title='bbox 737 3119 905 3186; x_wconf 88' lang='lat' dir='ltr'>debebunt</span> <span class='ocrx_word' id='word_1_188' title='bbox 926 3120 1071 3186; x_wconf 82' lang='lat' dir='ltr'>cadaver</span> <span class='ocrx_word' id='word_1_189' title='bbox 1093 3121 1279 3198; x_wconf 90' lang='lat' dir='ltr'>demittere,</span> <span class='ocrx_word' id='word_1_190' title='bbox 1304 3122 1463 3206; x_wconf 90' lang='lat' dir='ltr'>siquidem</span> <span class='ocrx_word' id='word_1_191' title='bbox 1494 3123 1657 3190; x_wconf 79' lang='lat' dir='ltr'>feretrum</span> 
     </span>
     <span class='ocr_line' id='line_1_24' title="bbox 436 3228 1657 3316; baseline 0.002 -24"><span class='ocrx_word' id='word_1_192' title='bbox 436 3229 648 3311; x_wconf 87' lang='lat' dir='ltr'>relinquetur</span> <span class='ocrx_word' id='word_1_193' title='bbox 666 3235 750 3292; x_wconf 77' lang='lat' dir='ltr'>&#39;anto</span> <span class='ocrx_word' id='word_1_194' title='bbox 772 3229 893 3292; x_wconf 87' lang='lat' dir='ltr'>ostium</span> <span class='ocrx_word' id='word_1_195' title='bbox 917 3228 1044 3304; x_wconf 91' lang='lat' dir='ltr'>domus,</span> <span class='ocrx_word' id='word_1_196' title='bbox 1069 3231 1147 3294; x_wconf 88' lang='lat' dir='ltr'>item</span> <span class='ocrx_word' id='word_1_197' title='bbox 1164 3229 1352 3295; x_wconf 79' lang='lat' dir='ltr'>confratres</span> <span class='ocrx_word' id='word_1_198' title='bbox 1376 3236 1435 3295; x_wconf 89' lang='lat' dir='ltr'>aut</span> <span class='ocrx_word' id='word_1_199' title='bbox 1459 3231 1657 3316; x_wconf 80' lang='lat' dir='ltr'>Regulares,</span> 
     </span>
     <span class='ocr_line' id='line_1_25' title="bbox 435 3334 1657 3418; baseline 0.007 -22"><span class='ocrx_word' id='word_1_200' title='bbox 435 3337 489 3418; x_wconf 92' lang='lat' dir='ltr'>qui</span> <span class='ocrx_word' id='word_1_201' title='bbox 515 3334 729 3401; x_wconf 82' lang='lat' dir='ltr'>sustinebunt</span> <span class='ocrx_word' id='word_1_202' title='bbox 744 3337 913 3401; x_wconf 92' lang='lat' dir='ltr'>intorticia</span> <span class='ocrx_word' id='word_1_203' title='bbox 928 3356 987 3400; x_wconf 89' lang='lat' dir='ltr'>seu</span> <span class='ocrx_word' id='word_1_204' title='bbox 1003 3335 1161 3402; x_wconf 84' lang='lat' dir='ltr'>candelas</span> <span class='ocrx_word' id='word_1_205' title='bbox 1185 3357 1342 3402; x_wconf 88' lang='lat' dir='ltr'>accensas</span> <span class='ocrx_word' id='word_1_206' title='bbox 1358 3339 1485 3402; x_wconf 90' lang='lat' dir='ltr'>circum</span> <span class='ocrx_word' id='word_1_207' title='bbox 1502 3337 1657 3418; x_wconf 71' lang='lat' dir='ltr'>eadmer,</span> 
     </span>
     <span class='ocr_line' id='line_1_26' title="bbox 436 3442 1657 3534; baseline 0.006 -29"><span class='ocrx_word' id='word_1_208' title='bbox 436 3447 470 3506; x_wconf 87' lang='lat' dir='ltr'>et</span> <span class='ocrx_word' id='word_1_209' title='bbox 493 3442 637 3507; x_wconf 83' lang='lat' dir='ltr'>clericus</span> <span class='ocrx_word' id='word_1_210' title='bbox 667 3443 723 3507; x_wconf 85' lang='lat' dir='ltr'>vel</span> <span class='ocrx_word' id='word_1_211' title='bbox 754 3443 841 3506; x_wconf 88' lang='lat' dir='ltr'>alius</span> <span class='ocrx_word' id='word_1_212' title='bbox 875 3444 1047 3528; x_wconf 87' lang='lat' dir='ltr'>quispiam,</span> <span class='ocrx_word' id='word_1_213' title='bbox 1072 3445 1127 3527; x_wconf 93' lang='lat' dir='ltr'>qui</span> <span class='ocrx_word' id='word_1_214' title='bbox 1150 3443 1313 3530; x_wconf 84' lang='lat' dir='ltr'>fungetur</span> <span class='ocrx_word' id='word_1_215' title='bbox 1336 3443 1442 3510; x_wconf 85' lang='lat' dir='ltr'>officio</span> <span class='ocrx_word' id='word_1_216' title='bbox 1474 3445 1657 3534; x_wconf 88' lang='lat' dir='ltr'>accipiendi</span> 
     </span>
     <span class='ocr_line' id='line_1_27' title="bbox 437 3547 1480 3618; baseline 0.007 -7"><span class='ocrx_word' id='word_1_217' title='bbox 437 3555 471 3612; x_wconf 85' lang='lat' dir='ltr'>et</span> <span class='ocrx_word' id='word_1_218' title='bbox 493 3547 711 3614; x_wconf 86' lang='lat' dir='ltr'>distribuendi</span> <span class='ocrx_word' id='word_1_219' title='bbox 734 3569 845 3614; x_wconf 90' lang='lat' dir='ltr'>ceram</span> <span class='ocrx_word' id='word_1_220' title='bbox 869 3551 1023 3618; x_wconf 89' lang='lat' dir='ltr'>omnibus</span> <span class='ocrx_word' id='word_1_221' title='bbox 1039 3549 1150 3616; x_wconf 82' lang='lat' dir='ltr'>funeri</span> <span class='ocrx_word' id='word_1_222' title='bbox 1168 3551 1480 3618; x_wconf 86' lang='lat' dir='ltr'>intervenientibus.</span> 
     </span>
    </p>

    <p class='ocr_par' dir='ltr' id='par_1_4' title="bbox 432 3655 1657 4169">
     <span class='ocr_line' id='line_1_28' title="bbox 525 3655 1657 3745; baseline 0.008 -26"><span class='ocrx_word' id='word_1_223' title='bbox 525 3657 576 3720; x_wconf 88' lang='grc'>16.</span> <span class='ocrx_word' id='word_1_224' title='bbox 601 3655 709 3731; x_wconf 87' lang='lat' dir='ltr'>Quum</span> <span class='ocrx_word' id='word_1_225' title='bbox 733 3660 843 3722; x_wconf 90' lang='lat' dir='ltr'>omnia</span> <span class='ocrx_word' id='word_1_226' title='bbox 858 3657 1017 3745; x_wconf 86' lang='lat' dir='ltr'>disposita</span> <span class='ocrx_word' id='word_1_227' title='bbox 1032 3657 1169 3728; x_wconf 87' lang='lat' dir='ltr'>luerint,</span> <span class='ocrx_word' id='word_1_228' title='bbox 1183 3659 1355 3723; x_wconf 90' lang='lat' dir='ltr'>Parochus</span> <span class='ocrx_word' id='word_1_229' title='bbox 1372 3678 1458 3742; x_wconf 90' lang='lat' dir='ltr'>aqua</span> <span class='ocrx_word' id='word_1_230' title='bbox 1481 3659 1657 3728; x_wconf 81' lang='lat' dir='ltr'>benedicta</span> 
     </span>
     <span class='ocr_line' id='line_1_29' title="bbox 434 3764 1657 3847; baseline 0.007 -21"><span class='ocrx_word' id='word_1_231' title='bbox 434 3770 590 3847; x_wconf 79' lang='lat' dir='ltr'>asperget</span> <span class='ocrx_word' id='word_1_232' title='bbox 613 3764 756 3828; x_wconf 89' lang='lat' dir='ltr'>cadaver</span> <span class='ocrx_word' id='word_1_233' title='bbox 781 3766 813 3828; x_wconf 95' lang='lat' dir='ltr'>in</span> <span class='ocrx_word' id='word_1_234' title='bbox 838 3766 954 3843; x_wconf 91' lang='lat' dir='ltr'>medio,</span> <span class='ocrx_word' id='word_1_235' title='bbox 972 3787 992 3829; x_wconf 89' lang='lat' dir='ltr'>a</span> <span class='ocrx_word' id='word_1_236' title='bbox 1008 3767 1151 3830; x_wconf 82' lang='lat' dir='ltr'>sinistris</span> <span class='ocrx_word' id='word_1_237' title='bbox 1169 3771 1203 3830; x_wconf 89' lang='lat' dir='ltr'>et</span> <span class='ocrx_word' id='word_1_238' title='bbox 1218 3785 1237 3830; x_wconf 93' lang='lat' dir='ltr'>a</span> <span class='ocrx_word' id='word_1_239' title='bbox 1254 3765 1382 3830; x_wconf 85' lang='lat' dir='ltr'>dextris</span> <span class='ocrx_word' id='word_1_240' title='bbox 1406 3768 1484 3844; x_wconf 88' lang='lat' dir='ltr'>suis,</span> <span class='ocrx_word' id='word_1_241' title='bbox 1502 3767 1657 3834; x_wconf 82' lang='lat' dir='ltr'>recitabit</span> 
     </span>
     <span class='ocr_line' id='line_1_30' title="bbox 436 3871 1656 3960; baseline 0.007 -25"><span class='ocrx_word' id='word_1_242' title='bbox 436 3891 510 3935; x_wconf 90' lang='lat' dir='ltr'>curn</span> <span class='ocrx_word' id='word_1_243' title='bbox 534 3871 658 3934; x_wconf 91' lang='lat' dir='ltr'>clerico</span> <span class='ocrx_word' id='word_1_244' title='bbox 674 3873 886 3959; x_wconf 87' lang='lat' dir='ltr'>antiphonam</span> <span class='ocrx_word' id='word_1_245' title='bbox 910 3874 950 3941; x_wconf 85' lang='lat' dir='ltr'>Si</span> <span class='ocrx_word' id='word_1_246' title='bbox 970 3875 1183 3958; x_wconf 80' lang='lat' dir='ltr'>iniquitates,</span> <span class='ocrx_word' id='word_1_247' title='bbox 1201 3873 1364 3958; x_wconf 93' lang='lat' dir='ltr'>psalmum</span> <span class='ocrx_word' id='word_1_248' title='bbox 1388 3873 1439 3940; x_wconf 87' lang='lat' dir='ltr'>De</span> <span class='ocrx_word' id='word_1_249' title='bbox 1457 3875 1656 3960; x_wconf 77' lang='lat' dir='ltr'>profundit</span> 
     </span>
     <span class='ocr_line' id='line_1_31' title="bbox 433 3977 1654 4068; baseline 0.007 -28"><span class='ocrx_word' id='word_1_250' title='bbox 433 3997 507 4041; x_wconf 90' lang='lat' dir='ltr'>cum</span> <span class='ocrx_word' id='word_1_251' title='bbox 525 3977 696 4060; x_wconf 81' lang='lat' dir='ltr'>Requiem</span> <span class='ocrx_word' id='word_1_252' title='bbox 712 3987 904 4057; x_wconf 79' lang='lat' dir='ltr'>aeternam,</span> <span class='ocrx_word' id='word_1_253' title='bbox 922 3989 956 4046; x_wconf 90' lang='lat' dir='ltr'>et</span> <span class='ocrx_word' id='word_1_254' title='bbox 979 3989 1094 4068; x_wconf 87' lang='lat' dir='ltr'>postea</span> <span class='ocrx_word' id='word_1_255' title='bbox 1109 3986 1239 4068; x_wconf 89' lang='lat' dir='ltr'>repetet</span> <span class='ocrx_word' id='word_1_256' title='bbox 1255 3982 1421 4064; x_wconf 86' lang='lat' dir='ltr'>integram</span> <span class='ocrx_word' id='word_1_257' title='bbox 1438 3981 1654 4068; x_wconf 90' lang='lat' dir='ltr'>antiphonam</span> 
     </span>
     <span class='ocr_line' id='line_1_32' title="bbox 432 4085 1235 4169; baseline 0.002 -19"><span class='ocrx_word' id='word_1_258' title='bbox 432 4085 472 4150; x_wconf 85' lang='lat' dir='ltr'>Si</span> <span class='ocrx_word' id='word_1_259' title='bbox 492 4087 696 4169; x_wconf 73' lang='lat' dir='ltr'>iniquitates</span> <span class='ocrx_word' id='word_1_260' title='bbox 713 4087 970 4164; x_wconf 80' lang='lat' dir='ltr'>observaveris,</span> <span class='ocrx_word' id='word_1_261' title='bbox 995 4089 1145 4156; x_wconf 83' lang='lat' dir='ltr'>Domine</span> <span class='ocrx_word' id='word_1_262' title='bbox 1170 4095 1235 4155; x_wconf 89' lang='lat' dir='ltr'>etc.</span> 
     </span>
    </p>

    <p class='ocr_par' dir='ltr' id='par_1_5' title="bbox 431 4193 1658 4487">
     <span class='ocr_line' id='line_1_33' title="bbox 526 4193 1652 4282; baseline 0.007 -25"><span class='ocrx_word' id='word_1_263' title='bbox 526 4195 573 4257; x_wconf 79' lang='grc'>17.</span> <span class='ocrx_word' id='word_1_264' title='bbox 600 4195 683 4258; x_wconf 84' lang='lat' dir='ltr'>Tum</span> <span class='ocrx_word' id='word_1_265' title='bbox 707 4196 802 4260; x_wconf 90' lang='lat' dir='ltr'>domo</span> <span class='ocrx_word' id='word_1_266' title='bbox 825 4193 983 4261; x_wconf 85' lang='lat' dir='ltr'>efferetur</span> <span class='ocrx_word' id='word_1_267' title='bbox 1000 4198 1143 4263; x_wconf 76' lang='lat' dir='ltr'>cadaver</span> <span class='ocrx_word' id='word_1_268' title='bbox 1160 4200 1249 4262; x_wconf 89' lang='lat' dir='ltr'>intra</span> <span class='ocrx_word' id='word_1_269' title='bbox 1266 4197 1404 4261; x_wconf 89' lang='lat' dir='ltr'>linteum</span> <span class='ocrx_word' id='word_1_270' title='bbox 1428 4199 1573 4282; x_wconf 89' lang='lat' dir='ltr'>positum</span> <span class='ocrx_word' id='word_1_271' title='bbox 1597 4198 1652 4266; x_wconf 87' lang='lat' dir='ltr'>vcl</span> 
     </span>
     <span class='ocr_line' id='line_1_34' title="bbox 433 4302 1658 4389; baseline 0.007 -26"><span class='ocrx_word' id='word_1_272' title='bbox 433 4303 465 4364; x_wconf 93' lang='lat' dir='ltr'>in</span> <span class='ocrx_word' id='word_1_273' title='bbox 490 4321 567 4365; x_wconf 86' lang='lat' dir='ltr'>arca</span> <span class='ocrx_word' id='word_1_274' title='bbox 591 4310 625 4367; x_wconf 93' lang='lat' dir='ltr'>et</span> <span class='ocrx_word' id='word_1_275' title='bbox 648 4304 816 4386; x_wconf 88' lang='lat' dir='ltr'>aptabitur</span> <span class='ocrx_word' id='word_1_276' title='bbox 839 4322 939 4389; x_wconf 90' lang='lat' dir='ltr'>supra</span> <span class='ocrx_word' id='word_1_277' title='bbox 962 4302 1135 4369; x_wconf 82' lang='lat' dir='ltr'>feretrum.</span> <span class='ocrx_word' id='word_1_278' title='bbox 1160 4303 1223 4376; x_wconf 90' lang='lat' dir='ltr'>Qui</span> <span class='ocrx_word' id='word_1_279' title='bbox 1248 4306 1461 4370; x_wconf 89' lang='lat' dir='ltr'>sustinebunt</span> <span class='ocrx_word' id='word_1_280' title='bbox 1485 4303 1658 4374; x_wconf 81' lang='lat' dir='ltr'>intorticia</span> 
     </span>
     <span class='ocr_line' id='line_1_35' title="bbox 431 4409 1507 4487; baseline 0.008 -20"><span class='ocrx_word' id='word_1_281' title='bbox 431 4427 488 4471; x_wconf 80' lang='lat' dir='ltr'>seu</span> <span class='ocrx_word' id='word_1_282' title='bbox 514 4409 670 4474; x_wconf 85' lang='lat' dir='ltr'>candelas</span> <span class='ocrx_word' id='word_1_283' title='bbox 694 4430 861 4487; x_wconf 87' lang='lat' dir='ltr'>accensas,</span> <span class='ocrx_word' id='word_1_284' title='bbox 887 4409 1042 4474; x_wconf 79' lang='lat' dir='ltr'>incedent</span> <span class='ocrx_word' id='word_1_285' title='bbox 1065 4433 1085 4474; x_wconf 93' lang='lat' dir='ltr'>a</span> <span class='ocrx_word' id='word_1_286' title='bbox 1109 4409 1271 4476; x_wconf 87' lang='lat' dir='ltr'>lateribus</span> <span class='ocrx_word' id='word_1_287' title='bbox 1295 4412 1424 4478; x_wconf 85' lang='lat' dir='ltr'>feretri.</span> <span class='ocrx_word' id='word_1_288' title='bbox 1505 4477 1507 4484; x_wconf 82' lang='grc'>,</span> 
     </span>
    </p>

    <p class='ocr_par' dir='ltr' id='par_1_6' title="bbox 430 4516 1654 4710">
     <span class='ocr_line' id='line_1_36' title="bbox 522 4516 1650 4604; baseline 0.008 -26"><span class='ocrx_word' id='word_1_289' title='bbox 522 4516 571 4579; x_wconf 85' lang='grc'>18,</span> <span class='ocrx_word' id='word_1_290' title='bbox 596 4517 779 4594; x_wconf 76' lang='lat' dir='ltr'>collocato,</span> <span class='ocrx_word' id='word_1_291' title='bbox 806 4523 975 4604; x_wconf 85' lang='lat' dir='ltr'>utsupra,</span> <span class='ocrx_word' id='word_1_292' title='bbox 1000 4518 1173 4592; x_wconf 88' lang='lat' dir='ltr'>cadavere,</span> <span class='ocrx_word' id='word_1_293' title='bbox 1200 4519 1371 4589; x_wconf 87' lang='lat' dir='ltr'>Parochus</span> <span class='ocrx_word' id='word_1_294' title='bbox 1388 4521 1479 4586; x_wconf 89' lang='lat' dir='ltr'>elata</span> <span class='ocrx_word' id='word_1_295' title='bbox 1494 4542 1579 4590; x_wconf 88' lang='lat' dir='ltr'>voce</span> <span class='ocrx_word' id='word_1_296' title='bbox 1594 4521 1650 4590; x_wconf 85' lang='lat' dir='ltr'>sod</span> 
     </span>
     <span class='ocr_line' id='line_1_37' title="bbox 430 4624 1654 4710; baseline 0.014 -26"><span class='ocrx_word' id='word_1_297' title='bbox 430 4624 501 4687; x_wconf 86' lang='lat' dir='ltr'>sine</span> <span class='ocrx_word' id='word_1_298' title='bbox 524 4633 623 4690; x_wconf 88' lang='lat' dir='ltr'>cantu</span> <span class='ocrx_word' id='word_1_299' title='bbox 649 4627 810 4691; x_wconf 87' lang='lat' dir='ltr'>intonabit</span> <span class='ocrx_word' id='word_1_300' title='bbox 844 4626 1057 4710; x_wconf 89' lang='lat' dir='ltr'>antiphonam</span> <span class='ocrx_word' id='word_1_301' title='bbox 1082 4624 1314 4696; x_wconf 74' lang='lat' dir='ltr'>Exultat-unt.</span> <span class='ocrx_word' id='word_1_302' title='bbox 1350 4630 1509 4710; x_wconf 79' lang='lat' dir='ltr'>Domino,</span> <span class='ocrx_word' id='word_1_303' title='bbox 1531 4639 1568 4698; x_wconf 89' lang='lat' dir='ltr'>et</span> <span class='ocrx_word' id='word_1_304' title='bbox 1591 4635 1654 4700; x_wconf 88' lang='lat' dir='ltr'>im-</span> 
     </span>
    </p>
   </div>
   <div class='ocr_carea' id='block_1_3' title="bbox 0 0 2092 5717">
    <p class='ocr_par' dir='ltr' id='par_1_7' title="bbox 0 0 2092 5717">
     <span class='ocr_line' id='line_1_38' title="bbox 0 0 2092 5717; baseline 0 2"><span class='ocrx_word' id='word_1_305' title='bbox 0 0 2092 5717; x_wconf 95' lang='lat' dir='ltr'> </span> 
     </span>
    </p>
   </div>
  </div>
 </body>
</html>
