4175 5717
537 759 598 823 13ss
988 775 1054 822 tm.
1081 775 1127 824 iv.

441 887 636 971 baptisterii.
668 885 889 968 interrogabit
921 893 1124 970 compatrem
1158 884 1271 948 dicens
1307 883 1351 948 N.
1384 883 1473 968 quid
1500 881 1593 964 petia
1622 871 1667 948 ab

442 995 586 1059 ecclesio
610 991 694 1058 Det?

551 1103 581 1162 4.
607 1100 715 1174 Quum
740 1101 775 1163 in
799 1099 926 1164 Rituali
950 1101 1081 1182 signata
1104 1104 1157 1162 est
1179 1098 1283 1162 litera
1304 1098 1349 1163 N.
1368 1097 1547 1164 Parochus
1562 1099 1671 1184 expri-

443 1226 532 1269 mere
556 1209 690 1270 nomina
713 1206 869 1290 baptizati
894 1206 991 1270 debet
1017 1209 1075 1290 (o).

551 1314 582 1376 5.
609 1313 785 1398 (lompater
808 1334 866 1376 scu
893 1312 1083 1378 Commater
1108 1311 1321 1396 respondebit
1346 1311 1481 1378 Fidern.

550 1421 582 1483 il.
607 1421 780 1484 Parocbus
804 1425 1028 1504 prosequetur
1052 1419 1199 1502 reliquas
1217 1421 1505 1502 interrogationes
1522 1427 1557 1484 et
1573 1419 1672 1484 clari-

439 1548 499 1590 cus
523 1527 654 1590 interea
677 1528 709 1589 in
734 1531 888 1612 promptu
913 1525 1043 1590 habebit
1072 1526 1245 1590 vasculum
1271 1525 1350 1590 salis
1374 1531 1409 1589 et
1433 1525 1591 1592 mantile.

551 1634 581 1696 7.
607 1633 685 1695 Post
712 1634 994 1716 interrogationes
1017 1631 1156 1696 accedet
1185 1631 1393 1715 aliquantum
1426 1630 1466 1697 od
1506 1631 1670 1696 infantem

442 1741 623 1814 Parocltus,
648 1736 782 1803 sudabit
805 1739 929 1803 leniter
952 1739 1061 1804 tribus
1085 1739 1213 1803 vicibus
1237 1741 1270 1802 in
1295 1739 1413 1802 taciem
1437 1741 1523 1814 eius,
1553 1745 1671 1826 postea

440 1845 527 1910 dicet
553 1845 626 1935 Eoi
647 1846 691 1911 ab
714 1865 753 1912 eo
777 1853 841 1910 etc.
874 1847 1104 1928 Prosequetur
1127 1847 1257 1928 Accipe
1290 1847 1434 1930 signnm
1469 1845 1604 1913 Graecia
1638 1851 1671 1912 ot

440 1953 562 2036 pollice
585 1952 727 2017 dextero
752 1952 868 2018 Crucis
892 1953 1023 2036 signum
1048 1952 1190 2036 signabit
1216 1955 1248 2016 in
1274 1953 1386 2016 fronte
1417 1951 1561 2018 infantis
1593 1951 1670 2018 dum

440 2058 525 2123 «licet
551 2059 588 2122 in
611 2059 740 2142 fronte.
765 2057 884 2122 deinde
908 2059 941 2123 in
964 2065 1111 2142 pectore,
1136 2057 1250 2124 dicens
1274 2059 1312 2124 in
1335 2059 1451 2126 corde.

550 2167 581 2228 8.
606 2165 763 2230 Subliciet
781 2164 899 2230 deinde
916 2167 1101 2229 orationem
1122 2163 1270 2232 Oremns
1294 2163 1522 2248 Omnipotens
1543 2167 1669 2250 ambi

440 2279 539 2338 terne
562 2273 658 2340 Dens
681 2281 745 2338 etc.
771 2272 995 2352 (Advertatur
1018 2269 1206 2338 differentia
1231 2275 1262 2337 in
1288 2272 1352 2338 hac
1376 2273 1558 2360 oratioue.)

550 2379 581 2442 9.
607 2379 787 2464 eompletis
811 2378 940 2443 duabus
964 2379 1144 2464 praedictis
1168 2377 1384 2450 orationibus.
1409 2379 1560 2446 clericus
1577 2399 1670 2466 prae·

436 2485 584 2550 'sentabit
608 2487 760 2550 Parocho
784 2485 890 2549 salem
906 2484 1178 2558 benedicendum,
1196 2505 1292 2568 quem
1310 2486 1379 2571 ipse
1395 2483 1576 2552 benedicet
1594 2501 1667 2552 cum

440 2593 593 2656 oratione
618 2592 796 2659 Ecorcizo
821 2599 852 2658 te
874 2599 1045 2658 creature
1069 2594 1155 2658 cotis
1179 2599 1242 2658 etc.

531 2698 581 2762 10.
606 2699 641 2764 Si
657 2701 708 2763 sal
725 2701 790 2764 iam
806 2707 896 2764 esset
911 2697 1119 2772 benedictus,
1137 2719 1202 2764 non
1220 2701 1284 2764 erit
1302 2699 1397 2766 locus
1414 2699 1493 2766 huic
1509 2701 1667 2766 orationi.
1734 2773 1738 2784 ,

531 2806 580 2868 ll.
613 2806 786 2870 Par-ochus
820 2805 944 2889 pollice
974 2813 1009 2870 et
1038 2805 1148 2870 indice
1183 2806 1340 2871 dextero.
1359 2807 1501 2892 accipiet
1536 2807 1669 2892 aliquot

440 2911 587 2975 frustula
610 2913 691 2975 salis
715 2931 818 2996 eaque
843 2913 995 2978 infundel
1022 2917 1055 2977 in
1081 2933 1116 2974 os
1141 2913 1295 2998 baptizati
1327 2913 1440 2979 dicens
1475 2913 1520 2978 N.
1546 2915 1668 3004 accipe

437 3020 547 3083 «rotem
570 3029 633 3084 etc.
660 3027 693 3082 et
717 3020 895 3103 Competer
918 3020 1132 3106 respondebit
1155 3021 1278 3086 Arnen.
1297 3020 1667 3106 Parochussubiuuget

439 3125 522 3190 Poe
546 3132 660 3190 tecum
682 3133 717 3190 et.
741 3125 917 3211 compater
941 3126 984 3192 at
1007 3146 1090 3191 cum
1112 3127 1242 3208 spiritu
1267 3133 1336 3192 teo.

530 3231 579 3294 12.
605 3231 778 3296 Par-ochus
800 3232 974 3314 absterget
996 3232 1117 3317 digitos
1141 3233 1282 3300 mantili.
1307 3231 1493 3316 quodcum
1525 3233 1667 3300 vasculo

437 3338 517 3401 solis
540 3358 560 3400 a
582 3338 708 3402 clerico
733 3339 904 3403 reseretur
926 3338 968 3402 ad
992 3339 1129 3404 fontem.

529 3445 578 3510 13.
602 3445 776 3508 Paroclius
799 3443 918 3509 deiude
944 3445 1100 3510 recitabit
1121 3445 1265 3510 alteram
1289 3448 1473 3512 orationem
1499 3445 1666 3514 Oranus.

438 3549 531 3615 Dens
552 3558 702 3632 petram
724 3559 932 3618 nostrornm
954 3559 1018 3616 etc.
1043 3549 1267 3634 (Advertatur
1290 3555 1433 3618 variatio
1449 3555 1483 3618 iu
1498 3553 1566 3620 bac
1590 3573 1667 3620 ora·

434 3659 549 3730 tionet.
573 3659 654 3722 Post
678 3661 863 3722 orationem
890 3659 1044 3724 recitabit
1068 3661 1291 3724 exorcismum
1322 3659 1501 3728 aaaron
1535 3671 1569 3730 te
1600 3669 1666 3730 etc

433 3763 614 3828 advertens
638 3767 671 3827 in
697 3763 760 3828 tine
785 3767 897 3849 ipsius.
922 3775 957 3830 ut
983 3766 1083 3831 iaciat
1102 3766 1218 3831 Grucis
1232 3769 1362 3850 signum
1379 3767 1501 3852 pollice
1519 3767 1665 3836 dextero

435 3872 466 3933 in
493 3871 604 3934 fronte
628 3870 766 3935 infantis
788 3869 866 3934 dum
890 3871 978 3937 dicet
1002 3872 1099 3956 qnod
1122 3891 1187 3938 noc
1208 3875 1324 3956 fronti
1345 3874 1422 3940 eim
1445 3873 1577 3942 Mmur
1597 3883 1665 3942 etc.

525 3977 575 4040 lt.
600 3978 680 4040 Post
711 3979 935 4043 exorcismum
967 3980 1140 4044 Parochus
1172 3979 1346 4044 dexteram
1381 3983 1530 4066 imponet
1563 3985 1665 4070 capiti

433 4085 570 4147 infantis
594 4091 628 4146 et
654 4084 806 4147 recitabit
830 4087 1014 4150 orationem
1041 4085 1200 4152 Oremur.
1225 4089 1416 4153 Aeternam
1439 4107 1482 4153 ac
1506 4089 1664 4158 ἱππίω-

433 4208 525 4253 neom
549 4196 613 4252 etc.
639 4189 860 4262 (Advertotur
884 4193 1025 4255 variatio
1050 4195 1083 4255 in
1108 4193 1170 4256 hor.
1194 4195 1369 4270 oratione).

523 4295 571 4358 15.
597 4297 768 4360 Paroclms
793 4313 865 4381 post
895 4300 1080 4362 orationem
1112 4302 1254 4385 imponet
1287 4303 1537 4368 extremitatem
1572 4307 1657 4371 siui-

428 4409 533 4465 stram
557 4403 664 4467 stolae
688 4406 786 4488 capiti
812 4406 959 4470 infantis.
978 4423 1011 4470 et
1028 4406 1142 4470 dicens
1161 4407 1203 4470 Ν.
1223 4408 1417 4491 Ιηρνεάθνε
1434 4409 1471 4476 in
1488 4413 1659 4496 templum

499 4545 541 4610 (o)
561 4543 646 4607 Quod
660 4545 696 4599 ad
708 4545 826 4599 nomina
845 4547 1057 4617 imprimo-»rum
1079 4547 1250 4617 inspiciatur
1264 4546 1413 4605 adnotatio
1427 4549 1561 4618 subjecta
1576 4569 1656 4610 num.

428 4633 453 4684 7.
474 4646 537 4700 rap.
559 4633 577 4686 l.
598 4632 721 4688 buiusco
745 4633 820 4687 libri.
