4175 5717
521 773 582 836 loa
967 791 1032 837 nte.
1060 791 1105 836 ιν.

429 898 524 960 nibus
546 898 587 961 ad
611 899 752 962 invicem
776 899 957 962 conversis:
982 897 1165 962 Celebrans
1187 915 1263 962 cum
1286 895 1432 962 Diacono
1467 893 1657 960 subsistent.

430 1025 531 1092 prope
555 1007 742 1088 ingressum
767 1007 949 1080 sacristiae,
975 1005 1060 1070 facie
1084 1023 1182 1068 versa
1205 1001 1245 1068 ad
1271 999 1651 1079 cummunione·

430 1133 502 1178 rum
519 1113 673 1179 ordinum
690 1113 791 1178 Cleri.
808 1113 974 1177 Diaconos
990 1117 1024 1178 et
1041 1111 1222 1177 celebrans
1238 1109 1397 1196 detegent
1413 1109 1522 1176 bireto
1537 1113 1644 1196 caput.

430 1221 610 1286 celebrans
637 1229 763 1306 repetet
788 1221 1001 1306 antiphonam
1037 1217 1077 1285 si
1105 1219 1308 1304 iniquitates
1339 1221 1403 1284 etc.
1427 1223 1506 1304 post
1535 1218 1645 1304 ipsam,

432 1333 519 1393 tacta
541 1329 581 1392 ad
607 1329 747 1394 Crucem
764 1351 784 1393 a
801 1329 947 1392 Diacono
963 1335 1149 1393 sustentem
1173 1333 1207 1392 et
1218 1323 1271 1392 'ad
1288 1317 1644 1397 clerumrever‘entia.

429 1445 543 1522 perget
568 1435 608 1500 ad
632 1455 730 1502 sacra
751 1442 946 1522 paramenta
967 1432 1162 1520 deponenda
1186 1433 1243 1518 (a).

517 1545 570 1608 37.
596 1543 823 1610 Subdiaconns
858 1543 998 1609 Crucem
1034 1542 1146 1609 tradet
1179 1541 1316 1618 clerico,
1349 1543 1406 1626 qni
1440 1547 1545 1628 ponet
1578 1561 1644 1608 eun

429 1655 577 1721 seorsim.
601 1672 636 1716 so
659 1652 819 1734 adiunget
842 1651 1034 1718 Celebranti
1057 1657 1091 1716 et
1114 1651 1184 1736 ipse
1210 1667 1340 1734 quoque
1373 1648 1519 1736 deponet
1550 1643 1645 1752 patet·

431 1770 541 1824 monta
563 1759 661 1824 sinn]
686 1781 761 1824 cum
785 1759 940 1825 Diacono.
966 1759 1090 1825 Clerici
1113 1765 1148 1824 et
1172 1756 1333 1843 Acolythi
1357 1776 1421 1834 res,
1446 1775 1530 1842 quas
1554 1757 1646 1824 susti-

430 1867 562 1935 nebant.
587 1887 663 1932 snas
687 1869 825 1950 quisque
848 1866 1024 1953 deponent.

516 1977 568 2037 38.
595 1975 774 2062 Postquam
798 1993 817 2039 e
841 1973 1049 2040 coemeterio
1075 1973 1193 2040 Oleros
1217 1973 1418 2048 discesserit,
1442 1991 1463 2038 a
1487 1971 1645 2060 vespillo-

431 2083 525 2146 nibus
548 2081 683 2146 dabitur
705 2082 861 2147 cadaveri
886 2082 1071 2166 sepultura,
1097 2083 1123 2146 si
1147 2085 1355 2146 transactum
1378 2081 1442 2146 erit
1464 2079 1644 2164 legit-imum

432 2203 569 2274 ternpus:
595 2189 646 2253 sin
671 2191 789 2276 minus,
813 2188 1000 2275 deponetur
1022 2187 1167 2254 cadaver
1190 2189 1222 2252 in
1246 2187 1360 2272 aliqua
1382 2187 1472 2255 cella
1495 2189 1574 2254 hnic
1601 2189 1645 2254 rei

430 2296 604 2370 destinata,
629 2295 736 2380 quoad
760 2301 890 2380 tempus
914 2295 1007 2360 iilius
1030 2293 1212 2380 sepeliendi
1237 2297 1310 2360 erit.
1420 2361 1440 2376 ,,
1524 2289 1539 2302 ”

517 2403 904 2478 39.P1·oridebitur,ut
937 2403 1132 2488 sepulturae
1162 2405 1312 2468 virorum
1343 2404 1497 2470 diversae
1533 2407 1601 2470 sint
1627 2425 1646 2470 ι

433 2511 615 2597 sepulturis
640 2510 868 2584 foeminarum,
893 2513 1038 2594 itemque
1069 2531 1250 2597 puerorum
1273 2529 1306 2576 et
1334 2511 1645 2578 ecclesiasticorum.

434 2621 468 2683 in
493 2617 676 2684 inferendis
700 2621 734 2683 in
757 2619 966 2705 sepulturam
989 2618 1206 2684 cadaveribus
1230 2620 1412 2696 curabitur,
1438 2619 1547 2704 quoad
1577 2617 1647 2688 fleri

432 2733 550 2812 potest.
568 2741 606 2791 ut
630 2726 791 2792 laicorum
815 2726 980 2792 cadavera
1003 2727 1070 2790 sint
1092 2725 1230 2812 pedibus
1254 2726 1294 2792 ad
1318 2727 1436 2792 Aiture
1461 2746 1521 2794 seu
1547 2727 1647 2794 sacel-

433 2837 502 2899 lum
525 2837 707 2905 conversis,
724 2833 941 2900 Sacerdotum
965 2841 1076 2900 autem
1100 2835 1313 2900 collocentur
1335 2837 1443 2922 capite
1466 2835 1508 2902 ad
1533 2835 1647 2904 Altam

433 2963 530 3006 verso
554 2941 668 3006 eodem
693 2940 788 3007 modo
811 2963 876 3025 quo
899 2943 1116 3026 exponuntur
1139 2943 1172 3008 in
1196 2941 1347 3008 ecclesia.

520 3051 574 3114 to.
601 3049 694 3124 Quod
718 3049 744 3113 si
774 3049 1016 3114 coemeterium
1048 3069 1114 3114 non
1145 3055 1233 3116 esset
1264 3051 1426 3117 ecclesiae
1457 3053 1648 3138 contiguum
1696 3045 1700 3056 '

433 3175 490 3222 ant
515 3157 711 3242 proximum.
737 3157 791 3222 rel
815 3155 960 3222 cadaver
982 3157 1209 3242 sepeliendum
1236 3163 1323 3224 esset
1347 3159 1380 3224 in
1407 3159 1480 3245 ipsa
1508 3157 1649 3226 ecclesia

433 3265 622 3329 servabitur
646 3264 819 3330 methodus
842 3284 993 3348 sequens:

522 3371 574 3436 n.
600 3371 777 3455 Postquam
794 3371 976 3437 Celebrans
991 3374 1151 3438 cecinerit
1168 3375 1351 3440 orationem
1369 3375 1474 3450 Deus,
1492 3377 1557 3442 cui
1564 3395 1650 3460 pro-

430 3479 554 3563 prium
576 3485 627 3545 est
651 3479 815 3546 anteneri
834 3488 898 3544 etc.
923 3479 1044 3545 Glerns
1068 3500 1133 3546 non
1158 3479 1305 3547 discedet
1335 3501 1353 3548 e
1382 3480 1466 3549 lob'o·
1490 3503 1557 3568 quo
1589 3483 1651 3550 erit

434 3590 524 3652 circa
548 3587 719 3661 feretrum,
745 3587 928 3653 Omittetnr
958 3597 1097 3653 cantare
1127 3589 1339 3675 antiphonam
1368 3591 1412 3657 Ia
1437 3591 1652 3674 paradisum

435 3706 497 3759 etc.
523 3693 708 3758 benedictio
741 3694 898 3780 sepulcri,
921 3697 1071 3780 aspersio
1104 3715 1143 3762 ac
1174 3693 1376 3762 thurificatio
1393 3679 1585 3764 ‘cadaveris
1619 3705 1652 3764 et

435 3801 590 3886 sepulcri.
615 3799 671 3865 sed
701 3801 883 3866 Gelebrans
916 3801 1103 3868 immediate
1135 3803 1298 3868 intonabit
1327 3793 1543 3890 antiphonam
1578 3803 1653 3904 Epo

435 3929 516 3974 som
537 3915 571 3973 et
595 3915 776 3994 peragetur
799 3909 926 3974 iunctio
950 3909 1066 3976 ordine
1089 3929 1189 3997 supra
1212 3909 1311 3976 dicto'
1327 3909 1382 3996 th).
1617 3911 1619 3916 ’

523 4015 575 4080 42.
601 4015 634 4080 Si
660 4015 903 4082 Goemeterium
927 4017 1028 4103 longe
1050 4018 1158 4084 aberit
1181 4018 1221 4082 ab
1245 4017 1484 4096 ecclosia‚fleri
1508 4037 1577 4086 non
1601 4041 1656 4108 po·

434 4143 508 4190 test,
528 4141 560 4189 ut
587 4124 707 4190 Glorus
730 4145 806 4191 cum
823 4125 1023 4192 celebrante
1038 4129 1217 4195 comitetur
1232 4127 1375 4194 cadaver
1391 4129 1424 4193 in
1440 4127 1655 4196 absolutionc

505 4307 548 4372 (o)
569 4307 639 4362 Post
657 4307 703 4362 De
719 4309 878 4384 profundis
898 4325 929 4365 ut
948 4308 1124 4366 adiiciuntur
1153 4307 1289 4366 versiculi
1317 4321 1348 4364 ot
1375 4305 1478 4368 oratic,
1497 4325 1516 4364 a
1546 4306 1656 4372 Ritndi

437 4412 494 4448 non
514 4395 735 4466 praescribitur.

511 4484 551 4550 (b)
571 4483 602 4540 Si
624 4503 686 4540 mos
712 4485 739 4540 in
769 4485 895 4544 ecclesio
921 4503 999 4543 osset
1024 4487 1161 4544 contundi
1191 4487 1378 4562 antiphonam
1404 4487 1437 4544 In
1464 4487 1657 4560 paradisum

437 4589 613 4645 ‹prnmquam
628 4575 758 4632 cadaver
778 4575 813 4630 nd
828 4575 1047 4632 Coomotorinm
1062 4593 1118 4630 non
1132 4577 1167 4632 sit
1182 4575 1403 4652 deportandum.
1416 4575 1519 4634 iicebit
1530 4593 1659 4636 serrare

436 4663 687 4720 rorrsuetudinem.
708 4676 737 4724 nt
759 4667 909 4739 rospondit
928 4667 957 4720 S.
977 4665 1009 4721 C.
1029 4663 1156 4720 Rituum.
