4175 5717
526 693 586 758 164
987 713 1054 761 nra.
1078 715 1099 761 1.

437 840 473 886 se
496 821 592 884 sistet
615 819 657 884 ad
680 819 889 885 celebrantis
921 820 1061 896 laevam,
1095 816 1297 904 genuflectet
1325 817 1366 884 ad
1398 817 1547 894 Crucem,
1579 835 1660 882 cnm

438 946 476 991 eo
500 933 617 1012 perget
639 925 680 991 ad
708 945 886 1004 scamnum,
921 926 1065 992 dinittet
1099 932 1292 1013 paramenta
1322 926 1472 992 violacea
1504 929 1540 990 61
1569 921 1660 990 albis

436 1033 604 1099 induetur.
629 1033 723 1109 Quod
746 1035 773 1098 si
796 1035 861 1098 hoc
884 1034 1006 1100 testum
1029 1036 1064 1099 in
1096 1035 1296 1099 Dominicam
1330 1033 1575 1119 privilegiatam
1607 1031 1658 1095 in·

436 1139 571 1216 6116161,
597 1141 711 1206 induet
734 1141 930 1206 tunicellam
953 1148 988 1208 ot
1009 1139 1215 1228 manipulum
1238 1140 1378 1206 violacei
1401 1127 1534 1205 coloris.

527 1249 597 1313 153.
623 1249 725 1314 Facta
748 1248 865 1315 deinde
888 1249 929 1315 ad
955 1249 1094 1315 ¹chorum
1130 1249 1329 1324 reverentia,
1356 1247 1492 1314 accedet
1524 1244 1566 1311 ad
1597 1243 1660 1312 Al-

435 1361 509 1422 tare
533 1377 593 1442 pro
616 1357 718 1422 Missa
739 1356 888 1422 solemni.

758 1573 790 1654 δ.
814 1571 845 1636 9.
871 1571 917 1636 Ia
937 1571 1031 1655 scria
1055 1569 1117 1636 IV.
1146 1570 1322 1638 Cinerum.

528 1788 598 1852 154.
624 1787 852 1854 Subdiaoonus
877 1807 894 1851 6
927 1788 1075 1851 sacrario
1099 1786 1140 1851 ad
1163 1785 1283 1851 Altare
1305 1783 1466 1851 accedens
1498 1789 1660 1868 sequetur

437 1915 520 1981 quae
543 1896 742 1960 documenta
765 1895 887 1960 tradita
911 1915 949 1958 su
961 1900 990 1958 11
1013 1914 1073 1980 pro
1097 1893 1268 1958 functione
1292 1892 1522 1979 praecedentis

528 2003 600 2068 155.
627 2003 817 2079 Oonscenso
840 2021 1004 2069 unacum
1029 2001 1230 2066 celebrante
1253 2000 1472 2087 suppedaneo,
1503 1996 1660 2084 genufle-

437 2113 569 2177 xionem
594 2113 724 2177 omittet
746 2110 824 2176 dum
848 2112 916 2195 ipse
940 2109 1122 2176 (telebrans
1145 2111 1263 2176 Altare
1286 2109 1544 2178 deosculabitur.

531 2219 601 2284 156.
626 2219 750 2284 Veniet
773 2238 848 2284 cum
872 2218 1071 2284 Cele'trante
1094 2217 1136 2283 ad
1152 2218 1242 2282 latus
1259 2217 1438 2304 Epistolae,
1455 2216 1565 2300 ibique
1586 2217 1662 2282 iun-

437 2328 499 2392 ctis
522 2326 673 2392 manibus
696 2326 737 2390 ad
760 2326 890 2390 laevam
914 2326 984 2389 eius
1007 2325 1176 2390 subsistet.

527 2435 598 2500 157.
623 2435 704 2500 Post
727 2439 881 2518 quartam
905 2437 1088 2500 orationem
1112 2434 1248 2499 accedet
1280 2434 1322 2499 ad
1352 2434 1525 2499 dexteram
1556 2432 1660 2500 Gele-

437 2541 572 2619 bramis,
597 2544 693 2626 eique
715 2540 876 2607 fimbriam
899 2541 1072 2607 dexteram
1097 2541 1255 2628 pluvialis
1279 2542 1475 2618 sublevabit
1501 2540 1578 2606 dum
1602 2543 1661 2606 in-

437 2673 572 2719 censum
596 2652 722 2717 11116161
744 2652 779 2716 11
812 2650 1031 2727 thuribulum,
1057 2657 1091 2717 et
1125 2652 1255 2717 cineres
1288 2659 1404 2737 postea
1436 2655 1593 2736 asperget
1624 2655 1660 2716 et

437 2760 649 2828 thurificabit.

528 2870 600 2935 158.
626 2867 751 2934 Deinde
774 2887 848 2933 cum
873 2867 1072 2933 Gele'trante
1096 2870 1130 2933 in
1162 2868 1304 2934 medium
1335 2868 1454 2934 Altare
1487 2869 1660 2955 procedet,

440 2998 579 3062 cumque
602 2997 641 3043 eo
665 2980 883 3042 convertetur
906 2975 947 3040 ad
971 2976 1121 3052 chorum,
1146 2997 1181 3041 se
1204 2983 1316 3042 tamen
1332 2978 1453 3042 sistens
1469 2975 1510 3042 ad
1526 2976 1661 3042 laevam

437 3086 539 3152 illius.

529 3193 601 3260 159.
627 3193 764 3258 Cineres
787 3211 847 3257 suo
871 3197 1019 3277 tempore
1043 3211 1117 3258 curn
1142 3192 1286 3256 Diacono
1320 3193 1469 3278 accipiet,
1501 3192 1662 3276 quocirca

438 3301 643 3388 geniculabit
666 3306 745 3365 ante
769 3299 1004 3367 celebrantem
1028 3306 1063 3365 et
1086 3301 1316 3366 sinistrorsum
1339 3300 1475 3365 Diaconi
1498 3301 1664 3368 1161116-

440 3430 492 3474 mo
516 3407 734 3494 suppedaneo,

529 3517 601 3581 160.
626 3513 872 3580 bist-ributionis
897 3520 1046 3600 tempore
1068 3513 1211 3580 adstabit
1245 3515 1400 3580 sinistrae
1436 3513 1661 3592 Celebrantis,

439 3625 533 3708 eique
557 3624 725 3688 sinistram
748 3622 905 3707 pluvialis
929 3620 1090 3688 fimbriam
1114 3621 1281 3687 sustollet.

529 3731 600 3796 161.
625 3731 707 3794 Post
729 3728 1004 3805 distributionem,
1029 3729 1220 3796 celebranti
1251 3748 1368 3794 manus
1397 3727 1549 3820 abluenti
1583 3727 1660 3796 fim-

436 3839 542 3904 briam
566 3837 724 3922 pluvialis
747 3836 945 3902 sublevabit.
1527 3903 1531 3910 .

529 3945 601 4010 162.
626 3943 678 4009 Ad
701 3946 883 4008 orationem
911 3945 1066 4012 Concede
1087 3945 1187 4013 66611
1210 3951 1273 4011 616.
1298 3944 1442 4011 adstabit
1465 3943 1660 4012 Celebranti

437 4056 665 4120 sinistrorsum
691 4052 784 4116 utin
809 4052 990 4118 functionis
1013 4054 1183 4139 principio.

528 4160 601 4225 163.
614 4158 800 4225 Descendet
810 4158 928 4224 deinde
952 4179 971 4223 a
987 4161 1095 4225 latere
1112 4161 1154 4226 ad
1170 4181 1339 4227 scamnum
1356 4179 1431 4226 cum
1444 4158 1659 4238 celebrante,

438 4268 497 4333 sibi
529 4267 645 4333 induet
677 4267 891 4352 manipulum,
916 4286 955 4332 ac
985 4270 1172 4353 praemissis
1204 4269 1401 4334 reverentiis
1432 4269 1657 4353 praescriptis,

438 4375 560 4444 redibit
582 4375 624 4442 ad
647 4375 766 4442 Altare
791 4375 981 4442 Celebranti
1006 4379 1038 4442 in
1063 4378 1164 4443 Missa
1187 4378 1327 4443 solemni
1351 4377 1612 4442 ministraturus.
1658 4409 1660 4414 ·
