4175 5717
982 707 1054 753 oar.
1077 706 1125 753 ιιι.
1442 723 1445 733 -
1531 685 1574 751 53

446 829 506 876 suo
528 805 599 877 loco
622 811 796 878 submittet
818 832 938 897 genua,
964 832 1024 878 nec
1053 824 1236 898 consurget
1268 813 1329 876 nisi
1353 818 1551 897 assurgente
1587 813 1662 900 Epi·

445 937 555 1004 seopo.
1038 938 1042 945 ·

530 1026 605 1092 486.
638 1026 746 1102 Quum
778 1030 811 1092 in
845 1028 1004 1093 thronum
1036 1028 1223 1094 ascenderit
1255 1029 1447 1114 Episcopus,
1480 1027 1663 1094 considebit

440 1131 564 1198 Clerus
587 1133 628 1199 ad
651 1137 790 1220 primam
813 1135 992 1200 lectionem
1016 1141 1051 1201 et
1072 1137 1215 1221 primum
1230 1140 1376 1200 tractum
1392 1134 1470 1200 dum
1486 1143 1660 1200 canentur.

529 1243 606 1306 487.
624 1242 813 1328 consurget
828 1243 905 1308 dum
918 1247 1025 1310 oratio
1039 1246 1240 1320 cantabitur,
1249 1242 1520 1328 ‘genuflexionem
1535 1244 1660 1309 faciens

433 1347 478 1414 ad
504 1354 536 1423 ι.
563 1349 764 1418 Flectamtes
783 1371 914 1436 penca.

526 1457 604 1522 488.
628 1457 763 1524 Sedebit
792 1457 870 1523 dum
901 1464 1067 1524 canentur
1098 1458 1245 1524 secunda
1273 1447 1392 1524 ‘Lectio
1427 1464 1461 1524 et
1494 1458 1659 1524 secundus

433 1565 580 1629 tndtus.

526 1671 603 1736 489.
628 1672 736 1738 Stabit
759 1673 864 1739 donec
887 1674 1078 1739 cantabitur
1104 1674 1241 1741 Persic.

526 1779 603 1844 490.
628 1779 761 1846 Sedebit
783 1781 823 1846 ad
847 1784 995 1847 actiones
1019 1781 1154 1847 Diaconi
1179 1789 1356 1864 antequam
1372 1789 1486 1848 cantet
1509 1782 1661 1847 ultimam

429 1891 571 1973 partem
594 1886 734 1955 Persio.

527 1995 604 2059 491.
629 1994 680 2060 Ad
704 1996 905 2081 praedictam
931 1997 1079 2061 ultimam
1104 2002 1242 2082 partem,
1266 1996 1343 2060 dum
1375 2003 1524 2073 canetur,
1549 1995 1660 2062 stabit.

527 2101 604 2168 492.
628 2101 663 2167 Si
679 2101 735 2167 flet
751 2123 847 2169 sacra
862 2106 988 2180 conci0,
1006 2103 1142 2178 sedebit
1161 2111 1343 2188 consurget
1359 2110 1471 2168 autem
1487 2110 1659 2190 postquam

427 2211 657 2276 concionator·
679 2216 754 2295 post
777 2212 969 2276 concionem
994 2210 1236 2295 indulgentium
1260 2210 1490 2295 publicaverit.

401 2361 407 2370 -
527 2317 605 2383 493.
629 2317 713 2382 Dum
738 2326 902 2383 canentur
926 2320 1093 2382 orationes
1118 2318 1227 2392 stabit,
1252 2318 1309 2382 sed
1333 2315 1535 2400 genuflectet
1560 2338 1685 2402 quum,

430 2426 608 2492 Diaconus
631 2431 730 2491 canet
753 2432 784 2498 t.
809 2426 1010 2492 Flectuntur
1030 2445 1161 2509 peace.

529 2515 613 2598 494.
630 2531 763 2597 Sedebit
786 2553 887 2616 quum
911 2532 1093 2598 Celebrans
1117 2531 1158 2595 de
1182 2531 1292 2596 Alteri
1315 2532 1461 2598 discedet
1492 2541 1566 2619 post
1590 2552 1662 2597 ora·

430 2646 551 2710 tiones
574 2647 611 2704 ut
634 2639 778 2724 deponat
800 2639 979 2726 planetam.

530 2748 606 2813 495.
631 2746 740 2812 Stabit
762 2746 803 2811 ad
828 2747 944 2813 Crucis
976 2748 1195 2813 detectionem
1220 2757 1254 2814 et
1276 2727 1479 2833 genbflectet
1501 2747 1578 2811 dum
1603 2768 1662 2812 ca-

432 2865 543 2921 netur
566 2852 682 2920 Vcnite
697 2855 897 2921 adoremur.
911 2855 1025 2920 Tertia
1042 2857 1115 2920 rice
1131 2853 1329 2940 genuflexus
1346 2854 1486 2920 restabit
1502 2873 1564 2920 nec
1584 2875 1662 2920 oon-

431 2973 557 3047 surget
582 2963 642 3038 nisi
667 2979 767 3046 quum
794 2961 976 3028 Celebrans
1002 2963 1141 3027 Crucem
1166 2966 1299 3028 cussino
1324 2966 1527 3048 imposuerit.

530 3069 605 3134 496.
630 3069 714 3134 Dum
747 3068 928 3155 Episcopus
959 3071 1187 3136 adorationem
1218 3071 1333 3136 Crucis
1368 3085 1515 3155 peraget,
1542 3071 1660 3135 Clerus

434 3177 555 3244 stabit.

529 3285 605 3350 497.
628 3284 789 3350 Adoratio
815 3286 931 3350 Crucis
954 3307 974 3349 a
997 3285 1097 3351 Clero
1121 3284 1178 3349 fiet
1201 3285 1317 3350 ordine
1340 3287 1492 3370 superius
1516 3284 1660 3350 indicato

433 3398 473 3460 in
498 3392 669 3458 iunctione
693 3393 734 3457 ab
758 3392 919 3478 Episcopo
943 3393 1123 3457 celebrata.

529 3501 605 3566 498.
628 3501 746 3566 Genua
769 3501 938 3565 submittet
963 3521 1063 3585 quum
1096 3501 1259 3564 Diaconus
1283 3513 1430 3564 resumet
1464 3501 1603 3566 Crucem
1627 3509 1661 3566 et

433 3609 571 3675 deleret
594 3605 633 3672 ad
660 3609 790 3680 Altare,
815 3616 849 3673 et
880 3614 1060 3693 consurget
1092 3629 1192 3692 quum
1224 3627 1263 3672 ea
1286 3629 1386 3694 super
1421 3609 1520 3694 basim
1551 3610 1662 3674 locata

436 3717 558 3782 suerit.
758 3720 761 3725 ’

532 3824 608 3888 499.
632 3823 742 3889 Stabit
764 3845 863 3907 quum
889 3824 1073 3909 Episcopus
1098 3826 1203 3888 sacris
1226 3823 1425 3889 indumentis
1450 3826 1632 3911 parabitur.

530 3932 607 3997 500.
632 3931 798 3996 Procedet
832 3931 907 3996 inde
943 3932 984 3995 ad
1019 3929 1191 4007 sacellrim,
1218 3919 1251 3995 in
1281 3952 1345 4015 quo
1376 3935 1561 4018 expositum
1596 3934 1660 3997 erit

433 4039 496 4106 SS.
524 4040 794 4114 Sacramentum
811 4048 911 4122 atque
943 4040 976 4102 in
1000 4039 1147 4104 discessu
1179 4041 1219 4104 de
1251 4041 1360 4105 Alteri
1385 4043 1529 4105 maximo
1553 4061 1661 4125 genu-

432 4149 587 4216 flexione
610 4148 752 4233 simplici
777 4147 991 4211 venerabitur
1016 4147 1155 4212 Crucem
1180 4169 1280 4232 super
1303 4148 1424 4213 Altare
1449 4151 1600 4213 locatam.

531 4256 607 4320 501.
631 4254 682 4319 Ad
706 4254 910 4340 praedictum
934 4254 1096 4317 sacellum
1113 4277 1211 4337 quum
1229 4257 1367 4338 quisquo
1396 4258 1535 4332 venerit,
1561 4258 1662 4321 saciet

432 4371 467 4433 in
494 4362 608 4430 medio
631 4362 840 4448 presbyterio
856 4358 1121 4445 genuflexionem
1145 4361 1308 4447 duplicem
1325 4362 1365 4426 ad
1391 4362 1446 4427 SS.
1472 4362 1663 4429 Sacramen-

430 4485 520 4550 tum,
546 4481 584 4536 et
605 4491 703 4534 suum
725 4469 836 4534 locum
860 4477 960 4554 petet,
985 4469 1039 4533 ubi
1064 4467 1261 4554 genuflexus
1285 4472 1439 4535 manebit.

527 4577 605 4642 502.
632 4577 740 4651 Quum
773 4577 828 4640 SS.
862 4577 1112 4640 Sacramentum
1146 4579 1387 4642 aCelelrrante
1413 4579 1569 4644 traditum
1598 4584 1662 4645 erit.
