4175 5717
521 673 583 738 188
980 689 1046 740 nra.
1071 689 1092 738 r.

517 800 570 865 45.
585 801 708 866 lunctis
724 800 874 866 manibus
891 807 989 866 canet
1003 803 1175 868 Dominus
1191 801 1379 868 vobiscum
1396 819 1497 885 quum
1509 818 1530 865 a
1540 797 1647 865 choro

430 927 625 992 responsum
648 907 714 972 erit
736 908 781 974 Et
804 929 884 974 curu
907 910 1037 991 444414
1062 917 1130 986 144,
1155 911 1282 995 aperiet
1306 927 1434 986 manus,
1458 907 1588 974 laevam
1613 907 1648 972 in

430 1015 515 1079 libro
540 1021 650 1100 ponet,
674 1021 708 1079 et
731 1015 852 1101 pollice
876 1016 1046 1093 dexterae,
1070 1037 1155 1101 quae
1178 1023 1295 1102 aperta
1318 1017 1392 1093 erit,
1417 1017 1548 1102 signum
1564 1013 1649 1080 cru-

432 1125 479 1186 cis
502 1121 543 1186 ad
567 1122 695 1186 initium
721 1122 904 1208 Evangelii,
929 1123 1015 1207 quod
1039 1123 1155 1189 incidit
1182 1126 1214 1188 in
1246 1123 1341 1194 diem,
1373 1119 1494 1189 efficiet
1523 1139 1649 1188 mnam

432 1229 632 1315 Sequentia:
656 1237 726 1294 tum
749 1232 916 1296 sinistram
939 1236 1086 1316 apertam
1110 1251 1236 1316 ponens
1259 1231 1347 1296 infra
1369 1235 1495 1316 pectus,
1518 1235 1555 1296 et
1568 1228 1651 1295 dex·

432 1345 506 1404 tera
528 1339 655 1424 pariter
676 1344 801 1422 aperta,
825 1340 956 1422 signnm
979 1338 1095 1403 Crucis
1112 1338 1234 1424 pollice
1250 1338 1391 1404 dextero
1407 1337 1467 1403 sibi
1484 1337 1518 1402 in
1533 1335 1648 1402 fronte

434 1448 596 1532 imprimet
618 1464 740 1510 canens
764 1444 893 1520 Sancti,
917 1446 1062 1511 alterum
1086 1447 1217 1530 signum
1241 1449 1274 1511 in
1299 1467 1357 1512 ori
1380 1465 1503 1511 canens
1525 1443 1651 1512 Evan-

429 1557 521 1640 petii.
547 1555 682 1620 tertium
706 1555 739 1618 in
764 1560 899 1641 pectore
921 1573 1044 1620 canens
1079 1556 1275 1624 secuudum
1298 1561 1333 1620 ot
1355 1555 1496 1640 iungens
1529 1571 1649 1618 manns

432 1671 529 1729 canet
553 1663 781 1738 Mottoaeom,
806 1662 860 1726 vel
884 1662 1020 1728 Lucam
1042 1667 1106 1727 etc.

520 1773 572 1833 411.
597 1769 681 1834 Dum
705 1790 725 1834 a
748 1770 849 1835 choro
873 1768 1127 1854 respondebitur
1147 1770 1267 1838 Gloria
1292 1771 1361 1846 tibi,
1386 1770 1541 1846 Domine,
1566 1767 1651 1834 thn-

434 1876 579 1942 ribulum
613 1879 754 1962 accipiet
776 1897 796 1940 a
817 1876 1045 1953 thuriferario,
1078 1877 1199 1942 librum
1234 1876 1440 1944 thurificabit
1463 1881 1495 1942 in
1532 1874 1649 1952 medio,

432 1985 660 2048 sinistrorsum
683 1989 718 2048 et
740 1982 953 2049 dextrorsum
976 1984 1039 2058 sui,
1056 1983 1266 2050 thuribulum
1291 1984 1407 2051 reddat
1419 1983 1649 2059 thuriferario,

432 2100 467 2160 et
490 2094 609 2158 iunctis
632 2092 781 2158 manibus
806 2092 1026 2177 Evangelium
1042 2094 1199 2158 cantabit.
1217 2093 1325 2170 Quum
1343 2092 1525 2159 nominabit
1541 2093 1650 2158 lesum

433 2201 599 2267 Christum
635 2199 689 2265 vel
724 2199 761 2262 B.
786 2199 969 2285 Virginem,
993 2201 1049 2265 vel
1086 2200 1254 2279 Sanctum,
1280 2202 1320 2266 de
1355 2220 1420 2284 quo
1453 2199 1649 2266 celebratur

432 2309 563 2378 festum,
576 2313 675 2394 caput
687 2327 805 2372 versus
816 2305 948 2383 librum,
958 2326 1126 2391 nunquam
1139 2329 1257 2374 versus
1269 2310 1389 2374 Altare
1402 2307 1577 2373 inclinabit·
1589 2305 1650 2394 (α).

518 2418 571 2480 47.
597 2415 772 2500 Evangelii
795 2421 896 2479 cantu
912 2414 1077 2490 absoluto,
1096 2414 1321 2481 subdiaconus
1337 2415 1500 2500 deprimet
1514 2413 1648 2490 librum,

432 2533 465 2590 et
488 2525 652 2588 Diaconus
677 2522 873 2588 monstrabit
895 2524 925 2586 oi
949 2523 1144 2608 principium
1169 2530 1292 2600 textus,
1318 2542 1413 2606 quem
1438 2521 1568 2588 debebit
1585 2519 1650 2602 (le-¹

432 2632 566 2697 14144444
590 2631 777 2697 deosculari
801 2631 858 2717 (b).

519 2741 571 2803 48.
596 2739 761 2804 Diaconus
786 2739 919 2804 recedet
942 2757 1044 2804 unum
1067 2746 1127 2805 aut
1149 2738 1231 2804 duos
1259 2759 1374 2824 passus
1406 2739 1648 2816 sinistrorsum,

433 2856 468 2913 uf
493 2848 603 2913 locum
629 2846 687 2912 det
720 2845 926 2912 Subdiacono
961 2846 1167 2924 transeundi,
1200 2855 1234 2911 et
1265 2846 1497 2912 Celebrantam
1530 2865 1650 2912 ver'sns

433 2962 660 3022 convertetur.

519 3066 571 3130 lt).
595 3065 773 3146 Postquam
798 3062 976 3128 celebrans
1000 3062 1212 3127 deosculatus
1236 3065 1301 3128 erit.
1323 3062 1456 3139 librum,
1482 3062 1647 3128 Diaconus

431 3172 638 3236 thnribulum
673 3171 812 3255 accipiet
838 3190 857 3233 a
887 3170 1116 3246 thuriferario,
1149 3171 1271 3256 triplici
1306 3170 1408 3235 ductu
1446 3167 1652 3236 thurificabit

432 3281 535 3363 ipsum
561 3279 802 3354 Celebrantem
827 3279 918 3363 prius
942 3285 977 3342 et
999 3285 1115 3363 postea
1130 3280 1321 3344 reverentia
1337 3297 1539 3364 prosequens
1562 3297 1649 3355 eum,

431 3407 471 3450 44
494 3386 702 3451 thuribulum
725 3385 943 3450 thuriferario
966 3387 1131 3450 restituet.

519 3494 571 3558 511.
597 3492 760 3558 Procedet
783 3492 857 3557 dein
880 3492 920 3557 ad
946 3493 1074 3568 Altare,
1099 3492 1237 3576 gradum
1254 3495 1459 3578 superiorem
1485 3511 1651 3558 conscen-

432 3601 488 3665 det.
511 3623 550 3666 ac
573 3597 786 3684 genuflectet.

521 3709 573 3772 51.
600 3709 650 3772 hd
673 3710 911 3773 intonationem
935 3707 1087 3793 symboli,
1112 3710 1139 3773 si
1162 3708 1346 3774 canendum
1377 3709 1451 3784 erit,
1476 3714 1572 3794 caput
1604 3708 1653 3772 in·

433 3815 571 3881 olinabit
597 3815 637 3879 ad
669 3814 804 3879 verbum
835 3815 948 3882 Deum
979 3822 1014 3879 ot
1036 3816 1106 3880 sine
1131 3816 1203 3881 nlla
1238 3817 1304 3880 alia
1339 3812 1583 3899 genuflexione,
1608 3813 1651 3880 ad

433 3925 606 3989 dexteram
630 3921 837 3988 Celebrantis
855 3921 1013 3988 ascendet
1036 3925 1069 3986 in
1094 3923 1347 4009 suppedaneum.

520 4031 572 4094 52.
598 4028 772 4101 14414141
805 4030 1016 4097 incarnetur
1051 4037 1113 4095 etc.
1146 4028 1357 4114 genuflectet,
1382 4031 1461 4113 quin
1487 4029 1653 4094 innitatur

504 4231 545 4298 (a)
565 4229 597 4286 Si
616 4228 653 4285 ad
672 4227 836 4283 canendum
856 4228 1049 4300 Erarrgelium
1069 4228 1253 4286 adhibebitur
1272 4227 1367 4300 legite,
1388 4227 1537 4284 Diaconus
1552 4225 1654 4282 adsta·

434 4319 470 4373 bit
492 4319 530 4374 illi
551 4319 655 4376 iunctis
674 4316 816 4380 manibus,
836 4336 892 4373 non
913 4336 984 4375 vero
1004 4331 1093 4391 ponet
1112 4336 1163 4375 eas
1182 4336 1272 4392 super
1291 4318 1365 4374 libro
1385 4317 1430 4374 rel
1450 4334 1541 4390 snper
1555 4315 1653 4388 legili.

506 4411 545 4478 (b)
566 4411 596 4466 ln
616 4427 687 4466 casu
707 4406 864 4482 praedicto,
885 4417 949 4479 post
976 4417 1124 4465 cantatum
1153 4407 1347 4481 Evangelium
1375 4406 1524 4463 Diaconus
1553 4417 1654 4464 sumet

435 4496 538 4552 librum
559 4499 595 4555 de
614 4499 701 4570 tegili.
721 4506 855 4572 apertum
875 4497 1061 4556 Subdiacono
1081 4497 1177 4554 tradet
1196 4507 1224 4554 et
1244 4498 1355 4556 initium
1375 4497 1453 4554 sacri
1483 4497 1595 4555 Textus
1625 4495 1655 4554 ei

436 4589 615 4647 rrronstrubit.
