4175 5717
522 937 560 1001 to
965 955 1030 1002 tis.
1057 953 1105 1001 ιιι.

538 1060 697 1127 Subsistit
720 1061 835 1145 Virgo.
852 1060 1018 1127 adducens
1035 1061 1185 1126 manibus
1202 1060 1342 1126 Filium:
1362 1068 1441 1130 ante
1464 1055 1624 1124 lucilerum

429 1169 588 1253 genitum.

539 1275 644 1350 Quem
667 1275 833 1361 accipiens
857 1274 990 1342 Simeon
1007 1278 1041 1340 in
1059 1276 1157 1341 ulnas
1174 1296 1251 1342 suas
1267 1274 1480 1361 praedicavit
1500 1272 1630 1360 pdpulis:

429 1382 601 1447 deinum
626 1403 700 1448 eum
725 1403 797 1448 esse
822 1384 911 1447 vitae
936 1389 971 1448 et
993 1384 1109 1449 mortis
1133 1391 1168 1448 et
1192 1382 1405 1450 Salvatdrem
1430 1381 1551 1447 mundi.

539 1489 745 1575 ltespbnsum
768 1490 899 1575 accdpit
914 1487 1048 1556 Simeon
1066 1510 1086 1554 a
1103 1489 1231 1575 Spiritu
1247 1489 1391 1556 Sancto:
1411 1509 1479 1555 non
1501 1487 1635 1553 sisinum

428 1617 464 1662 se
487 1605 626 1663 mortem
650 1600 713 1663 nisi
738 1597 869 1664 viddret
894 1598 1062 1664 Christum
1086 1598 1227 1663 Dbmini.

539 1706 680 1772 Etcum
704 1704 900 1772 inducerent
923 1705 1070 1772 Pderum
1093 1708 1127 1770 in
1153 1705 1331 1792 templum:
1356 1706 1492 1791 accdpit
1514 1707 1635 1771 eumin

428 1813 525 1878 ulnas
549 1834 626 1880 suas
648 1818 684 1880 et
699 1811 870 1879 benedixit
892 1814 997 1886 Deum
1020 1819 1056 1878 et
1077 1813 1173 1879 dixit.

539 1921 633 1986 Nunc
656 1918 793 1985 dimittis
816 1939 951 1985 servum
975 1928 1080 1996 tuum,
1109 1920 1266 1987 Domine:
1292 1919 1481 1986 secundum
1511 1919 1637 1986 verbum

428 2033 522 2093 tuum
545 2029 578 2092 in
602 2047 695 2112 pace.

538 2134 622 2200 Cum
642 2133 839 2200 inddcerent
861 2134 1000 2220 pderum
1023 2136 1134 2201 Jesum
1159 2133 1315 2221 parbutes
1332 2136 1417 2213 eius,
1435 2142 1475 2202 ut
1496 2136 1638 2202 iacerent

427 2239 607 2307 secrindum
623 2240 895 2308 consuetudinem
910 2242 996 2327 legis
1012 2262 1071 2327 pro
1087 2262 1136 2308 eo:
1153 2244 1223 2328 ipse
1238 2242 1369 2328 accipit
1392 2262 1473 2309 eum
1495 2244 1532 2308 in
1555 2242 1639 2308 ulum

428 2369 516 2415 snas.
1366 2403 1368 2410 .

514 2456 567 2520 66.
592 2455 810 2541 Ingrediendo
835 2457 1071 2549 inlecclesiam
1088 2458 1115 2522 si
1130 2458 1297 2543 processio
1314 2456 1355 2522 de
1371 2476 1414 2524 aa
1436 2458 1572 2534 exierit,
1591 2455 1637 2522 rel

426 2562 468 2627 ad
492 2564 680 2648 ingressum
702 2564 903 2650 presbyterii
926 2565 1123 2631 recitabitur
1146 2585 1288 2649 sequens
1312 2565 1590 2651 Responsorium.

539 2670 642 2754 Recp.
668 2670 876 2750 Obtulerunt
899 2692 958 2757 pro
982 2691 1021 2736 6ο
1046 2671 1184 2736 Domino
1208 2692 1269 2758 par
1284 2671 1473 2754 turturum
1491 2671 1639 2737 autduc«

428 2779 539 2864 pullos
563 2779 804 2845 columbarum.

538 2887 631 2951 Sicut
653 2890 813 2972 scriptum
837 2895 905 2953 est:
930 2889 963 2951 in
987 2888 1064 2972 lege
1088 2887 1227 2953 deini.

539 2994 717 3077 Postquam
743 2994 868 3079 impleti
886 3001 964 3059 sunt
981 2995 1050 3059 dies
1066 2995 1272 3080 purgatibnis
1299 2993 1446 3060 Mariae:
1465 2994 1636 3060 secundum

429 3099 537 3184 legem
562 3100 680 3186 Moysi.

538 3208 705 3273 Tulerunt
727 3210 838 3274 Jesum
862 3212 897 3273 in
920 3209 1124 3276 Jerdsalem:
1151 3217 1188 3276 ut
1211 3210 1371 3276 sisterent
1395 3229 1474 3274 eum
1501 3211 1637 3276 Dbmino.

540 3316 634 3380 Sicut
657 3318 815 3402 scriptum
840 3325 899 3382 est:
925 3320 958 3381 in
983 3318 1058 3401 lege
1082 3318 1221 3383 Dbmini.

540 3422 655 3487 Glbria
678 3424 771 3488 Patri
795 3432 828 3488 et
853 3425 937 3488 Filio
961 3432 995 3489 et
1019 3425 1159 3510 Spiritui
1184 3417 1320 3492 Sa'ncto,

539 3530 632 3595 Sicut
654 3533 812 3616 scriptum
837 3540 907 3595 cst:
934 3534 966 3596 in
991 3533 1066 3616 lege
1091 3533 1229 3598 Dbm'mi.

517 3639 569 3703 67.
596 3637 745 3705 Clericus
769 3642 894 3724 primus
917 3640 1061 3725 deponet
1085 3641 1227 3708 Crucem
1250 3641 1539 3725 processionalem
1564 3638 1639 3727 apud

428 3745 575 3821 abacum,
600 3766 663 3829 quo
688 3746 761 3811 loco
786 3749 848 3811 iam
873 3748 978 3832 posita
995 3756 1078 3823 erat,
1097 3749 1236 3832 recipiet
1251 3747 1411 3813 candelas
1436 3749 1638 3815 Celebrantis

429 3860 463 3918 et
486 3862 674 3918 ceterorum
698 3854 908 3932 clericorum,
934 3875 1054 3939 easque
1079 3858 1255 3940 extinguet
1278 3863 1312 3921 et
1336 3876 1439 3941 super
1465 3857 1572 3923 abaco
1593 3875 1640 3919 re-

436 3968 546 4045 ponet.
1470 4021 1475 4031 .

516 4070 568 4133 68.
595 4070 785 4148 Calabram,
799 4071 964 4156 completa
981 4078 1060 4136 ante
1076 4072 1195 4137 Altare
1214 4073 1413 4136 recitatione
1434 4072 1643 4159 responsorii,

430 4178 653 4241 reverentiam
681 4178 780 4243 faciet
803 4178 845 4242 ad
869 4179 1018 4252 Crucem,
1044 4179 1211 4243 secundus
1235 4185 1347 4243 autem
1371 4189 1407 4243 et
1432 4183 1559 4246 tertius
1582 4179 1644 4244 cle·

431 4284 519 4347 ricus
543 4285 641 4348 simul
664 4283 891 4369 genuflectent
914 4291 949 4350 et
973 4294 1114 4371 pergent
1138 4288 1170 4350 in
1199 4286 1336 4370 planum
1360 4286 1543 4371 Epistolae
1569 4284 1642 4372 apud

430 4391 567 4455 abacum
592 4412 756 4457 unacum
782 4393 994 4458 Celebrante.

518 4499 571 4563 69.
596 4499 642 4563 lbi
668 4500 847 4566 Celebrans
871 4500 1020 4585 pluviale
1051 4500 1195 4565 dimittet
1219 4521 1294 4565 cum
1318 4501 1408 4565 stola
1441 4504 1594 4568 violacea
1613 4507 1640 4565 ct

429 4603 608 4669 adiuvante
626 4606 770 4671 secundo
787 4627 826 4671 ac
843 4609 943 4671 tertio
960 4608 1095 4682 clerice,
1121 4607 1236 4672 induet
1260 4607 1320 4672 sibi
1345 4611 1567 4694 manipulum,
1581 4621 1640 4674 sto-

431 4711 499 4775 lam
523 4721 556 4777 et
570 4713 737 4798 planetam
754 4713 822 4779 albi
839 4714 972 4779 coloris.
992 4716 1061 4779 Nisi
1077 4716 1179 4779 Missa
1195 4716 1297 4779 fuerit
1313 4715 1353 4780 de
1371 4716 1480 4782 Beata
1500 4717 1637 4802 Virgine.

432 4819 489 4883 sed
513 4819 552 4883 de
571 4821 748 4895 Dominica
768 4822 957 4896 Calabram,
976 4823 1117 4909 pluviali
1134 4822 1278 4898 dimisso,
1296 4822 1460 4888 induetur
1484 4822 1637 4910 manipulo

435 4933 469 4991 et
492 4926 808 5024 planetatviolacea.
