4175 5717
523 755 562 818 12
966 769 1031 817 ura.
1057 768 1105 817 111.

430 880 529 945 aridis
553 885 588 944 et
610 877 786 944 subtilibus
809 897 851 944 ex
877 877 974 943 ramis
998 878 1108 942 olivae
1132 875 1312 942 benedictis
1334 876 1368 940 in
1391 875 1561 940 Dominica
1576 867 1645 960 pal·

431 1007 558 1052 inarum
573 988 652 1050 anni
668 986 858 1070 superioris,
879 992 1037 1070 cooperta
1053 984 1130 1049 velo
1145 983 1305 1060 violaceo,
1324 983 1429 1069 posita
1449 984 1539 1048 inter
1562 981 1646 1046 blis-

430 1095 502 1159 1111
525 1101 559 1158 11
582 1094 672 1158 11111
695 1093 877 1179 Epistolae.

523 1203 571 1266 10.
596 1203 634 1266 11
658 1201 765 1266 111111
788 1200 964 1285 Evangelii
988 1205 1157 1267 statuetur
1180 1198 1364 1268 scabellum
1382 1198 1507 1264 nudum
1531 1199 1648 1282 inquo

432 1309 558 1374 sedebit
582 1308 772 1384 celebrans,
797 1306 874 1372 dum
898 1326 1084 1372 sermonem
1107 1306 1149 1372 ad
1173 1306 1330 1393 populum
1355 1305 1500 1372 babebit.

523 1417 572 1481 ll.
598 1417 634 1479 ln
658 1416 811 1480 sacristia
833 1414 977 1480 aderunt
998 1417 1066 1479 tria
1089 1414 1332 1501 superpellicea
1354 1433 1415 1500 pro
1439 1413 1584 1480 clericis.

522 1525 571 1591 12.
596 1522 756 1598 Amictus‚
776 1522 863 1598 alba,
880 1523 1063 1606 cingulum,
1082 1523 1261 1588 stolarum
1278 1519 1418 1607 pluviali
1436 1519 1598 1596 violaceo,
1616 1523 1652 1584 et

434 1633 550 1696 bireto.

523 1739 571 1802 13.
597 1737 741 1802 Seorsim
765 1738 899 1803 loculus
922 1757 998 1803 cum
1022 1739 1099 1823 igne
1123 1737 1253 1803 ardenti
1279 1755 1339 1822 pro
1362 1730 1549 1802 thuribulo.

912 1953 956 2020 Ia
978 1954 1162 2036 functione

523 2171 572 2235 14.
597 2170 838 2256 (lampadarum
862 2171 991 2235 sonitus
1007 2170 1204 2236 convocabit
1219 2169 1376 2256 populum
1393 2167 1433 2232 ad
1459 2166 1653 2233 ecclesiam.

522 2278 572 2342 15.
597 2277 719 2343 Clerici
734 2276 970 2362 superpellicio
985 2278 1019 2342 in
1036 2278 1188 2342 sacristia
1203 2277 1264 2342 sibi
1280 2275 1407 2352 induto,
1419 2295 1473 2341 111
1492 2275 1652 2360 superius

433 2391 565 2451 notatas
588 2383 764 2470 disponent
786 2404 886 2470 super
909 2384 1020 2449 Alteri
1044 2391 1079 2449 et
1102 2404 1201 2471 super
1224 2383 1336 2449 abaco.

524 2493 572 2557 111.
597 2492 788 2567 celebrans,
814 2494 995 2577 praemissa
1017 2493 1281 2579 praeparatione,
1310 2491 1439 2557 lavabit
1468 2509 1592 2556 manus
1616 2495 1652 2556 et

433 2601 611 2666 adiuvante
635 2601 780 2667 secundo
803 2621 842 2666 ac
865 2603 966 2667 tertio
982 2600 1107 2667 clerico
1123 2621 1159 2666 se
1175 2601 1303 2687 parabit
1318 2602 1452 2679 amictu,
1474 2600 1564 2678 alba,
1582 2601 1655 2667 cin-

433 2710 523 2792 gulo,
548 2708 635 2774 stola
658 2715 693 2773 et
715 2709 856 2794 pluviali
879 2709 1040 2775 violaceo.

523 2817 573 2880 17.
598 2817 730 2881 Interea
753 2816 896 2882 clericus
920 2818 1045 2902 primus
1062 2814 1222 2882 accendet
1237 2834 1353 2881 cereos
1371 2815 1509 2891 Altaria,
1530 2820 1652 2902 postea

435 2923 555 2989 redibit
578 2925 611 2987 11
635 2924 829 2998 sacristiam,

525 3031 574 3094 18.
602 3030 782 3095 Celebrans
806 3033 1029 3097 reverentiam
1055 3051 1121 3096 una
1144 3051 1219 3096 cum
1242 3032 1375 3098 clericis
1390 3031 1492 3096 laciet
1510 3029 1553 3096 ad
1571 3029 1658 3097 Oru-

433 3159 504 3203 cem
535 3137 590 3202 vel
614 3136 656 3201 ad
678 3137 853 3220 imaginem
885 3139 1111 3224 principalem,
1137 3144 1236 3224 caput
1267 3139 1436 3224 cooperiet
1458 3139 1654 3224 iunctisque

436 3245 583 3309 manibus
607 3242 647 3308 ad
672 3243 791 3308 Altare
814 3244 971 3327 procedet
995 3245 1121 3311 medius
1145 3247 1234 3311 inter
1250 3243 1431 3311 secundum
1447 3263 1487 3310 ac
1508 3245 1655 3311 tertium

435 3354 605 3428 clericum,
623 3350 766 3417 fimbrias
782 3352 938 3438 pluvialis
956 3355 1027 3419 eius
1043 3355 1257 3430 sustinentes,
1274 3355 1378 3440 primo
1394 3357 1506 3419 autem
1522 3353 1656 3422 clerico

437 3465 627 3547 praeeunte.

526 3567 576 3632 19.
601 3566 708 3641 Quum
732 3565 772 3632 ad
796 3567 915 3633 Altare
938 3565 1655 3655 1111111111,111111111111111111111111

435 3695 554 3740 versus
577 3691 682 3739 cornu
707 3673 886 3759 Epistolae,
905 3675 1086 3742 Oolebrans
1103 3674 1240 3741 nudabit
1255 3681 1354 3760 caput
1371 3681 1405 3740 et
1420 3674 1568 3741 biretum
1585 3682 1658 3742 tra-

436 3783 492 3847 det
515 3783 619 3867 primo
643 3781 776 3857 clerico,
801 3789 871 3846 tum
895 3785 1117 3850 reverentiam
1142 3783 1182 3848 ad
1207 3783 1347 3850 Crucem
1369 3783 1482 3860 faciet,
1512 3781 1655 3852 clericis

436 3886 745 3975 genuflectentibus.
769 3887 804 3955 Si
827 3888 996 3955 conditum
1020 3893 1053 3956 11
1077 3891 1294 3958 tabernaculo
1317 3889 1424 3956 aderit
1451 3889 1509 3956 SS.
1533 3889 1660 3958 Sacra·

437 4003 592 4072 mantum,
617 3996 799 4062 celebrans
821 4003 856 4063 11
871 3999 940 4083 ipse
955 3996 1160 4084 genuflectet
1175 3997 1262 4083 quod
1276 3995 1431 4084 deinceps
1443 3998 1551 4063 etiem
1568 4017 1660 4066 exe-

437 4111 568 4190 quatur.

523 4212 576 4276 20.
602 4211 751 4278 Clericus
774 4213 898 4298 primus
923 4221 1040 4300 perget
1055 4213 1096 4278 ad
1112 4212 1249 4278 abacum
1265 4213 1320 4279 ubi
1337 4212 1480 4299 deponet
1503 4212 1656 4280 biretum

438 4319 654 4385 Celebrantis.

524 4429 577 4492 21.
602 4427 769 4493 Ascendet
791 4426 832 4493 ad
855 4428 974 4493 Altare
999 4427 1180 4493 Celebrans
1205 4429 1330 4496 medius
1354 4431 1443 4495 inter
1466 4429 1654 4498 secundum

438 4555 477 4600 ac
500 4538 635 4600 tertium
659 4537 829 4607 clericum,
854 4537 908 4618 qui
933 4533 1077 4598 fimbrias
1102 4535 1258 4619 pluvialis
1282 4540 1353 4604 eius
1377 4537 1568 4605 sustollent.

524 4645 577 4708 22.
603 4644 783 4710 Gelebrans
800 4642 918 4707 Altare
935 4643 967 4704 in
985 4640 1091 4704 modio
1108 4645 1315 4711 osculabitur
1330 4651 1365 4711 et
1381 4645 1479 4711 vadet
1501 4643 1543 4712 ad
1567 4645 1667 4714 Mis·
