4175 5717
430 400 494 464 208
884 420 950 467 um.
975 421 1020 467 iv.

431 523 684 613 Purificatort'c
698 526 908 612 singulorum
924 525 1142 593 secerdotum
1154 525 1325 611 (convenit
1340 526 1427 590 enim
1439 525 1557 609 cuique

341 632 452 718 auum)
476 634 581 719 spatio
605 639 680 700 octo
645 633 842 710 tdierum‚
867 634 922 699 vel
952 633 994 699 ad
1024 653 1187 699 summum
1210 632 1405 717 quindecim:
1428 650 1558 715 super·-

338 741 497 827 peltioea,
520 761 605 826 quae
629 743 704 807 usui
726 742 820 806 vario
845 708 1117 817 sacerdotalium,
1135 746 1194 805 aut
1217 738 1446 805 clericalium·
1443 739 1558 803 mini-

341 851 520 916 steriorum
543 848 710 914 destinata
733 854 812 914 sunt
834 848 876 913 ad
899 847 1046 914 eamdem
1069 848 1141 914 lere
1165 848 1337 912 rationem.

430 957 467 1021 In
491 956 701 1043 suppedaneo
724 957 868 1033 armarii,
885 976 944 1022 seu
969 976 1112 1032 mensae,
1134 955 1189 1022 uhi
1213 953 1373 1021 Sacerdos
1396 955 1558 1027 consistit,

341 1084 438 1131 sacra
460 1063 652 1130 indumenta
674 1083 818 1140 sumens,
842 1071 1002 1150 perpetuo
1025 1069 1152 1129 stratus
1176 1064 1220 1128 sit
1241 1062 1385 1128 crassior
1419 1079 1557 1147 pannus,

344 1192 385 1238 ne
409 1191 474 1257 qua
496 1179 590 1257 parte
614 1171 701 1237 Alba
724 1170 887 1236 foedetur.

431 1280 556 1347 Lintea
580 1278 760 1345 Sacristiae
775 1278 816 1344 ad
832 1298 948 1343 manus
965 1278 1188 1364 extergendas
1210 1278 1342 1364 singula
1356 1276 1560 1343 hebdomada

343 1386 466 1451 munda
488 1392 656 1472 ponantur
677 1392 749 1452 tum
772 1385 871 1451 valde
893 1386 1028 1452 humido
1043 1386 1139 1452 coelo
1156 1384 1301 1470 quotidie
1320 1386 1489 1451 siccentur
1507 1384 1562 1449 ad-

344 1500 433 1560 mota
455 1494 532 1579 igni.

431 1601 586 1684 Mappoe
607 1601 649 1667 ad
671 1607 806 1667 sanctae
828 1602 1067 1668 communionis
1090 1621 1197 1678 usum,
1221 1602 1463 1668 contractiores
1484 1602 1561 1684 qui-

344 1708 417 1775 dem
440 1709 582 1775 alternis
604 1707 826 1785 hebdomadis,
850 1710 992 1775 maiores
1015 1728 1097 1775 vero
1119 1708 1262 1776 alternis
1289 1707 1456 1777 mensibus
1486 1727 1562 1775 mu·

344 1822 470 1883 tantur.

433 1922 526 1998 Quod
548 1929 660 1990 autem
683 1924 766 1989 baec
790 1926 1008 1990 mutationum
1032 1924 1214 1991 intervalla
1229 1923 1477 2011 praefiniuntur,
1495 1943 1562 1989 non

343 2030 376 2095 id
400 2049 439 2096 eo
462 2035 573 2096 tamen
596 2030 865 2097 extraordinarie
887 2049 1018 2116 quoque
1040 2030 1114 2097 fleri
1136 2052 1201 2096 non
1226 2039 1393 2117 poterunt,
1418 2032 1444 2096 si
1468 2050 1562 2117 opor·

344 2144 424 2212 teat,
448 2144 538 2223 puta,
561 2140 590 2204 si
613 2157 656 2204 ex
680 2139 766 2213 labe,
791 2158 875 2223 quae
898 2139 987 2205 forte
1010 2159 1147 2226 aspersa
1164 2141 1217 2215 sit,
1235 2145 1294 2205 aut
1312 2140 1379 2204 alia
1394 2138 1435 2205 de
1450 2157 1561 2205 causa.

433 2247 627 2333 Praecipuis
658 2246 942 2312 sollemnitatibus
977 2247 1100 2313 munda
1129 2248 1239 2313 omnia
1268 2246 1501 2324 adhibeantur,
1530 2251 1565 2312 et

345 2354 548 2440 pulchriora.

435 2461 590 2545 Μιιρραε
604 2461 792 2538 Adrastum,
809 2462 919 2529 Missis
942 2460 1055 2539 fluitis,
1067 2468 1291 2548 contegantur
1309 2463 1470 2548 stragulis
1485 2463 1563 2538 suis,

345 2570 436 2654 prius
459 2588 540 2633 vero
563 2569 696 2635 leviter·
709 2571 885 2655 purissima
907 2571 1046 2656 scopula
1073 2573 1144 2636 eius
1179 2572 1312 2656 generis
1342 2568 1429 2654 quod
1459 2571 1565 2635 vesti·

345 2674 674 2742 mentisdomcsticis
696 2676 883 2753 adhibetur,
907 2680 1040 2764 proprie
1056 2684 1168 2744 tamen
1190 2678 1231 2744 ad
1254 2699 1330 2744 eum
1347 2698 1443 2743 usum
1459 2676 1564 2743 desti-

346 2789 434 2859 nata,
459 2788 656 2869 purgentur:
680 2784 751 2871 ipsa
772 2777 924 2870 stragula
947 2786 1080 2870 singula
1103 2784 1308 2851 hebdomada
1322 2769 1474 2870 diligenti
1490 2785 1565 2869 agi·

347 2894 474 2958 tatione
497 2911 517 2956 a
540 2893 680 2978 pulvere
710 2892 923 2971 mundentur,
955 2873 1090 2980 praet'br
1113 2893 1144 2959 id
1175 2893 1261 2978 quod
1291 2894 1390 2959 etiam
1418 2891 1565 2976 quotidie

347 3018 443 3065 mane
466 2998 580 3064 eadem
601 2998 711 3065 levius
734 3001 848 3067 excuti
863 3000 995 3076 debent,
1012 3007 1084 3068 tum
1099 3002 1169 3066 aeri
1185 3001 1288 3067 tertio
1307 2999 1566 3086 quoque‘mense

348 3112 570 3193 exponantur.

438 3214 655 3297 Camerata,
672 3223 707 3281 et
722 3214 1076 3304 Purificatono,=cum
1092 3221 1317 3292 removentur,
1330 3220 1370 3281 ut
1383 3215 1451 3280 alia
1468 3214 1565 3282 adhi-

346 3322 498 3399 beantur,
521 3328 689 3408 ponentur
712 3324 746 3388 in
769 3324 895 3402 arcula.
920 3344 979 3390 seu
1002 3324 1150 3390 canistro
1174 3323 1216 3389 ad
1231 3341 1307 3388 eum
1321 3321 1453 3389 tantum
1468 3342 1565 3389 usum

345 3428 521 3505 destinato;
545 3435 579 3495 et
602 3437 778 3515 antequam
809 3431 932 3497 dentur
962 3431 1053 3497 foras
1083 3431 1124 3497 ad
1155 3429 1344 3503 lavandum,
1368 3429 1410 3497 ab
1440 3449 1480 3495 eo
1510 3431 1566 3515 qui

347 3538 421 3603 sit'
413 3557 447 3601 m
470 3538 584 3614 sacris,
609 3538 798 3603 laventur
790 3558 824 3604 ιιι
847 3540 982 3626 proprio
1005 3557 1087 3606 vase
1109 3539 1150 3604 de
1171 3537 1238 3623 q'uo
1260 3545 1371 3623 supra,
1388 3536 1514 3614 lixivia,
1532 3543 1567 3603 et

349 3664 473 3731 sapone
493 3645 653 3725 adhibito,
669 3652 705 3712 et
722 3666 799 3712 mox
815 3647 864 3713 bis
880 3667 966 3732 aqua
981 3647 1055 3715 sola
1069 3647 1262 3723 abluantur,
1278 3644 1365 3731 quod
1381 3663 1424 3711 ex
1439 3645 1566 3712 lotione
1583 3655 1585 3660 '

349 3760 512 3839 superest,
536 3754 571 3819 in
594 3756 778 3821 sacrarium
801 3754 972 3821 tundatur.
1434 3757 1453 3780 '

434 3859 545 3928 Albae
574 3867 609 3927 et
637 3864 892 3946 superpellicea
919 3864 1042 3940 lavata
1071 3861 1248 3949 crispanda
1274 3801 1406 3937 dantur,
1437 3862 1567 3945 quoties

349 3974 568 4053 reponuntur,
592 3973 668 4055 apte
691 3969 1129 4058 saltemcoptorqueantur,
1154 3971 1272 4035 sinon
1299 3969 1509 4054 crispentur.

443 4076 651 4160 Corporatia
674 4080 752 4144 itam
775 4079 897 4145 dentur
920 4080 1070 4165 personia
1093 4079 1219 4164 peritis,
1243 4083 1282 4143 nt
1303 4076 1416 4163 amylo
1431 4075 1568 4142 inducto

349 4200 390 4245 ca
412 4181 590 4250 durescere
613 4185 747 4256 faciant.
772 4192 807 4250 et
829 4185 1028 4271 complicent
1052 4186 1256 4272 praescripta
1278 4185 1420 4260 ratione,
1434 4188 1568 4270 tempus

352 4286 431 4353 huic
454 4292 545 4376 operi
569 4299 681 4377 aptum
705 4294 770 4358 erit
792 4311 812 4355 a
835 4312 947 4360 mense
971 4293 1059 4358 Maio
1082 4292 1123 4358 ad
1148 4290 1337 4360 Octobrem.
