4175 5717
576 704 641 769 254
1030 724 1096 771 nm.
1124 727 1169 772 ιν,

486 832 680 916 dispositum
704 829 875 917 (masculis
890 852 911 896 a
927 832 1067 910 dextris,
1084 834 1218 899 feminis
1244 853 1323 897 vero
1348 853 1368 897 a
1391 833 1548 915 sinistris)
1566 834 1714 899 circum·

486 944 613 1003 stantes
630 941 808 1004 summarie
832 939 873 1004 de
897 942 1085 1025 praemissis
1102 941 1288 1017 admoneat,
1306 942 1420 1028 eisque
1439 941 1635 1028 praesertim
1653 939 1714 1006 de·

485 1046 632 1119 nunciet,
656 1045 744 1130 quod
768 1046 885 1112 nullus
909 1046 997 1112 alius
1022 1050 1085 1113 nisi
1110 1048 1203 1112 solus
1227 1047 1412 1133 Episcopus
1444 1046 1713 1113 confirmationis

485 1151 673 1218 ordinarius
698 1152 852 1218 Minister
875 1159 936 1228 est;
962 1174 998 1219 se
1028 1174 1111 1220 vero
1142 1159 1295 1240 paratum
1326 1174 1400 1219 esse
1432 1154 1525 1219 illam
1556 1154 1714 1220 conferre

487 1264 560 1326 iure
584 1281 643 1347 per
669 1260 701 1327 S.
727 1259 844 1326 Sedem
869 1260 1034 1346 delegato.

575 1370 654 1434 llos
690 1369 918 1455 Delegationis
948 1369 1102 1438 Decreto.
1136 1371 1207 1434 sire
1239 1370 1339 1434 Brevi
1372 1369 1566 1455 Apostolico
1596 1370 1716 1456 lingua

485 1476 671 1542 vernacula
693 1476 774 1552 alta,
798 1483 834 1542 et
863 1476 1070 1563 intelligibili
1102 1496 1185 1543 voce
1218 1477 1318 1554 lecto,
1343 1479 1467 1544 iterum
1498 1483 1633 1544 moneat
1654 1477 1717 1544 ad·
1785 1489 1790 1498 ‘

484 1590 623 1660 stantes,
656 1582 742 1669 quod
778 1582 895 1650 nullus
932 1582 1155 1650 Gonflrmatus
1188 1583 1347 1660 discedat,
1380 1586 1443 1650 nisi
1477 1584 1716 1652 Benedictione

484 1697 632 1777 accepta,
657 1711 755 1776 quam
779 1692 848 1776 ipse
871 1697 947 1777 post
978 1692 1124 1759 cronium
1156 1690 1448 1758 Confirmationem
1480 1692 1623 1758 daturus
1654 1697 1716 1758 est:

486 1802 581 1875 Item,
605 1798 692 1884 quod
717 1799 877 1875 Infantes,
901 1802 930 1864 si
952 1820 1035 1885 quos
1067 1802 1100 1865 in
1132 1801 1237 1885 prima
1268 1805 1380 1865 aetate
1403 1801 1492 1866 iusta
1522 1799 1563 1866 de
1594 1820 1716 1866 caussa

485 1906 728 1973 confirmandos
752 1908 1007 1984 existimaverit,
1032 1927 1092 1994 per
1116 1908 1271 1973 Petrinus
1301 1913 1484 1973 teneantur
1508 1910 1541 1973 in
1567 1908 1713 1973 brachiis

486 2014 645 2090 dexteris
663 2020 697 2079 et
713 2013 800 2097 quod
816 2013 925 2094 adulti
941 2021 1068 2101 ponant
1091 2014 1205 2100 pedem
1231 2035 1327 2081 suurn
1352 2035 1453 2101 super
1468 2015 1583 2101 pedem
1600 2014 1712 2081 dexte

488 2142 561 2186 rum
586 2122 715 2187 Patrini
740 2123 802 2187 sui.

576 2230 646 2295 Hac
669 2230 780 2296 altera
802 2232 984 2296 monitione
1008 2231 1176 2316 completa
1200 2228 1247 2317 (α)
1272 2232 1399 2316 pariter
1423 2237 1525 2304 stans,
1550 2237 1586 2296 et
1615 2251 1715 2298 versa

486 2339 570 2404 facie
587 2336 629 2403 ad
647 2337 906 2413 confirmandos,
925 2340 1046 2404 iunctis
1063 2345 1141 2404 ante
1158 2346 1274 2424 pectus
1291 2338 1455 2413 manibus,
1472 2337 1714 2406 eonii-mandis

487 2467 568 2511 vero
592 2464 704 2532 genua
727 2443 950 2522 flectentibus,
975 2453 1009 2511 et
1034 2465 1152 2511 manus
1175 2452 1254 2511 ante
1285 2452 1402 2531 pectus
1434 2447 1566 2513 iunctas
1593 2454 1715 2514 tenen·

486 2553 585 2629 tibus,
610 2553 700 2619 dicit:

574 2669 606 2737 i.
631 2662 787 2746 Spiritus
800 2661 953 2730 Sanctus
969 2665 1197 2746 superveniat
1212 2665 1250 2729 in
1265 2682 1336 2738 eos,
1354 2669 1386 2730 et
1409 2661 1530 2731 Virtus
1542 2664 1718 2732 altissimi

486 2771 661 2838 <custodiat
683 2788 745 2838 nos
768 2789 791 2836 a
811 2771 975 2853 peccatis.
1002 2780 1027 2851 rt
1051 2770 1173 2837 Amen.

573 2878 698 2945 Deinde
722 2879 857 2963 signans
881 2897 918 2943 se
941 2896 1041 2943 manu
1066 2878 1207 2943 dextera
1231 2898 1251 2943 a
1276 2880 1388 2944 fronte
1412 2878 1453 2944 ad
1477 2889 1593 2967 pectus
1617 2882 1712 2968 signo

484 2985 602 3053 Crucis
625 2985 714 3052 dicit:

576 3099 606 3165 i'·
633 3092 861 3160 Adiutom’um
883 3100 1048 3160 nostrum
1071 3095 1109 3160 in
1132 3096 1273 3161 nomine
1296 3094 1445 3164 Domini.

576 3211 599 3281 tt
629 3200 696 3272 Qui
716 3201 798 3285 tecit
825 3200 980 3275 Caelum,
1004 3207 1036 3267 et
1066 3202 1223 3267 Terram.

579 3315 609 3381 5.
635 3309 782 3376 Domine
805 3308 941 3374 emendi
963 3310 1157 3376 orationem
1180 3331 1303 3378 meum.

577 3416 671 3496 sulit
694 3419 830 3484 clamor
851 3436 952 3484 mens
975 3418 1023 3482 od
1047 3424 1079 3484 te
1101 3419 1227 3485 veniet.

574 3530 606 3598 i.
633 3525 805 3591 Dominus
831 3524 1016 3591 sobmonm.

577 3643 601 3712 n
627 3632 779 3700 Etcum
802 3630 940 3716 Spiritu
965 3639 1033 3700 tno.

578 3741 672 3808 Tunc
695 3742 844 3807 extensis
869 3762 988 3807 versus
1008 3741 1259 3807 Gontirrnandos
1284 3743 1443 3818 manibus,
1468 3742 1558 3807 dicit:

1009 3958 1191 4026 OREMUS

579 4174 803 4257 Omnipotens
827 4176 1037 4256 sempiterne
1056 4175 1160 4242 Dens.
1178 4176 1242 4258 qui
1257 4192 1475 4258 repensione
1490 4172 1659 4255 ‹tipnotus
1677 4194 1713 4238 es

487 4286 548 4350 lios
572 4286 727 4367 furantes
752 4291 829 4349 tuos
854 4303 901 4348 ees
923 4291 1079 4367 spumet
1105 4281 1241 4365 Spiritu
1267 4281 1408 4355 Sancto·
1434 4281 1567 4365 quique
1587 4281 1716 4346 dccli-sti

488 4393 539 4458 eis
564 4392 806 4457 remissionem
831 4392 989 4455 omnium
1009 4400 1251 4473 peccatorum·
1268 4390 1382 4455 emitte
1405 4390 1443 4453 in
1467 4407 1524 4453 eos
1549 4387 1715 4472 Septisor·

487 4520 578 4567 mem
594 4499 767 4582 Spiritum
785 4506 886 4567 tunm
905 4498 1073 4565 Sanctum
1092 4500 1313 4565 Porcclitnm
1328 4499 1372 4563 de
1391 4497 1514 4562 Caelis.
1541 4507 1564 4576 ip
1590 4498 1712 4564 Amen.

537 4704 598 4785 ³(n)
619 4715 752 4771 pontific.
773 4717 856 4772 Rom.
