4175 5717
521 737 565 800 110
982 751 1049 800 ura.
1073 751 1108 800 11.

431 860 591 927 nedictus
615 861 802 943 11166611,
838 877 904 924 161
928 877 1008 923 1616
1039 855 1279 933 Subdiaconus,
1312 853 1471 940 siquidem
1506 851 1660 920 sustinet

432 975 595 1053 patenam.
1687 1039 1690 1044 Ι

523 1074 594 1138 174.
619 1073 846 1142 subdiaconus
869 1075 940 1140 sine
963 1071 1198 1158 genuflexione
1221 1070 1401 1138 descendet
1424 1068 1464 1136 de
1487 1067 1659 1156 suppeda-

432 1201 496 1246 neo
519 1189 553 1246 et
575 1181 616 1247 ad
639 1183 751 1248 locum
774 1203 869 1248 suum
893 1181 1023 1247 redibit.

523 1290 594 1354 175.
619 1289 784 1355 Diacouus
807 1288 847 1354 de
863 1289 1074 1376 suppedaneo
1090 1288 1278 1365 descendet,
1297 1286 1453 1354 transibit
1465 1303 1573 1372 ,super
1589 1283 1659 1372 pri·

434 1417 521 1462 mum
544 1396 683 1482 gradum
706 1401 781 1483 post
805 1396 1048 1474 Celebrantem,
1073 1394 1339 1482 genuflexionem
1362 1394 1465 1460 faciet
1495 1391 1538 1458 ad
1571 1391 1658 1460 Gru·

432 1527 503 1573 cem
527 1506 663 1582 Altaris,
690 1505 892 1572 conscendet
916 1508 1039 1572 iterum
1062 1506 1308 1593 suppedaneum
1331 1523 1371 1570 ac
1394 1500 1555 1570 subsistet
1571 1521 1595 1567 a
1615 1501 1659 1568 si·

434 1615 547 1679 11111116
573 1613 789 1689 celebrantis,
815 1619 853 1679 11
875 1615 935 1700 1161
959 1615 992 1679 11
1016 1614 1143 1679 Missali
1167 1617 1331 1678 monstret
1354 1609 1431 1696 quid
1455 1611 1499 1676 sit
1530 1609 1657 1696 legen·

432 1720 520 1797 dum,
544 1726 579 1787 ct
602 1721 683 1786 folia
707 1721 851 1786 Missalis
875 1721 987 1806 ipsius,
1011 1740 1111 1805 quum
1136 1741 1217 1806 opus
1240 1722 1294 1797 sit,
1318 1719 1465 1785 evolvat.

523 1826 594 1891 176.
627 1827 900 1904 Τ111116161116,,
920 1829 947 1892 si
982 1828 1123 1905 vacabit,
1155 1834 1214 1894 aut
1245 1826 1533 1894 Oueremoniarius
1563 1823 1656 1912 apud

432 1932 570 2000 abacum
593 1935 823 2021 campanulum
846 1934 992 2021 pulsabit
1014 1936 1058 2000 ad
1080 1935 1242 2014 Sanctus,
1262 1942 1299 2002 ut
1322 1937 1354 2000 in
1371 1935 1479 2000 Missis
1500 1934 1657 2021 privatis.

524 2042 596 2106 177.
610 2041 739 2108 Chorus
753 2043 947 2109 alternatim
963 2043 1118 2109 recitabit
1134 2043 1286 2113 Sanctus
1298 2041 1452 2120 methodo
1463 2061 1524 2129 pro
1539 2041 1659 2128 Kyrie

433 2150 609 2237 descripta,
633 2157 703 2217 tum
727 2153 759 2217 11
782 2171 892 2236 genua
914 2152 1120 2239 procumbet.

523 2258 595 2323 178.
620 2258 870 2324 thuriferarius
893 2267 1027 2345 praesto
1052 2261 1117 2325 6111
1139 2257 1179 2324 ad
1203 2255 1409 2326 afferendum
1441 2255 1659 2324 thuribulum

434 2385 534 2450 quum
552 2364 732 2432 Celebrans
748 2366 901 2433 recitabit
917 2369 1100 2433 orationem
1116 2367 1221 2434 Hauc
1235 2368 1347 2453 icitur
1362 2365 1574 2434 oblationum
1588 2370 1657 2432 616.

526 2472 598 2539 179.
622 2471 731 2548 Quum
755 2473 936 2540 Celebrans
959 2480 1099 2560 peraget
1122 2476 1306 2552 Memento,
1331 2474 1497 2541 Diaconus
1515 2491 1659 2560 passum

434 2600 536 2646 unum
560 2580 694 2647 recedet
716 2601 735 2646 6
758 2581 843 2658 loco;
861 2601 961 2665 quum
985 2601 1066 2647 1616
1083 2582 1265 2650 celebrans
1282 2579 1489 2648 continuabit
1504 2580 1658 2658 Missam,
1726 2605 1729 2612 ¹

430 2687 566 2754 accedet
589 2709 707 2754 rursus
730 2687 771 2753 ad
794 2688 939 2766 Missam,
964 2690 1060 2773 eique
1084 2688 1281 2756 monstrabit
1303 2707 1387 2774 quae
1403 2683 1656 2774 sint'legenda.

525 2795 597 2860 180.
621 2794 673 2861 Ad
696 2796 880 2861 orationem
907 2795 1011 2864 Hanc
1032 2798 1146 2882 icitur
1175 2796 1412 2862 thuriferarius
1442 2793 1533 2862 dabit
1564 2795 1659 2860 navi·

433 2903 542 2968 culam
567 2885 843 2980 Caeremoniario,
867 2905 923 2988 qui
952 2905 1122 2970 incensum
1146 2905 1179 2969 in
1210 2904 1418 2971 thuribulum
1450 2905 1521 2970 sine
1555 2902 1659 2968 bene-

433 3009 576 3076 dictione
600 3009 762 3087 infundet,
786 3016 821 3075 et
851 3009 1118 3077 caeremoniario
1152 3011 1299 3090 absente,
1323 3010 1477 3078 infundet
1511 3007 1660 3076 thurife-

433 3119 544 3184 rarius
568 3119 645 3204 ipse.

525 3226 596 3290 181.
622 3226 907 3292 Gae1·emoniarius
929 3228 1069 3313 accipiet
1094 3228 1313 3306 thuribulum,
1337 3228 1393 3294 161
1416 3229 1485 3314 1166
1508 3227 1658 3294 thurife-

433 3333 541 3398 rarius
565 3333 741 3398 sustinebit
763 3332 849 3398 illnd
874 3352 892 3397 a
916 3334 1024 3400 latere
1048 3334 1217 3420 Epistolae
1249 3334 1305 3402 SS.
1334 3334 1587 3403 Sacramentum
1611 3331 1658 3400 ad

435 3441 654 3507 elevationem
677 3440 942 3507 thurificaturos.

525 3549 596 3615 182.
622 3550 704 3614 Dum
730 3549 909 3615 Celebrans
926 3547 1015 3615 dicet
1030 3550 1213 3616 orationem
1232 3549 1344 3624 01611
1360 3550 1568 3620 oblationem
1584 3555 1655 3617 616.

433 3657 598 3723 Diaconus
621 3658 692 3723 sine
717 3654 949 3743 genuflexione
972 3656 1120 3723 discedet
1142 3657 1182 3724 de
1213 3659 1349 3724 sinistra
1378 3659 1483 3738 illius,
1514 3657 1657 3724 descen-

433 3765 490 3830 det
513 3786 531 3831 6
554 3764 772 3850 suppedaneo,
796 3761 999 3850 genuflectet
1022 3765 1056 3828 in
1080 3764 1187 3830 medio
1210 3772 1285 3851 post
1301 3765 1544 3843 celebrantem,
1561 3764 1657 3834 dein-

435 3870 475 3939 de
498 3893 518 3938 a
540 3869 688 3938 dexteris
710 3874 783 3937 eius
806 3873 966 3938 consistet
989 3873 1023 3935 in
1047 3871 1155 3957 gradu·
1176 3874 1349 3958 superiori.

527 3982 598 4046 183.
622 3977 671 4046 Eo
695 3981 764 4065 ipso
788 3986 935 4065 tempore
958 3999 1022 4062 qno
1048 3978 1229 4046 Celebrans
1252 3979 1469 4048 inclinabitur
1485 3987 1523 4048 ut
1541 3982 1657 4068 profe-

434 4098 490 4157 rat
513 4089 615 4157 verba
639 4088 915 4164 Consecrationis‚
939 4087 1104 4153 Diaconos
1128 4087 1333 4173 geniculabit
1355 4108 1375 4154 a
1397 4088 1525 4155 dextris
1557 4087 1656 4158 Gele-

435 4198 563 4265 bruntis
586 4197 661 4262 loco
685 4194 863 4280 praedicto,
888 4194 1018 4260 scilicet
1040 4196 1072 4259 in
1098 4197 1309 4261 extremitate
1333 4196 1544 4283 suppedanei,
1569 4195 1655 4264 Sub-

436 4305 594 4372 diaconus
618 4310 728 4368 autem
752 4303 785 4366 in
808 4301 914 4367 medio
938 4323 1038 4388 supra
1062 4302 1171 4367 infimo
1195 4303 1311 4388 gradu
1336 4304 1575 4370 thuriferarius
1593 4325 1654 4372 seu

436 4412 724 4479 anremoniarius
747 4430 821 4474 cum
845 4409 1017 4474 thuribulo
1040 4410 1246 4495 geniculabit
1268 4411 1366 4476 etiam
1391 4412 1424 4475 in
1447 4410 1561 4478 infimo
1576 4431 1655 4498 gra-

436 4555 519 4611 bran.
539 4553 670 4612 Missum
688 4551 729 4610 tit.
748 4549 811 4610 Vll.
831 4570 909 4610 num.
932 4555 971 4608 11.
990 4550 1022 4610 Si
1040 4569 1105 4608 mos
1125 4552 1231 4610 alicubi
1249 4553 1324 4610 alius
1343 4552 1439 4620 fuerit,
1458 4554 1495 4610 ad
1509 4555 1654 4630 Superio-

436 4661 498 4699 rom
518 4643 674 4715 pertinebit
692 4651 790 4701 utrum
810 4643 853 4700 fas
872 4642 910 4700 sit
929 4655 995 4700 eum
1014 4659 1147 4710 servaro,
1167 4659 1204 4698 an
1225 4643 1361 4702 rubricas
1381 4644 1558 4704 adhaerere.
