4175 5717
527 729 589 796 116
971 749 1036 795 rsa.
1063 749 1109 796 iv.

438 860 559 924 tionem
591 858 744 924 recitabit
777 857 999 922 exorcismum
1033 855 1211 923 reomao
1244 862 1275 921 te
1304 859 1368 920 etc.
1403 855 1583 920 advertens
1611 863 1648 922 ut

434 967 574 1030 ‹lestera
598 965 835 1030 benedictionis
851 967 981 1049 signum
998 964 1101 1028 faciat
1117 981 1234 1027 versus
1252 961 1422 1039 infantam,
1441 983 1544 1047 quum
1561 961 1649 1030 dicet

435 1077 472 1138 io
495 1073 633 1138 atoarios
657 1073 777 1138 Patris
801 1079 863 1137 etc.
888 1073 1031 1154 itemque
1056 1075 1093 1134 ut
1117 1069 1232 1135 Crucis
1256 1070 1388 1154 signum
1409 1071 1536 1156 pollice
1566 1069 1648 1136 dex-

436 1189 507 1245 tero
533 1183 629 1245 saciat
657 1181 690 1244 in
713 1180 826 1244 fronte
849 1179 987 1242 infantis
1011 1177 1071 1242 sub
1095 1174 1192 1241 finem
1217 1177 1394 1242 exorcismi
1410 1175 1453 1242 ad
1471 1177 1534 1242 illa
1548 1175 1647 1244 verba

434 1289 530 1372 qood
553 1307 616 1354 aas
639 1287 755 1370 fronti
774 1288 851 1352 eius
874 1291 936 1350 etc.

525 1395 574 1459 19.
600 1395 681 1458 Post
704 1394 925 1457 exorcismum
950 1392 1123 1457 Parochus
1147 1411 1265 1456 rursus
1297 1391 1471 1456 dexteram
1505 1392 1650 1479 imponet

434 1504 532 1588 capiti
557 1502 703 1572 infantis,
728 1519 865 1582 eamque
890 1506 1064 1565 extensam
1088 1499 1256 1564 sustinens
1280 1517 1398 1563 versus
1431 1497 1540 1576 illum,
1564 1501 1650 1566 reci·

436 1610 551 1675 citabit
573 1610 757 1674 orationem
783 1606 941 1674 Oramus.
965 1607 1158 1674 Artemam
1180 1625 1222 1674 ac
1245 1605 1474 1673 iustissimam
1497 1613 1562 1674 etc.

520 1717 573 1782 20.
599 1715 771 1801 completa
793 1715 857 1780 bac
891 1716 1053 1790 oratione,
1078 1713 1251 1779 Parochus
1285 1715 1534 1780 extremitatem
1567 1715 1649 1780 sini·

433 1831 536 1888 stram
561 1823 667 1886 stolae
692 1824 836 1908 imponet
857 1823 956 1906 capiti
981 1822 1119 1886 infantis
1143 1828 1177 1887 et
1201 1821 1314 1888 dicens
1337 1821 1378 1886 ei.
1394 1821 1440 1912 N.
1461 1821 1650 1907 {nyssam

434 1933 472 1997 io
496 1934 663 2012 templum
685 1931 751 1996 Dei
770 1937 827 1995 etc
848 1929 1040 1995 introducet
1056 1930 1161 2015 ipsum
1179 1933 1212 1994 in
1228 1929 1405 1994 ecclesiam
1422 1929 1478 1996 vel
1496 1931 1530 1994 in
1547 1929 1649 2016 bapti-

432 2041 581 2103 sterium.
607 2039 782 2123 Compater
804 2039 945 2122 accipiet
966 2039 1214 2103 extremitatem
1236 2037 1343 2103 stolae
1367 2043 1402 2103 et
1419 2045 1563 2124 'gestans
1597 2037 1648 2102 in-

433 2147 569 2220 fantem,
595 2145 732 2210 intrabit
755 2148 787 2210 in
812 2145 988 2210 ecclesiam
1012 2146 1068 2210 vel
1092 2147 1126 2209 in
1150 2145 1379 2230 baptisterium
1404 2163 1470 2210 una
1491 2164 1567 2210 cum
1584 2145 1649 2212 Pa-

432 2255 544 2323 rooho,
569 2253 724 2318 incedens
746 2273 766 2316 a
788 2253 931 2318 sinistris
954 2254 1035 2318 eius.

521 2363 574 2426 al.
600 2363 733 2427 Interea
747 2361 834 2426 dum
857 2381 877 2426 a
900 2351 997 2448 porta
1019 2360 1181 2426 accedent
1202 2360 1243 2425 ad
1277 2361 1520 2446 baptisterium,
1543 2361 1649 2426 Paro-

434 2471 516 2534 rhus
541 2477 574 2535 et
599 2468 774 2555 Cornpater
797 2468 987 2534 recitabunt
1012 2467 1125 2535 Credo
1148 2475 1182 2534 et
1199 2469 1308 2536 Pater
1322 2475 1452 2536 noster.
1474 2457 1648 2555 Competer

431 2599 471 2642 ea
493 2579 616 2663 poterit
637 2579 781 2642 recitare
804 2571 958 2641 idiomate
982 2576 1175 2651 vernaculo,
1199 2577 1371 2642 Parochus
1394 2576 1513 2652 latmo,
1538 2581 1645 2642 utno-

432 2691 525 2751 tatur
548 2687 580 2748 in
605 2684 743 2750 Rituali.
1305 2655 1317 2680 ⁹

520 2793 574 2856 2‘2.
599 2793 707 2867 Quum
732 2790 904 2857 Parochus
928 2798 963 2856 et
986 2791 1164 2878 Gompater
1187 2810 1261 2856 cum
1293 2791 1421 2859 infante
1452 2791 1649 2858 devenerint

433 2899 472 2964 ad
498 2900 666 2964 cancellos
689 2899 802 2974 fontis,
826 2907 1003 2982 antequam
1028 2899 1259 2984 ingrediantur
1281 2900 1315 2965 in
1339 2901 1455 2986 ipsum,
1476 2899 1646 2966 Perochus

344 3061 353 3074 .
432 3009 590 3072 subsistet
612 3008 759 3072 humeris
782 3006 823 3071 ad
847 3006 973 3072 fontem
997 3007 1112 3082 versis,
1138 3008 1313 3093 compater
1336 3027 1412 3073 cum
1435 3007 1568 3074 infante
1587 3015 1647 3076 sta·

433 3115 481 3180 bit.
503 3121 622 3180 contra
645 3115 843 3181 Parochum.

520 3223 574 3289 23.
601 3223 771 3288 Parochus
795 3223 951 3288 recitabit
967 3223 1189 3288 exorcismum
1205 3221 1383 3290 Emorcizo
1400 3229 1441 3300 te,
1459 3225 1575 3292 omncs
1591 3225 1648 3292 isis·

435 3335 565 3400 rotunde
588 3332 737 3414 spiritus
760 3339 823 3395 etc.

520 3439 574 3504 24.
603 3440 737 3504 lntorca
766 3437 911 3504 clericus
942 3439 975 3503 in
1007 3447 1161 3525 promptu
1195 3439 1331 3505 habebit
1365 3441 1541 3507 vasculum
1575 3441 1647 3510 Olei

436 3549 542 3612 sancti
568 3545 889 3611 Catachumenorum
913 3547 947 3610 in
970 3544 1140 3632 pelvicula
1163 3553 1198 3612 et
1224 3547 1472 3631 aliquantulum
1505 3551 1648 3638 gossipii‚

433 3656 567 3720 adstans
592 3653 744 3718 Parocho
767 3673 787 3718 a
810 3651 949 3719 dextris.

521 3763 575 3826 25.
606 3763 786 3844 Postquam
821 3761 993 3826 Parochus
1028 3763 1223 3828 recitaverit
1258 3764 1491 3855 exorcismum,
1528 3765 1648 3854 pollice

433 3871 574 3936 dextero
597 3871 736 3955 accipiet
759 3889 801 3934 ex
826 3889 884 3935 ore
907 3891 968 3934 suo
992 3870 1182 3956 paullulum
1205 3871 1342 3948 salivae,
1366 3891 1434 3956 qua
1454 3879 1574 3960 tanget
1593 3895 1647 3940 aa·

433 3999 503 4042 rem
527 3977 699 4043 dexteram
724 3976 909 4062 baptizandi
932 3978 1045 4044 dicens
1069 3979 1264 4066 prpbeta‚
1288 4000 1328 4046 ac
1347 3987 1462 4066 tanges
1479 3983 1646 4050 sinistram

432 4087 520 4150 dicet
543 4085 639 4169 quod
663 4091 713 4151 est
736 4085 936 4168 orlapem're.
962 4087 1083 4154 Narem
1100 4087 1217 4154 deinde
1234 4088 1407 4154 dexteram
1424 4087 1565 4158 infantis
1581 4099 1648 4158 tan·

431 4201 486 4277 get
511 4193 622 4256 dicens
647 4193 690 4257 Ira
716 4195 866 4269 odorem,
893 4203 962 4258 tum
987 4199 1154 4262 sinistram
1180 4196 1292 4261 dicens
1316 4197 1502 4265 suavitatis
1527 4207 1648 4286 etpro-

431 4307 591 4382 sequetur
619 4300 673 4364 Tu
697 4309 813 4367 aulem
837 4294 997 4387 essuperet
1020 4313 1083 4368 etc.

517 4407 570 4474 ⁴26.
596 4407 766 4471 Porcellus
792 4410 1014 4493 interrogabit
1044 4410 1275 4494 baptizandum
1306 4414 1495 4500 exprimens
1528 4435 1645 4482 nomen

433 4514 503 4576 eius
527 4529 556 4577 er
584 4514 670 4579 dicet
696 4517 738 4580 N.
764 4515 995 4582 abrenunties
1029 4520 1195 4584 solonae?
1228 4521 1402 4607 Gompater
1437 4523 1647 4608 respondebit

438 4620 667 4690 dhreo-oratio.
691 4625 873 4690 Paroclrus:
897 4621 941 4686 Et
970 4621 1131 4691 mortibus
1154 4629 1318 4718 operibus
1342 4629 1438 4698 cius?
1463 4631 1645 4724 compater:
