4175 5717
528 701 593 766 :3:38
992 720 1057 766 ιιιι.
1084 717 1103 762 ι.

441 832 539 892 extra
570 827 745 912 corporale
776 827 808 889 in
839 845 946 890 cornu
982 825 1150 910 Epistolae
1175 825 1312 902 Altaris,
1337 823 1540 890 ablutionem
1574 823 1661 890 acci·

439 936 507 1021 piet
529 953 568 999 ac
591 934 713 1018 digitos
736 938 900 1018 exterget.

528 1043 559 1106 o.
585 1041 635 1106 Ad
661 1041 834 1108 Dominus
857 1040 1035 1108 vobiscum
1059 1059 1133 1105 curn
1159 1039 1210 1108 Ite
1234 1040 1346 1108 Missa
1369 1048 1421 1110 est
1443 1061 1478 1107 se
1501 1045 1598 1164 geret
1621 1043 1664 1104 ut

441 1170 542 1237 supra
565 1149 605 1216 ad
630 1150 801 1216 Dmaiaus
822 1148 1010 1216 vobiscum.

533 1257 582 1322 10.
608 1257 688 1323 Post
674 1264 787 1340 tquam
810 1255 931 1322 dixerit
955 1257 1139 1322 orationem
1166 1257 1308 1324 Phaceat
1324 1255 1386 1324 tibi
1406 1261 1468 1322 etc.
1498 1255 1666 1322 osculabi-

447 1373 504 1432 tur
529 1364 657 1441 Altare,
681 1364 770 1429 dicet
792 1363 982 1431 Benedicat
1004 1384 1065 1432 oos
1088 1366 1304 1449 omnipotens
1334 1353 1430 1432 Deus
1460 1369 1494 1429 et
1522 1383 1584 1450 pro
1615 1365 1668 1430 in·

443 1473 624 1540 clinatione
648 1472 748 1538 solita
771 1469 893 1536 efficiet
915 1469 1182 1556 genuflexionem
1207 1477 1240 1536 et
1271 1493 1453 1539 conversus
1483 1469 1524 1538 ad
1554 1489 1668 1558 popu-

444 1583 524 1658 lum,
549 1587 587 1645 ut
610 1579 650 1645 ad
675 1580 847 1646 Dominus
869 1579 1047 1646 vobiscum
1071 1579 1333 1646 benedictionem
1349 1578 1482 1645 donabit
1499 1579 1579 1663 quin
1601 1577 1669 1643 cir-

442 1691 555 1757 culum
579 1687 752 1773 compleat.
778 1687 902 1752 Deinde
917 1689 988 1753 sine
1004 1685 1237 1772 genuflexione
1254 1707 1353 1773 super
1376 1687 1544 1752 sinistram
1568 1705 1667 1751 suam

441 1819 482 1862 se
498 1801 671 1863 convertet
692 1795 732 1860 ad
745 1795 874 1866 Altare,
887 1794 976 1860 dicet
987 1796 1159 1863 Dominus
1174 1796 1360 1870 vobiscum,
1373 1794 1518 1880 signabit
1532 1792 1667 1870 Altare,

445 1912 544 1989 atque
569 1904 721 1968 ultimum
746 1903 966 1988 Et‘angelium
990 1903 1154 1968 recitabit.
1181 1903 1229 1968 Ad
1271 1903 1423 1970 Verbum
1451 1881 1535 1970 caro
1563 1921 1671 1989 genu·

446 2010 559 2077 flectet
574 2011 724 2096 paullum
741 2030 858 2076 versus
875 2009 932 2076 SS.
951 2009 1212 2077 Sacramentum.
1231 2011 1373 2096 ldipsum
1389 2011 1490 2076 faciet
1506 2012 1540 2076 in
1557 2011 1669 2096 primo

447 2121 642 2206 Evangelio,
667 2121 694 2182 si
718 2116 1008 2204 genuflectendum
1032 2125 1120 2186 esset
1149 2119 1205 2205 (a).

537 2227 586 2290 ll.
612 2225 662 2292 Ad
687 2225 886 2292 Flectamua
905 2245 1025 2312 penae
1057 2227 1090 2290 in
1114 2227 1223 2292 Missis
1254 2225 1426 2292 ferialibus
1461 2223 1671 2312 genuflectet

447 2356 564 2402 versus
588 2335 721 2400 librum.
1597 2407 1600 2416 Ι

539 2444 587 2508 12.
613 2441 717 2509 Sacro
739 2447 887 2527 peracto,
912 2440 1032 2507 redibit
1056 2443 1088 2507 in
1114 2437 1264 2520 medium}
1289 2439 1500 2527 genuflectet,
1519 2441 1671 2508 Calicem

448 2552 597 2637 accipiet,
626 2551 666 2618 de
697 2549 807 2616 Alteri
839 2548 1018 2615 descendet
1050 2548 1145 2614 modo
1179 2551 1331 2636 superius
1362 2548 1495 2626 tradito,
1520 2545 1673 2636 genufle-

449 2662 580 2725 xionem
605 2665 747 2744 utroque
770 2677 858 2744 genu
882 2655 1011 2735 efficiet,
1035 2665 1200 2744 assurget,
1229 2658 1408 2725 biretuma
1429 2657 1586 2723 Ministro
1611 2675 1671 2724 re-

449 2770 558 2855 cipiet,
583 2773 618 2833 et
639 2768 747 2854 capite
770 2772 886 2854 operto
909 2766 950 2832 ad
977 2767 1167 2833 Sacrarium
1192 2766 1320 2833 redibit.

539 2876 588 2941 l3.
614 2875 647 2941 Si
672 2876 792 2940 iamin
818 2876 929 2941 Alteri
959 2881 1096 2960 paratus
1127 2881 1216 2941 esset
1248 2875 1344 2940 Calin
1375 2895 1475 2960 quum
1504 2873 1672 2941 Sacerdos

451 2983 683 3049 celebraturus
715 2984 860 3058 accedet,
892 2984 1037 3067 itemque
1068 2985 1094 3049 si
1126 2983 1222 3049 Calix
1251 3003 1270 3048 a
1300 2981 1454 3049 Ministro
1484 2981 1526 3048 de
1557 2981 1673 3048 Alteri

451 3097 683 3177 asportaretur
707 3097 784 3156 ante
808 3091 929 3157 Missae
953 3089 1060 3168 finem,
1085 3097 1166 3157 tunc
1191 3091 1372 3158 Celebrans
1403 3089 1541 3156 nudabit
1568 3083 1674 3177 caput¹

451 3219 551 3282 quum
568 3201 600 3264 in
618 3205 831 3286 conspectum
847 3199 976 3265 Altaris
992 3199 1176 3277 devenerit,
1189 3199 1360 3265 discedens
1376 3204 1486 3264 autem
1503 3197 1544 3264 de
1558 3198 1675 3264 Altari

451 3308 619 3392 cooperiet
643 3316 741 3395 caput
767 3329 866 3395 quum
883 3315 983 3375 extra
1005 3315 1217 3394 conspectum
1242 3307 1298 3375 SS.
1325 3307 1535 3394 Sacramenti¹
1554 3305 1672 3374 fuerit.

522 3881 563 3950 (ιι)
582 3880 797 3945 Celebrautem,
818 3891 846 3936 ut
867 3879 896 3935 in
915 3879 1058 3954 principio
1079 3881 1231 3952 Evangelii
1253 3881 1282 3938 S.
1293 3879 1409 3937 loannis
1419 3880 1473 3936 sub
1487 3879 1576 3936 llnem
1590 3879 1670 3938 Mis-

451 3989 502 4027 sae
522 3969 620 4042 signet
637 3970 748 4034 Altaro,
768 3969 823 4026 huc
842 3970 1031 4044 paragrapho
1046 3971 1219 4028 monuimus.
1235 3971 1265 4028 ld
1280 3969 1371 4026 rideri
1385 3969 1460 4026 torte
1474 3968 1583 4042 poterit
1599 3965 1672 4026 eon-

452 4068 496 4118 tra
516 4059 664 4116 rubricam
684 4059 713 4114 in
733 4058 845 4116 Missali
865 4061 1028 4133 appositam
1049 4062 1085 4117 ad
1105 4061 1207 4118 teriam
1228 4063 1263 4117 V.
1283 4061 1311 4116 in
1325 4061 1426 4118 Coena
1443 4058 1571 4125 Domini,
1591 4075 1670 4132 quae

452 4157 531 4206 votat
550 4150 756 4207 celebrantem
779 4148 897 4220 signare
917 4152 1028 4212 Altare,
1049 4153 1125 4225 quaid
1139 4152 1232 4224 ipsum
1252 4149 1433 4224 repetiturin
1451 4147 1671 4208 caeremoniali

452 4241 673 4314 Episcoporum.
694 4242 776 4314 Opus
796 4251 841 4297 cst
860 4251 959 4298 mmen
978 4242 1224 4308 animadvertere,
1243 4242 1319 4316 quod
1340 4241 1414 4298 haec
1432 4239 1583 4314 dispositio
1601 4257 1671 4296 san·

453 4331 510 4385 cita
535 4345 579 4386 cst.
607 4332 658 4388 SS.
683 4331 868 4388 Sacramenti
888 4348 1001 4387 caussa.
1021 4333 1096 4404 qtrod
1126 4351 1216 4404 super
1236 4349 1337 4388 melisa
1356 4331 1466 4388 Altaria
1494 4339 1593 4386 manet
1613 4347 1670 4386 ex-

455 4421 586 4490 positum:
607 4422 747 4496 quocirca
765 4421 793 4476 iu
814 4439 884 4477 casu
905 4430 1005 4478 nostro
1025 4441 1112 4496 quum
1133 4423 1297 4496 expositum
1317 4421 1345 4477 in
1365 4419 1458 4478 Alturi
1472 4419 1589 4494 quidem
1603 4438 1670 4476 ιιιιι-

455 4523 523 4565 neat
541 4510 593 4567 sed
617 4523 704 4569 extra
722 4529 863 4576 mensam,
883 4531 940 4568 nou
967 4531 1032 4570 osso
1062 4515 1143 4571 locus
1170 4513 1207 4569 illi
1233 4511 1368 4572 rubricae
1393 4509 1517 4572 ridetur,
1543 4507 1670 4585 ideoque

456 4598 616 4656 Celebrans
635 4603 736 4658 Altam
755 4603 865 4659 deltoro
887 4603 942 4660 ritu
964 4603 1070 4660 usitato
1090 4604 1219 4674 signare
