4175 5717
964 710 1036 771 cab.
1058 710 1118 771 ini.

547 833 578 904 5.
603 815 640 894 In
658 803 819 894 'membria
841 828 978 895 aeterna
1001 836 1101 895 erunt
1124 831 1212 895 iusti.

545 965 581 1035 rb.
607 955 657 1020 Ab
680 954 847 1020 auditiene
870 954 958 1020 mala
981 974 1048 1020 non
1071 954 1244 1020 timebunt.

545 1084 576 1155 5.
601 1081 631 1145 A
653 1088 750 1167 porta
772 1078 882 1146 inferi.

546 1218 580 1288 rt.
606 1208 705 1297 Erue,
730 1208 877 1285 Demine,
902 1209 1027 1274 enimes
1051 1208 1175 1275 ebrum.

544 1339 575 1407 ὴ.
600 1333 758 1418 Requiem
782 1334 953 1400 aeternam
977 1333 1064 1399 dona
1086 1335 1133 1400 eis
1155 1333 1303 1400 Demine.

517 1459 520 1464 ’
543 1469 579 1541 rt.
604 1459 649 1525 Et
671 1458 732 1526 lux
755 1459 915 1546 perpetua
937 1457 1050 1532 lubeat
1073 1459 1130 1524 eis.

543 1590 576 1660 ἵ.
600 1583 736 1652 Demine
760 1584 881 1652 exaudi
905 1559 1088 1651 prationem
1111 1575 1228 1650 meam.

460 1775 464 1782 .
543 1721 579 1792 rt.
603 1711 648 1777 Et
670 1712 797 1778 elamor
821 1731 913 1778 meus
935 1710 978 1777 ad
1000 1718 1033 1776 te
1057 1710 1180 1777 veniat.
1248 1679 1251 1686 Ι

542 1843 574 1911 5.
598 1836 755 1903 Deminus
779 1836 960 1903 vobiscum.

540 1973 576 2043 rt.
595 1962 645 2029 ‘nt
668 1983 743 2028 cum
766 1960 886 2049 spiritu
909 1968 978 2028 tuo.

947 2230 1127 2298 OREMUS

432 2387 584 2543 Deus,
608 2468 663 2550 qui
687 2467 777 2533 iuter
799 2464 1008 2552 Apostelicos
1032 2462 1229 2530 Sacerdetes
1252 2462 1396 2530 femulos
1422 2470 1497 2530 tuos
1524 2464 1639 2530 Sacer-

430 2590 535 2658 doteli
565 2591 674 2658 fecisti
704 2592 865 2677 dignitate
895 2590 1029 2676 vigere:
1054 2597 1188 2676 praesta
1217 2609 1424 2674 quaesumus,
1457 2596 1492 2654 ut
1518 2592 1632 2655 ebrum

430 2738 560 2803 quoque
582 2718 742 2805 perpetuo
765 2717 993 2803 aggregentur
1016 2717 1195 2783 consertio.

540 2844 637 2921 Deus,
662 2844 778 2909 veniae
810 2841 953 2928 largitor
977 2849 1011 2908 et
1034 2844 1198 2908 bumenae
1222 2841 1340 2908 saletis
1368 2844 1511 2908 amettr:
1537 2865 1639 2927 quae-

428 2988 543 3034 sumus
566 2969 777 3035 elementiam
800 2975 901 3040 tuam.
919 2973 958 3033 ut
969 2973 1105 3034 nostrae
1122 2968 1394 3053 Congregatienis
1411 2968 1544 3044 fratres,
1562 2989 1641 3053 prn-

431 3093 569 3179 pinquos
593 3101 627 3159 et
649 3095 889 3172 benefaeteres‚
914 3097 968 3178 qui
993 3116 1036 3160 ex
1060 3096 1123 3159 hoe
1147 3095 1281 3160 saeculo
1306 3097 1523 3168 transierunt,
1546 3094 1639 3158 betta

430 3220 537 3284 Maria
559 3240 688 3306 semper
712 3220 853 3306 Virgine
877 3220 1115 3296 intercedente,
1140 3240 1214 3285 eum
1239 3219 1387 3283 erunibus
1408 3197 1538 3283 Sanetis
1562 3222 1638 3286 tuis.

430 3344 471 3409 ad
495 3345 674 3430 perpetuae
696 3344 907 3414 beatitudinis
930 3346 1133 3411 consertium
1157 3343 1334 3431 pervenire
1356 3344 1528 3410 concedas.

541 3470 638 3545 Deua,
663 3472 757 3535 cuius
782 3471 992 3535 miseratibne
1016 3472 1145 3535 emmae
1167 3468 1313 3535 fidelium
1338 3471 1562 3553 requiescunt,
1586 3471 1640 3533 fe-

431 3595 529 3661 mulis
552 3602 586 3661 et
609 3595 796 3659 famulabus
821 3597 887 3661 tuis
910 3596 1061 3661 erunibus
1085 3596 1140 3660 hie
1156 3602 1189 3660 et
1207 3594 1326 3679 ubique
1343 3597 1374 3659 in
1393 3596 1525 3660 Christo
1542 3598 1637 3677 quie-

431 3720 608 3798 scentibus,
633 3720 674 3786 da
697 3719 859 3806 propitius
876 3721 1005 3786 veniam
1022 3720 1236 3786 delietbrum:
1256 3727 1293 3786 ut
1308 3743 1328 3786 a
1343 3724 1472 3787 cunctis
1495 3722 1641 3786 reetibus

429 3845 582 3924 absoluti,
613 3855 722 3912 tecum
753 3848 824 3911 sine
855 3844 919 3911 fine
954 3847 1135 3912 laetentur.
1170 3848 1236 3911 Per
1268 3848 1435 3913 Christum
1468 3848 1640 3911 bertuinum

432 3979 593 4037 nostrum.
619 3982 653 4052 rt.
678 3973 794 4038 Amen.

540 4102 570 4169 tr.
595 4097 752 4180 Requiem
776 4098 946 4163 aeternam
969 4098 1056 4163 dona
1080 4100 1128 4164 eis
1152 4098 1298 4163 Deruine.

542 4233 575 4301 m.
602 4224 644 4287 Et
669 4224 727 4288 lux
752 4224 915 4310 perpetua
939 4224 1051 4291 luceat
1076 4228 1132 4290 eis.

541 4470 622 4537 Tum
647 4472 711 4537 duo
735 4481 889 4540 cantores
914 4475 967 4540 vel
986 4475 1176 4564 'Episcopus
1195 4477 1262 4562 ipse
1279 4476 1368 4540 elata
1386 4495 1466 4540 uoce
1483 4495 1638 4539 unacum

430 4578 568 4661 reliquis
592 4579 631 4643 «le
657 4579 758 4643 Claro
784 4582 979 4646 recitabunt.
