4175 5717
521 661 586 723 320
987 681 1053 728 nra.
1080 682 1099 728 1.

433 787 467 854 Si
490 787 678 871 contigerit,
702 791 740 852 ut
764 786 944 852 Oelebrans
960 788 1108 854 nesciret
1122 793 1182 854 aut
1197 788 1321 854 oblitus
1338 796 1429 856 esset
1441 809 1562 858 nomen
1578 791 1657 878 Epi·

430 896 530 980 scopi,
554 895 618 959 hoc
640 914 720 960 casu
744 893 832 959 dicet
855 900 986 960 tantum
1012 893 1177 979 Autome
1206 903 1338 974 nostro,
1370 897 1455 964 nihil
1484 896 1654 974 adiiciens,

430 1023 531 1086 quum
554 1003 634 1067 satis
658 1002 701 1068 sit
724 1001 916 1068 mentaliter
939 1021 1105 1067 renovare
1120 1022 1181 1087 pro
1198 1023 1237 1068 eo
1250 1003 1407 1089 precandi
1423 1005 1654 1070 intentionem.

520 1110 572 1174 80.
599 1109 707 1184 Quum
731 1108 820 1174 dicet
846 1109 1031 1184 Memento,
1062 1108 1210 1176 Domine
1240 1116 1303 1176 eto.
1334 1111 1486 1196 paullum
1516 1111 1663 1178 attollet.

431 1238 548 1283 manus
572 1218 664 1283 lente
689 1238 792 1302 usque
815 1218 856 1284 ad
884 1219 1107 1284 summitatem
1137 1220 1294 1303 pectoris
1326 1219 1491 1304 simulque
1521 1221 1656 1286 iunctae

430 1325 558 1392 tenebit
581 1332 639 1390 aut
662 1331 740 1391 ante
763 1325 911 1391 eamdem
935 1327 1169 1401 summitatem,
1194 1331 1253 1391 aut
1276 1345 1378 1412 prope
1394 1326 1587 1404 vultum,et
1603 1345 1658 1392 aa·

430 1434 498 1519 pite
521 1434 730 1516 aliquantum
754 1433 926 1510 inclinato,
950 1433 1139 1517 clausisque
1163 1434 1280 1509 oculis,
1312 1433 1567 1519 applicationem
1597 1453 1657 1500 re-

431 1541 568 1606 novabit
584 1539 744 1606 Sacrificii
761 1547 861 1625 atque
877 1540 986 1606 orabit
1001 1560 1061 1625 pro
1078 1540 1195 1624 quibus
1213 1539 1364 1606 intendet
1378 1561 1418 1608 ac
1435 1540 1527 1607 volet
1544 1559 1655 1616 arare,

432 1650 544 1732 sicque
568 1649 668 1713 stabit
691 1649 785 1713 brevi
809 1650 966 1733 temporis
985 1648 1101 1734 spatio,
1115 1649 1194 1731 quin
1210 1668 1347 1733 precum
1359 1648 1581 1715 diuturnitate
1597 1653 1658 1714 aut

430 1756 594 1821 brevitate
618 1756 769 1822 excedat.
794 1756 880 1820 Hinc
895 1755 1046 1820 manibus
1062 1754 1236 1820 disiunctis
1253 1757 1564 1842 erectoque-capite,
1578 1775 1657 1820 con-

434 1864 574 1928 tinuabit
598 1864 766 1930 Camenam
788 1863 829 1929 ad
853 1863 957 1928 rerba
979 1863 1025 1930 Et
1048 1865 1205 1930 omnium
1227 1864 1543 1951 circumstantium-1
1557 1869 1622 1930 oto.

519 1973 572 2036 81.
598 1973 634 2035 In
659 1973 809 2036 oratione
837 1971 1141 2038 Communicoates
1165 1971 1345 2056 simplicem
1370 1971 1491 2056 capitis·
1509 1971 1657 2040 inclina·-

432 2079 555 2144 tionem
579 2078 679 2144 faciet
702 2099 803 2163 quum
828 2078 884 2144 SS.
910 2078 1085 2163 Virginem
1110 2078 1301 2155 nominabit;
1327 2080 1488 2163 itemque,
1505 2081 1541 2144 si:
1555 2081 1659 2146 nomi·

432 2186 567 2251 rabitur
590 2189 663 2270 quis
687 2186 829 2252 Sanctus
853 2187 887 2248 in
905 2184 966 2250 illa
981 2186 1132 2250 oratione
1148 2191 1373 2262 enumeratus,
1391 2205 1491 2270 quum
1510 2183 1656 2254 officium

431 2296 502 2358 eius
527 2294 753 2360 celebrabitur
779 2292 831 2358 vel
857 2294 1134 2358 commemoratio:
1159 2293 1201 2358 ad
1225 2312 1346 2358 nomen
1369 2298 1486 2358 autem·
1504 2294 1581 2362 Iesu
1597 2315 1659 2362 oa·-

432 2409 492 2485 put
514 2421 632 2468 versus
663 2401 803 2466 Crucem
835 2400 1017 2466 inclinabit.
1052 2398 1208 2487 Inspiciet
1238 2406 1350 2466 autem
1384 2399 1515 2485 quando
1546 2403 1658 2468 oratio

430 2508 599 2593 praedicta
622 2510 757 2594 propria
780 2509 845 2573 erit
867 2508 945 2574 festi
969 2514 1003 2573 et
1026 2528 1086 2593 pro
1110 2514 1238 2584 octava,
1257 2514 1294 2573 ut
1311 2513 1448 2574 notatur
1464 2509 1497 2572 in
1515 2509 1657 2576 Miasali.

379 2601 381 2606 ¹
520 2617 573 2682 82.
599 2616 650 2682 Ad
673 2616 922 2683 conclusionem
945 2617 1044 2682 huius
1069 2617 1229 2682 orationis
1261 2617 1334 2684 Por
1364 2617 1525 2684 eumdem
1557 2617 1663 2686 Citri-

432 2732 527 2793 stam
549 2731 612 2790 etc.
637 2725 716 2808 quin
740 2729 840 2809 caput
864 2723 1012 2800 inclinet,
1036 2722 1173 2790 claudet
1195 2723 1235 2789 de
1259 2743 1351 2789 more
1374 2742 1492 2790 manue
1519 2728 1660 2792 etanta

434 2837 550 2918 pectus
574 2852 630 2898 eas
654 2832 779 2916 iunget.

523 2939 575 3003 83.
600 2938 752 3005 Alteram
776 2937 894 3003 deinde
917 2939 1050 3023 incipiet
1076 2941 1258 3006 orationem
1287 2936 1391 3005 Hanc
1420 2937 1531 3023 icitur
1565 2937 1662 3006 obla·

436 3048 561 3113 tioaem
584 3053 646 3113 etc.
672 3068 768 3132 quam
793 3046 938 3111 recitans
962 3045 1129 3130 expandet
1153 3065 1252 3131 super
1276 3045 1392 3114 oblata
1412 3065 1540 3122 manus,
1570 3045 1662 3114 vide-

435 3156 516 3219 licet
539 3153 706 3241 disiungat
729 3176 784 3221 eas
809 3176 851 3220 ex
874 3137 969 3241 parte
986 3154 1164 3240 digitorum
1181 3155 1356 3230 minorum,
1373 3152 1570 3238 easdemque
1587 3154 1663 3246 iun-

434 3269 507 3329 ctas
531 3270 647 3328 tenens
672 3268 834 3348 exparte
857 3262 1026 3348 pollicum,
1052 3263 1106 3346 qui
1131 3283 1173 3327 ex
1197 3267 1292 3347 parte
1316 3262 1488 3347 superiori,
1514 3279 1582 3326 non
1611 3263 1663 3328 in-

436 3372 551 3436 feriori
577 3377 677 3437 erunt
700 3371 741 3436 ad
765 3372 906 3436 invicem
930 3371 1183 3456 superimpositi,
1215 3368 1335 3435 efficiet
1358 3376 1396 3435 ut
1425 3369 1661 3436 extremitates

436 3479 618 3564 digitorum
641 3480 834 3565 pertingant
857 3477 898 3542 ad
922 3477 1060 3543 mediam
1078 3476 1212 3563 pallam,
1225 3479 1304 3560 quin
1320 3482 1431 3542 tamen
1453 3495 1525 3541 eam
1545 3475 1662 3562 digitis

435 3594 563 3672 tangat,
588 3595 688 3672 atque
712 3589 758 3653 ita
781 3592 815 3651 et
838 3584 895 3652 fiet
922 3585 1082 3670 expansio
1109 3605 1265 3650 manuum
1297 3591 1330 3649 et
1361 3590 1509 3670 tempore
1540 3583 1662 3650 eodem

437 3696 605 3781 praedicta
628 3697 736 3761 oratio
759 3696 945 3780 incipietur.
970 3693 1268 3759 Animadvertatur
1283 3698 1395 3758 autem
1411 3691 1498 3776 quod
1515 3693 1548 3757 in
1570 3699 1663 3760 octa-

436 3807 486 3870 ris
511 3805 659 3869 Paschae
683 3813 717 3869 et
739 3805 956 3869 Pentecostes
980 3803 1087 3868 oratio
1110 3801 1214 3868 Hanc
1230 3801 1348 3886 ,ἱρέων
1370 3801 1504 3886 propria
1526 3807 1589 3866 est.

524 3914 576 3976 84.
601 3911 652 3976 Ad
668 3911 917 3976 conclusionem
931 3910 1003 3976 Per
1022 3911 1201 3977 Christum
1218 3910 1389 3977 Dominus
1405 3914 1569 3976 nostrum
1584 3909 1660 3976 sine

437 4020 508 4085 ulla
531 4019 646 4103 capitis
671 4018 888 4082 inclinatione
911 4037 1027 4083 manus
1055 4019 1176 4083 iterum
1208 4019 1324 4102 iunget
1355 4023 1389 4082 et
1420 4017 1545 4082 reseret
1577 4025 1661 4085 ante

435 4135 561 4212 pectus:
587 4124 793 4190 continuabit
820 4123 931 4196 Quam
953 4124 1161 4193 oblationem
1184 4144 1287 4210 usque
1310 4123 1352 4189 ad
1379 4124 1517 4191 verbum
1549 4125 1661 4193 Bene·

437 4236 575 4302 dictam.
601 4232 687 4317 quod
710 4233 883 4316 proterens
907 4236 1053 4319 imponet
1070 4233 1180 4297 Altari
1197 4234 1366 4299 sinistram
1384 4240 1518 4318 tresque
1535 4230 1661 4300 efficiet

438 4341 561 4406 Cruces
585 4360 774 4406 communes
799 4361 899 4425 super
916 4340 1039 4406 Oblata
1056 4342 1192 4426 primam
1208 4341 1249 4406 ad
1265 4340 1402 4406 verbum
1420 4341 1658 4418 benedictam,

437 4447 578 4511 alteram
601 4448 642 4513 ad
665 4448 892 4531 adscriptam
914 4449 1047 4512 tertiam
1072 4447 1113 4512 ad
1135 4447 1274 4524 Remota
1291 4447 1404 4515 dicens
1420 4457 1531 4514 autem
1553 4451 1662 4517 ratio-

438 4554 588 4622 nabilem
610 4557 926 4642 acceptabilemque
948 4559 1068 4639 facerc
1090 4558 1259 4640 dipaeris,
1277 4578 1318 4624 ne
1335 4578 1466 4624 manum
1483 4557 1661 4630 dexteram
