4175 5717
518 663 560 725 44
985 680 1051 733 me.
1074 683 1094 732 1.

518 789 593 855 357.
619 790 701 855 Dum
724 787 914 856 cantabitur
937 791 1097 877 Epistola,
1122 791 1289 859 Graduale
1313 800 1347 860 et
1370 789 1549 880 Sequentia
1566 810 1645 861 con·

432 896 559 963 sidebit.

517 1007 592 1071 358.
618 1005 724 1072 Stabit
746 1005 852 1072 donec
874 1013 1014 1072 canetur
1032 1007 1263 1093 Evangelium,
1280 1008 1452 1076 Dominus
1467 1008 1645 1077 vobiboum

433 1120 467 1179 et
493 1113 640 1180 menes
663 1120 741 1178 ante
764 1111 979 1180 offertorium.
1212 1180 1214 1185 ,

518 1223 593 1287 359.
619 1221 752 1288 Sedebit
774 1223 814 1287 ab
838 1219 1007 1289 offertorio
1029 1241 1135 1307 usque
1156 1222 1235 1288 dum
1258 1229 1399 1290 canetur
1427 1224 1499 1292 Per
1528 1225 1646 1294 mania

431 1333 573 1396 ‚soeculo
596 1337 659 1396 etc.
683 1337 761 1396 ante
784 1331 1033 1417 praefationem.

519 1438 594 1503 360.
620 1437 857 1524 Si.Episcopus
881 1439 1002 1504 Missae
1025 1439 1180 1503 intererit
1204 1437 1338 1504 indutus
1354 1438 1507 1524 pluviali,
1526 1439 1650 1521 Glerus·

429 1553 611 1631 consurget
633 1565 734 1630 quum
750 1547 929 1632 Episcopus
953 1553 1027 1633 post
1050 1542 1256 1611 offertorium
1279 1547 1512 1612 incensabitur.

517 1653 592 1719 361.
616 1653 799 1738 Consurget
826 1652 879 1718 ubi
903 1653 1065 1738 praefatio
1087 1653 1276 1719 cantabitur
1298 1660 1332 1718 et
1355 1637 1457 1718 stabit
1479 1674 1582 1739 usque
1602 1653 1643 1720 ad

431 1763 660 1826 recitationem
684 1762 835 1846 Trisagii.
1128 1847 1130 1852 .

517 1867 591 1932 362.
624 1866 749 1932 Deinde
782 1867 954 1933 submittet
986 1887 1096 1953 genua
1129 1876 1163 1934 et
1196 1868 1334 1954 genibus
1369 1864 1464 1934 flexis
1499 1868 1646 1936 manebit

431 1974 612 2058 usquedum
637 1974 826 2040 cantabitur
850 1974 931 2040 Pac
955 1975 1097 2041 Domini
1118 1981 1181 2040 etc.
1244 2025 1246 2028 ,
1423 1982 1428 1993 “

518 2082 592 2148 363.
618 2082 804 2167 Consurget
827 2081 944 2147 deinde
959 2089 1059 2168 atque
1084 2083 1243 2167 usquead
1260 2085 1540 2149 consumationem
1563 2084 1651 2151 cali-

431 2191 478 2253 ois
502 2191 612 2255 stabit.

518 2297 592 2362 364.
617 2297 750 2363 Sedebit
772 2303 846 2383 post
872 2300 1145 2375 communionem,
1169 2298 1226 2364 sed
1258 2305 1438 2384 consurget
1467 2319 1507 2363 ac
1538 2319 1648 2383 genu·

431 2402 543 2470 flectet
566 2426 683 2470 versus
708 2406 905 2492 Episcopum
928 2404 969 2470 de
992 2406 1113 2471 throno
1136 2405 1177 2471 ad
1200 2406 1310 2471 altare
1337 2404 1602 2471 descendentem.

517 2513 591 2577 365.
616 2512 869 2578 Geniculabitur
892 2511 933 2577 ad
957 2514 1141 2578 orationem
1167 2514 1459 2581 Postcommunio.

517 2621 591 2685 366.
618 2621 804 2705 Consurget
838 2623 1023 2705 iterumque
1054 2618 1254 2707 genuflectet
1288 2642 1405 2686 versus
1436 2621 1648 2705 Episcopum,

429 2730 483 2811 qui
509 2728 548 2792 de
571 2727 683 2792 Altari
707 2733 898 2793 revertetur
921 2727 961 2792 ad
987 2728 1157 2793 thronum.

519 2835 594 2900 367.
620 2833 669 2900 Ad
692 2836 818 2899 exitum
842 2855 923 2900 vero
947 2836 1067 2901 Missae
1090 2836 1199 2901 stabit.

829 3057 860 3127 ,S
880 3052 933 3117 32.
958 3052 1009 3116 De
1024 3051 1249 3118 absolutione..

518 3271 592 3333 :MS
617 3271 651 3335 Si
676 3270 858 3354 Episcopus
881 3268 1015 3331 Missam
1039 3268 1238 3342 cantaverit,
1266 3267 1385 3332 Glerus
1414 3267 1513 3332 stabit
1543 3267 1649 3332 donec

432 3378 622 3463 Episcopus,
640 3376 795 3463 depositis
819 3376 1019 3461 paramentis
1044 3375 1241 3444 missalibus.
1259 3376 1398 3460 pluviali
1423 3383 1456 3440 et
1480 3377 1578 3440 mitra
1602 3377 1651 3439 in·

431 3485 530 3550 «lutus
555 3485 668 3550 fuerit.

518 3593 593 3658 369.
619 3592 652 3658 Si
677 3593 857 3678 Episcopus
886 3593 1019 3658 Missam
1050 3613 1115 3656 non
1147 3592 1380 3665 celebraverit,
1406 3590 1504 3656 stabit
1529 3590 1649 3656 Clerus

431 3700 534 3764 donec
559 3699 739 3765 Celebrans
763 3720 837 3764 cum
861 3700 1022 3765 Ministris
1046 3699 1086 3765 ab
1110 3700 1221 3774 Alteri
1245 3697 1445 3763 discesserit.

519 3808 594 3872 370.
620 3805 653 3871 Si
677 3804 734 3871 liet
749 3806 915 3871 absolutio
931 3827 1031 3894 super
1048 3806 1200 3871 lecticam
1217 3807 1286 3870 sive
1303 3805 1468 3870 tumulum
1492 3812 1569 3876 anic
1592 3803 1651 3868 lll-
1720 3845 1726 3852 -

433 3929 504 3980 tare
528 3916 680 4000 positum,
706 3934 805 3997 quum
830 3914 1011 3999 Episcopus
1035 3916 1068 3978 in
1092 3914 1214 3979 throno
1238 3913 1370 3989 sederit,
1396 3913 1513 3978 Oleros
1538 3915 1650 3978 consi-

433 4023 522 4088 debit
545 4022 622 4088 dum
646 4021 836 4086 cantabitur
859 4031 893 4101 m.
919 4021 1046 4088 Libera
1070 4042 1135 4097 me,
1154 4022 1298 4088 Domine
1321 4031 1383 4085 etc.

520 4130 594 4193 371.
621 4129 807 4212 consurget
834 4127 911 4193 dum
938 4136 1012 4214 post
1044 4130 1287 4215 responsorium
1319 4134 1458 4192 canetur
1481 4126 1592 4212 Kyrie
1615 4137 1648 4191 et

432 4238 531 4302 stabit
563 4257 664 4321 usque
694 4235 734 4300 ad
769 4237 896 4300 exitum
927 4236 1154 4310 absolutionis,
1180 4256 1307 4299 necnon
1329 4255 1439 4319 ,quum
1469 4234 1650 4319 Episcopus

432 4352 624 4428 paramenta
647 4344 798 4412 dimittet.
823 4345 850 4407 si
873 4343 1114 4407 absolutionem
1138 4345 1315 4428 peregerit.

519 4452 593 4515 372.
620 4453 654 4514 ln
679 4450 826 4515 discesso
851 4450 1002 4536 Episcopi
1019 4451 1059 4514 ab
1077 4450 1238 4523 Ecclesia,
1256 4449 1287 4513 id
1305 4450 1537 4514 observabitur
1561 4449 1648 4532 ‹puird

433 4560 472 4623 de
501 4561 653 4644 Vesperis
678 4573 709 4624 et
734 4560 775 4623 de
800 4559 899 4621 Missa
918 4556 1097 4642 pontificali
1116 4557 1295 4620 docuimus.
