4175 5717
964 731 1036 785 car.
1061 730 1121 781 vu.
1515 712 1562 784 91

436 833 558 905 redibit
572 841 604 905 in
621 840 804 904 sacrarium
821 838 862 905 ad
878 838 1107 926 deponendum
1123 839 1219 918 illud,
1232 861 1292 906 suo
1309 860 1446 906 munere
1468 844 1532 906 iam
1548 841 1648 929 plane

436 946 585 1012 functus.

527 1054 599 1119 121.
624 1054 658 1120 Si
682 1053 768 1138 quod
799 1056 829 1120 ei
859 1055 1067 1120 commissum
1098 1056 1164 1120 erit
1194 1056 1227 1120 in
1258 1054 1415 1121 Mandato
1444 1074 1504 1121 seu
1530 1054 1648 1141 pedum

432 1161 562 1226 lotione
573 1161 803 1248 supplendum,
818 1160 937 1227 redibit
951 1159 1038 1247 apud
1050 1160 1198 1239 abacum,
1214 1162 1269 1228 vel
1283 1162 1382 1228 Claro
1394 1182 1467 1228 sese
1479 1161 1647 1248 adiunget.

700 1377 732 1459 g.
760 1375 810 1440 15.
835 1374 878 1442 In
902 1375 1009 1442 Faria
1038 1375 1097 1441 VI.
1116 1377 1154 1443 ia
1177 1375 1386 1444 Parasceoe.

526 1590 597 1656 122.
623 1590 743 1656 Thuris
769 1612 848 1656 usus
872 1592 905 1655 in
929 1591 1027 1656 huius
1051 1591 1114 1658 diei
1137 1592 1308 1658 iunctione
1331 1590 1392 1656 sub
1420 1590 1517 1679 flnem
1547 1590 1648 1676 ipsius

431 1697 696 1782 praescribetur.

527 1804 597 1871 123.
622 1803 749 1869 Idcirco
772 1804 839 1870 bini
866 1804 1074 1871 thuriferarii
1105 1813 1245 1891 pergent
1267 1806 1302 1869 in
1326 1805 1465 1871 chorum
1487 1804 1529 1870 ad
1552 1824 1649 1870 suum

428 1911 583 1989 stallum,
608 1910 695 1977 unde
718 1932 784 1977 non
809 1912 900 1998 prius
923 1911 1104 1989 discedent,
1128 1933 1225 1996 quam
1248 1932 1348 1997 quum
1366 1911 1481 1977 Crucis
1500 1910 1650 1976 adoratio
1756 1975 1758 1980 .

430 2020 500 2083 erit
523 2017 736 2084 absolvenda.

528 2126 598 2191 124.
623 2126 737 2209 Itaque
761 2125 801 2192 de
824 2125 927 2192 stallo
950 2125 1125 2203 excedent,
1142 2133 1177 2193 et
1192 2129 1272 2211 quin
1287 2127 1485 2213 abrumpant
1501 2124 1650 2191 ordinem

401 2231 405 2236 ’
429 2233 582 2309 illorum,
606 2234 661 2316 qui
686 2233 827 2299 Crucem
842 2232 1017 2299 adoratum
1034 2234 1137 2311 ibunt,
1154 2232 1421 2320 genuflexionem
1437 2253 1555 2300 versus
1572 2232 1653 2298 Oru-

429 2360 506 2406 cem
531 2341 632 2425 ipsam
657 2338 813 2406 efficient.
1447 2421 1450 2427 Ι

526 2447 599 2512 125.
624 2446 732 2522 Quum
755 2449 789 2513 in
812 2449 996 2514 sacrarium
1013 2450 1177 2526 venerint,
1195 2455 1328 2515 sument
1342 2448 1551 2515 thuribulum
1574 2465 1650 2512 cum

430 2554 601 2632 navicula,
619 2575 784 2640 quumque
806 2561 1029 2641 perventurus
1054 2558 1118 2622 erit
1142 2557 1261 2623 Oleros
1284 2556 1326 2623 ad
1350 2556 1522 2634 sacellum,
1535 2557 1569 2620 in
1586 2573 1651 2640 quo

429 2664 622 2748 expositum
645 2664 710 2728 erit
734 2661 790 2728 SS.
816 2662 1078 2742 Sacramentum,
1102 2662 1142 2728 ad
1173 2665 1279 2749 ipsum
1308 2663 1472 2729 sacellum
1498 2669 1651 2749 pergent,

430 2766 702 2856 genuflexionem
726 2768 891 2856 duplicem
914 2772 948 2836 in
972 2770 1078 2836 medio
1101 2769 1245 2837 efficient
1274 2777 1354 2838 ante
1381 2771 1509 2848 Altare,
1534 2767 1652 2835 deinde

431 2884 565 2942 stantes
589 2897 705 2942 versus
730 2876 901 2962 Epistulae
924 2878 1014 2942 latus
1038 2878 1231 2944 subsistent.

529 2984 600 3049 126.
625 2985 804 3067 Postquam
829 2984 1009 3050 Celebrans
1026 2985 1177 3070 paullum
1193 2989 1350 3063 oraverit,
1367 2992 1402 3052 et
1416 2989 1534 3072 aperta
1549 2984 1653 3050 fuerit

431 3092 598 3171 custodia,
623 3095 656 3157 in
687 3113 752 3177 qua
780 3101 974 3159 asservatur
1006 3093 1063 3159 SS.
1090 3093 1350 3171 Sacramentum,
1376 3093 1584 3159 thuriferarii
1612 3090 1652 3155 ad

433 3202 558 3267 Altare
582 3199 751 3267 accedent.

530 3308 601 3377 127.
627 3309 808 3375 Celebrans
832 3314 866 3373 et
889 3309 1054 3373 Diaconos
1078 3316 1291 3394 consurgent.
1318 3307 1568 3373 Thuriferarius
1592 3307 1656 3391 pri·

434 3437 511 3481 mus
535 3414 643 3480 tradet
668 3416 856 3481 naviculam
881 3416 1025 3482 Diacono
1048 3437 1087 3481 ac
1110 3415 1320 3481 thuribulum
1350 3421 1501 3501 apertum
1524 3414 1654 3479 obiiciet

435 3522 641 3599 Celebranti‚
666 3524 722 3607 qui
746 3523 823 3587 thus
848 3526 880 3588 iu
905 3522 990 3588 illud
1013 3526 1084 3588 siue
1109 3522 1337 3589 benedictione
1360 3524 1523 3588 immitti.

531 3630 602 3695 128.
627 3631 762 3696 Interim
778 3631 867 3695 alter
882 3631 1120 3696 thuriferarius
1137 3630 1325 3696 naviculam
1342 3650 1435 3696 suam
1450 3629 1562 3696 tradet
1579 3629 1655 3694 Cae

439 3739 653 3805 remoniario.

533 3845 604 3910 129.
629 3846 741 3910 Thure
765 3847 798 3909 in
822 3847 961 3930 primum
985 3845 1194 3910 thuribulum
1211 3848 1363 3924 immisso,
1381 3845 1515 3912 recedet
1531 3846 1654 3931 primus

438 3954 679 4021 thuriferarius
704 3961 738 4017 et
761 3954 916 4019 succedet
939 3954 1036 4029 alter,
1062 3956 1117 4037 qui
1148 3956 1274 4039 pariter
1301 3956 1433 4021 obiiciet
1464 3952 1654 4020 Celebrauti

440 4061 662 4130 thuribulum.
693 4068 791 4144 atque
826 4062 879 4126 hic
914 4062 1084 4126 incensum
1121 4064 1274 4127 immittet
1309 4063 1404 4127 nulla
1438 4063 1526 4127 11011
1560 4060 1656 4124 bene·

440 4170 599 4234 dictione.

535 4277 606 4341 1311.
632 4276 712 4340 Reor
722 4275 777 4339 det
793 4274 957 4339 secundus
973 4276 1223 4352 thuriferarius,
1238 4277 1425 4342 nauiculam
1438 4295 1529 4340 suam
1546 4294 1564 4336 a
1579 4273 1656 4338 an-

442 4385 642 4449 remoniaric
666 4384 813 4467 attipiet,
840 4382 946 4465 ibique
971 4384 1108 4447 seorsim
1133 4383 1285 4448 manebit.

535 4491 605 4555 131.
632 4491 725 4554 Tunc
748 4488 885 4553 accedet
907 4488 948 4552 ad
972 4489 1090 4554 Altare
1118 4492 1242 4574 primus
1274 4490 1522 4565 thuriferarius,
1547 4485 1658 4552 tradet

442 4599 652 4663 thuribulum
678 4596 1251 4671 Ο1010110111110,11101111001011
1279 4599 1441 4661 Diaconos
1467 4594 1656 4660 Celebrauti

442 4709 496 4789 qui
525 4706 580 4771 SS.
607 4707 856 4770 Sacramentum
882 4704 1077 4767 incensabit..
