4175 5717
523 683 585 747 leo
984 701 1050 748 me.
1073 701 1095 746 1.

429 807 576 884 leoderii,
601 809 733 874 tertiam
758 809 893 893 primns,
917 808 972 890 qui
994 808 1100 892 primo
1130 805 1290 871 subsellio
1320 806 1448 872 sedebit
1477 827 1519 873 ex
1550 814 1646 894 parte

432 918 583 992 adverse,
600 922 753 1000 quartam
777 914 954 990 secundus,
971 916 1025 999 qui
1049 935 1069 979 a
1091 914 1199 980 latere
1222 916 1287 980 erit
1310 915 1401 981 illius
1424 917 1479 999 qui
1503 919 1650 984 intonuit

434 1024 622 1100 secundam,
647 1024 795 1107 quintam
818 1023 959 1107 denique
983 1022 1042 1087 ille
1066 1025 1122 1107 qui
1146 1022 1254 1087 aderit
1283 1042 1385 1111 prope
1408 1044 1483 1090 eum
1506 1026 1561 1109 qui
1585 1030 1652 1091 ter·

433 1136 512 1199 tiam
536 1131 729 1198 intonuerit.

525 1241 575 1306 19.
600 1237 877 1305 Animadvertant
907 1239 1132 1324 pluuialistae‚
1165 1246 1202 1305 ut
1235 1239 1394 1325 detegant
1426 1241 1654 1326 inclinentque

434 1355 536 1436 capnt
558 1347 599 1413 ad
622 1352 655 1421 t.
682 1347 803 1414 Gloria
827 1348 931 1414 Patri
951 1352 1014 1413 etc.
1039 1348 1137 1412 etad
1161 1348 1263 1413 rerba
1288 1347 1338 1416 Sit
1362 1367 1488 1415 conten
1511 1349 1653 1416 Domini

430 1457 652 1550 'benedictum
677 1458 709 1520 in
732 1454 860 1541 psalmo
884 1455 1044 1522 Laudate
1063 1457 1181 1539 poert,
1205 1458 1230 1520 si
1255 1456 1455 1521 cantabitur.

524 1565 576 1630 20.
601 1565 681 1630 Post
715 1565 859 1648 quinque
893 1569 1044 1629 cantatos
1074 1563 1218 1648 psalmos
1252 1565 1312 1628 snb
1344 1563 1440 1628 finem
1471 1566 1651 1648 repetionis

435 1674 569 1756 quintae
591 1671 802 1757 antiphonae,
827 1691 924 1755 quam
947 1677 1158 1754 exequentur
1180 1676 1344 1747 cantores,
1370 1670 1425 1735 uel
1456 1672 1651 1738 sonantibus

435 1782 577 1867 organis,
602 1785 807 1863 consurgent
837 1781 947 1856 simul,
971 1778 1153 1864 procedent
1183 1785 1262 1842 ante
1294 1778 1413 1843 Altare
1442 1784 1477 1843 et
1507 1777 1652 1865 genufle-

436 1892 569 1953 xionem
593 1885 745 1951 efficient.
770 1887 957 1952 Advertent
980 1893 1090 1951 autem
1115 1893 1151 1951 nt
1174 1906 1262 1971 genu
1287 1884 1423 1952 flectant
1446 1890 1545 1952 etiam
1575 1907 1649 1952 cum

436 1997 590 2082 acolytis.

522 2103 575 2168 21.
600 2101 724 2166 Deinde
740 2102 907 2187 progressi
923 2109 1001 2167 ante
1019 2101 1261 2178 Celebrantem,
1280 2105 1470 2168 reverentia
1485 2123 1559 2167 eum
1579 2122 1653 2188 pro·

437 2217 629 2295 sequentur,
654 2216 745 2274 etse
769 2210 889 2274 sistent
914 2216 992 2273 ante
1022 2211 1128 2293 ipsum
1160 2209 1273 2274 eodem
1304 2210 1419 2275 ordine
1443 2230 1507 2294 quo
1530 2212 1562 2275 in
1588 2211 1653 2275 Ve-

436 2338 608 2405 sperarum
633 2319 737 2391 initio,
761 2316 942 2382 secundum
967 2318 1161 2401 positionem
1185 2319 1310 2382 scamni
1334 2323 1368 2383 et
1390 2317 1528 2383 Altaris.

524 2425 578 2490 ⁴22.
602 2425 711 2500 Quum
728 2424 909 2490 Celebrans
927 2424 1116 2509 Capitulum
1131 2427 1300 2490 cecinerit:
1318 2427 1442 2511 primus
1458 2425 1653 2510 pluvialista

436 2537 466 2600 ei
489 2533 660 2620 praecinet
683 2531 853 2617 hymnum,
878 2550 973 2615 quem
997 2551 1098 2615 quum
1121 2515 1314 2608 intonuerit,
1350 2531 1520 2597 iterabunt
1553 2551 1652 2598 reve-

438 2645 590 2718 rentiam,
614 2641 712 2707 ibnnt
733 2641 773 2706 ad
798 2640 926 2717 Altero,
952 2638 1188 2726 genuflectent,
1213 2639 1421 2716 dirimentur,
1446 2647 1479 2705 et.
1512 2640 1652 2726 gradum

437 2752 587 2818 referent
610 2749 650 2814 ed
675 2748 858 2814 scabellum
881 2769 987 2824 suum,
1012 2749 1067 2812 ubi
1092 2746 1274 2812 consistent
1297 2747 1433 2833 pedibus
1456 2747 1532 2813 dum
1558 2767 1654 2813 cane·

438 2867 495 2924 tur
518 2860 673 2943 hymnus.
698 2855 885 2921 Advertent
909 2861 947 2920 ut
973 2857 1006 2920 in
1036 2856 1101 2920 hoc
1130 2853 1373 2941 gennflexionis
1403 2863 1481 2921 actu
1512 2861 1546 2921 et
1575 2857 1653 2943 ipsis

438 2966 605 3050 acolythis
628 2984 700 3029 sese
724 2962 915 3046 adiungam,
940 2969 978 3027 ut
1001 2965 1154 3048 superius
1179 2965 1375 3028 monuimus.
1535 2961 1538 2970 “

526 3074 580 3139 23.
605 3073 673 3139 Sub
696 3071 793 3137 flnem
818 3072 942 3157 hymni,
968 3071 1053 3137 idest
1076 3060 1124 3136 ad
1141 3072 1291 3136 ultimam
1315 3071 1495 3157 strophem,
1519 3073 1553 3136 in
1589 3092 1654 3156 qua

439 3181 494 3248 SS.
521 3182 665 3245 Trinitas
690 3181 874 3256 invocatur,
898 3185 998 3264 ceput
1021 3179 1241 3245 inclinabunt.

526 3290 579 3352 24.
606 3288 638 3353 Si
663 3295 807 3370 quatuor
830 3287 885 3352 vel
910 3307 969 3352 sex
1004 3293 1106 3352 erunt
1136 3286 1361 3372 pluvialistae‚
1398 3288 1556 3372 postremi
1589 3286 1655 3352 duo

440 3397 500 3463 sub
525 3396 640 3481 hymni
664 3396 790 3460 exitum
814 3395 937 3460 vadent
960 3401 1038 3460 ante
1062 3395 1180 3460 liltore
1203 3396 1322 3461 debitis
1346 3402 1479 3460 utentes
1503 3393 1656 3480 genufle-

441 3503 604 3574 xionibus,
629 3507 664 3567 et
686 3522 819 3566 versum
844 3503 1026 3569 cantabunt
1051 3510 1125 3590 post
1152 3503 1323 3589 hymnum.
1356 3504 1390 3569 Si
1424 3503 1489 3568 dno
1523 3509 1654 3568 tantum

439 3611 575 3685 fuerint,
600 3615 742 3674 canetur
764 3629 881 3675 versus
904 3630 924 3674 a
948 3610 1139 3675 cantoribus
1164 3611 1407 3698 superpelliceo
1438 3610 1570 3686 indutie,
1598 3612 1655 3694 qui

440 3719 583 3806 psalmos
608 3720 826 3783 intonuerint.

527 3826 579 3889 25.
605 3824 806 3890 Pluvialista
828 3827 953 3910 primus
977 3834 1052 3912 post
1068 3832 1237 3893 cantatum
1255 3847 1388 3893 versum
1404 3828 1562 3911 procedet
1577 3831 1656 3893 ente

442 3934 672 3998 Celebrantem
707 3935 801 4017 eique
835 3935 1006 4018 praecinet
1039 3936 1252 4021 antiphonam
1286 3936 1406 4000 cantici
1439 3935 1654 4024 Mepnificat,

442 4061 537 4125 quam
562 4040 615 4104 nbi
640 4042 835 4114 intonuerit,
859 4046 1052 4106 revertetur
1075 4042 1115 4106 ad
1139 4044 1251 4107 locum
1275 4063 1381 4107 suum.

529 4147 582 4211 26.
608 4147 715 4222 Quum
739 4155 913 4213 cantorum
937 4147 1059 4213 chorus
1084 4149 1231 4214 cantabit
1254 4150 1467 4235 antiphonam
1484 4159 1561 4217 ante
1578 4151 1656 4217 Ma-

439 4257 593 4341 pm'ptout,
618 4255 830 4340 pluviallstae
854 4253 1014 4319 sedebunt
1039 4257 1072 4319 in
1097 4276 1158 4320 suo
1181 4276 1314 4321 scamno
1338 4260 1444 4343 capite
1468 4266 1568 4325 tecto.

530 4362 582 4426 27.
608 4364 660 4427 An
684 4363 922 4427 intonationem
947 4363 1163 4450 Mopnificat
1179 4384 1262 4447 quae
1286 4363 1343 4431 fiet
1358 4388 1377 4431 a
1391 4368 1583 4433 cantoribus
1605 4389 1658 4432 su·

443 4469 643 4556 perpellicoo
667 4470 800 4545 indutis,
825 4469 1049 4553 pluvialistae,
1066 4472 1172 4556 capite
1188 4471 1328 4546 detecto,
1346 4483 1561 4561 consurgent.
1586 4475 1657 4540 Duo

443 4578 536 4663 primi
575 4577 764 4661 relinquent
796 4575 938 4641 biretum
969 4596 1069 4664 super
1097 4598 1242 4656 scamna
1267 4587 1399 4648 etcum
1423 4582 1498 4648 aliis
1525 4581 1658 4670 pluria-
