4175 5717
988 943 1060 989 (141).
1081 945 1100 987 t.

523 1051 576 1112 aa.
603 1050 722 1114 Postea
745 1051 889 1115 clericus
913 1049 1079 1115 secundus
1095 1059 1268 1136 accepturu
1286 1038 1531 1118 illuribuluma
1547 1057 1652 1138 primo

433 1153 525 1220 dabit
548 1156 748 1233 Celebrauti,
773 1160 828 1242 qui
851 1158 983 1224 uullum
1011 1158 1185 1243 profereus
1218 1159 1355 1224 verbum
1390 1160 1536 1225 adolebit
1571 1182 1649 1226 cao-

432 1261 527 1330 delas
550 1265 664 1330 eodem
681 1265 776 1330 modo
792 1287 832 1331 ac
847 1268 1038 1351 asperserit,
1055 1275 1089 1330 et
1104 1267 1313 1332 thuribulum
1330 1271 1487 1333 restituet
1503 1269 1650 1334 secundo

434 1371 570 1442 clerico,
595 1373 649 1437 bic
671 1379 783 1438 autem
807 1375 922 1458 primo.

523 1479 577 1544 37.
602 1480 733 1545 Primus
755 1501 794 1544 ac
826 1484 944 1545 tertius
977 1481 1121 1546 clericus
1158 1481 1309 1546 redibunt
1343 1482 1382 1546 ad
1415 1483 1562 1554 abacum,
1597 1484 1649 1546 ubi

432 1583 600 1671 deponent
624 1588 798 1653 vasculum
821 1597 856 1653 et
879 1588 1088 1654 thnribulum
1113 1589 1221 1673 ibique
1244 1597 1372 1654 stantes
1396 1591 1586 1655 mauebuut..

525 1695 580 1760 38.
612 1695 784 1762 Secundus
818 1696 973 1771 clericus,
1008 1697 1116 1762 bireto
1148 1695 1356 1763 Celebrautis
1388 1717 1431 1763 ex
1466 1697 1568 1763 abaco
1603 1717 1653 1762 re·

433 1807 567 1887 sumpto
592 1801 634 1868 ad
657 1804 827 1868 sinistram
850 1803 943 1868 illius
967 1801 1097 1868 redibit.

524 1909 578 1976 39.
605 1910 787 1976 Celebraus
809 1913 921 1977 veniet
937 1909 977 1975 ad
994 1910 1137 1976 medium
1155 1912 1293 1987 Altaria,
1312 1914 1534 1978 reverentiam
1551 1912 1652 1977 faciet

433 2016 477 2084 ad
498 2017 650 2092 Crucem,
675 2024 746 2084 tum
769 2018 896 2084 sedebit
919 2019 951 2083 in
975 2040 1109 2084 scamno
1133 2041 1190 2085 seu
1208 2020 1356 2085 scabello
1373 2022 1405 2087 iu
1422 2041 1528 2086 cornu
1545 2020 1652 2084 Evau-

433 2125 524 2211 gelii,
547 2126 695 2191 humeris
724 2124 765 2190 ad
800 2125 919 2191 Altare
954 2128 1069 2202 versis,
1100 2126 1244 2193 biretum
1279 2129 1420 2213 accipiet
1450 2149 1470 2191 a
1505 2125 1650 2192 secundo

435 2233 560 2298 clerico
584 2239 618 2299 et
641 2243 742 2320 caput
764 2237 942 2320 cooperiet.

523 2343 576 2406 40.
601 2340 752 2408 Clericus
775 2339 939 2406 secundus
964 2340 1003 2405 de
1029 2342 1139 2407 Alteri
1164 2341 1341 2408 descendet
1364 2349 1398 2407 et.
1428 2342 1584 2406 subsistet
1619 2343 1650 2405 in

433 2447 536 2536 plano
557 2469 579 2514 a
600 2449 709 2514 latere
732 2449 918 2534 Evangelii,
943 2450 1027 2515 facie
1051 2449 1092 2515 ad
1116 2450 1254 2515 abacum
1279 2470 1387 2515 versa.

524 2558 577 2622 41.
609 2556 790 2623 Celebrans
820 2558 1032 2622 convenienti
1067 2577 1219 2622 sermone
1255 2557 1412 2643 populum
1447 2556 1579 2621 docebit
1612 2555 1653 2619 de

433 2666 644 2732 institutione
667 2665 766 2730 huius
789 2665 1020 2740 solemnitatis,
1046 2663 1086 2729 de
1110 2666 1277 2750 mysteriis
1301 2672 1335 2728 et.
1358 2663 1398 2728 de
1415 2664 1562 2729 utilitate
1578 2683 1653 2729 can·

433 2765 587 2838 delarum
602 2771 861 2847 benedictarum,
874 2777 912 2836 ut
923 2773 1088 2857 accipiant
1100 2780 1134 2836 et¹
1152 2779 1291 2837 utantur
1307 2771 1428 2837 eisdem
1445 2779 1652 2836 reverenter.

523 2880 577 2945 42.
602 2879 761 2946 Sermone
792 2880 959 2955 absoluto,
990 2879 1171 2945 Celebraus
1202 2881 1309 2964 capite
1342 2878 1473 2944 detecto
1507 2879 1651 2942 biretum

434 2988 543 3054 tradet
578 2987 723 3054 secundo
757 2987 890 3059 clerico,
922 2989 977 3071 qui
1012 2986 1196 3052 scabellum
1232 2986 1327 3051 tollet
1365 2986 1405 3051 de
1441 2984 1652 3071 suppedaneo

435 3094 564 3160 Altaris
588 3109 623 3160 et
646 3101 746 3180 ponet
769 3096 804 3159 in
827 3095 928 3181 plano
951 3115 971 3159 a
994 3094 1101 3160 latere
1127 3095 1312 3179 Evangelii.

524 3204 578 3268 43.
603 3202 754 3268 Clericus
778 3203 901 3288 primus
926 3211 1034 3267 sumet
1057 3222 1100 3267 ex
1123 3202 1225 3268 abaco
1248 3201 1420 3267 caudelam
1442 3199 1653 3267 celebrantis

433 3329 574 3393 eamque
596 3315 699 3394 ponet
721 3310 755 3373 in
777 3308 884 3374 medio
908 3309 1031 3374 Alteri.

524 3418 577 3482 44.
601 3416 792 3492 Celebrans,
816 3417 906 3481 facta
929 3414 970 3480 ad
995 3417 1134 3482 Crucem
1166 3418 1363 3492 reverentia,
1399 3435 1509 3500 genua
1540 3412 1652 3480 flectet

432 3526 469 3590 in
494 3524 713 3610 suppedaneo,
745 3526 884 3609 accipiet
914 3523 1087 3589 candelam
1121 3545 1223 3598 suam,
1247 3545 1344 3608 quam
1379 3523 1588 3589 osculabitur
1620 3533 1649 3587 et

437 3633 551 3702 tradet
574 3635 679 3719 primo
703 3634 838 3699 clerico.

527 3741 579 3806 45.
605 3741 639 3807 Si
664 3740 750 3806 adsit
771 3749 806 3807 et
828 3741 916 3806 alter
947 3740 1118 3817 Sacerdos,
1151 3741 1332 3807 Celebraus
1365 3740 1467 3806 stabit
1498 3740 1583 3805 facie
1614 3738 1655 3804 ad

434 3848 595 3937 populum
620 3868 726 3913 versa.
752 3848 913 3914 Sacerdos
944 3849 1032 3914 alter
1063 3848 1299 3934 superpellicio
1329 3847 1463 3912 indutus
1499 3847 1556 3913 sed
1580 3849 1651 3911 siue

435 3955 528 4022 stola
550 3963 719 4041 acceptam
750 3954 959 4023 celebrantis
990 3955 1163 4022 candelam
1198 3956 1404 4022 osculabitur
1435 3958 1530 4040 eique
1566 3974 1659 4041 prae-

436 4063 583 4130 sentabit
608 4082 673 4127 non
697 4063 853 4128 osculans
876 4065 949 4129 eius
973 4083 1116 4128 manum.
1142 4063 1324 4129 Celebraus
1359 4062 1531 4129 caudelam
1564 4083 1655 4126 sumu

435 4171 588 4256 accipiet,
612 4169 820 4235 osculabitur
844 4177 878 4235 et
901 4172 1087 4236 committet
1110 4173 1216 4256 primo
1240 4171 1374 4235 clerico.

529 4278 581 4341 46.
606 4276 688 4341 Post
710 4277 793 4341 haec
819 4276 1000 4342 Celebrans
1024 4277 1145 4343 redibit
1168 4277 1209 4344 ad
1234 4278 1368 4343 Missale
1392 4278 1425 4342 iu
1449 4297 1553 4342 cornu
1584 4276 1658 4361 Epi-

438 4382 558 4459 stolae,
583 4383 691 4467 ibique
715 4384 908 4449 alternatim
932 4405 1006 4448 cum
1031 4383 1177 4450 secundo
1204 4405 1243 4450 ac
1274 4386 1375 4449 tertio
1409 4384 1532 4449 clerico
1567 4383 1657 4466 leget

439 4509 524 4556 voce
546 4490 677 4574 aequali
701 4499 736 4555 et
758 4492 849 4556 elata
871 4492 997 4577 antiph.
1023 4490 1160 4560 stamen
1175 4493 1222 4558 ad
1238 4492 1484 4559 revelationem
1501 4496 1563 4555 etc.
1581 4511 1655 4554 rum

439 4599 574 4664 cantico
598 4596 705 4664 Nunc
728 4598 893 4666 dimittis·

532 4706 585 4769 47.
609 4699 741 4771 Primu's
765 4706 908 4773 clericus
932 4709 965 4771 in
988 4716 1142 4794 promptu
1166 4707 1300 4774 habebit
1322 4704 1478 4771 candelas
1503 4703 1660 4772 Sacerdo-

441 4811 545 4882 tibus,
570 4813 596 4878 si
619 4811 772 4889 aderunt,
797 4821 831 4879 et
854 4815 969 4880 clerici
992 4815 1245 4882 distribuendas.

535 4923 586 4985 48.
620 4919 774 5004 Repetite
808 4922 933 5006 ainipb.
965 4925 1101 4990 Lumen
1135 4926 1182 4988 od
1211 4925 1455 4992 renotationem
1487 4935 1549 4990 eto.
1582 4935 1652 5012 post
