4175 5717
534 641 576 706 54
660 709 665 721 ,
997 659 1063 706 nro.
1089 660 1109 706 r.

443 773 615 857 Episcopo,
643 769 864 851 unusquisque
888 766 1008 832 redibit
1031 769 1065 834 in
1097 766 1236 833 medium
1270 767 1430 834 sacellum
1455 776 1486 834 et
1523 767 1580 836 SS.
1604 767 1664 836 Sa·

442 886 613 945 eramento
636 875 760 961 duplici
779 871 1016 960 genuflexione
1039 874 1187 952 adorato,
1212 876 1322 941 locum
1345 895 1443 940 suum
1466 876 1501 941 in
1522 895 1664 963 procea-

444 989 535 1052 sione
559 985 707 1071 recipiet.

530 1092 606 1158 503.
630 1090 691 1157 Ubi
715 1088 756 1154 ad
787 1089 906 1155 Altare
937 1089 1117 1165 maximum
1146 1097 1282 1155 ventum
1307 1091 1382 1167 erit,
1415 1090 1510 1156 nulla
1539 1089 1597 1158 flet
1618 1090 1665 1158 ad

444 1201 563 1267 ,litare
575 1194 774 1283 genuflexio,
787 1196 945 1281 siquidem
964 1196 1084 1263 Clerus
1096 1198 1308 1283 prosequitur
1320 1195 1377 1262 SS.
1396 1196 1663 1276 Sacramentum,

443 1319 478 1373 et
507 1307 700 1393 disponetur
735 1308 769 1370 in
804 1304 952 1370 ordinem
985 1306 1076 1370 circa
1106 1304 1234 1381 Altare,
1266 1306 1294 1369 si
1325 1306 1490 1391 capacitas
1524 1306 1665 1393 presby·

442 1417 519 1479 terii
543 1414 574 1478 id
604 1415 760 1499 patiatur,
793 1411 849 1477 vel
882 1411 1002 1478 redibit
1035 1409 1076 1478 ad
1107 1412 1218 1477 locum
1253 1413 1391 1496 quisque
1423 1432 1520 1478 suum
1550 1411 1664 1497 ibique

441 1518 639 1603 genuflexus
663 1520 807 1585 manebit
840 1540 942 1603 usque
973 1519 1014 1584 ad
1046 1520 1226 1585 functionis
1257 1519 1394 1594 exitum,
1426 1520 1460 1583 in
1490 1538 1555 1602 quo
1585 1519 1665 1606 Epi·

443 1649 561 1712 scopus
585 1627 625 1692 ad
649 1628 807 1692 thronum
830 1634 1031 1693 revertetur.

528 1736 604 1799 504.
630 1735 823 1801 Discedente
847 1735 887 1801 de
910 1735 1022 1800 Altari
1047 1733 1257 1811 Celebrante,
1282 1734 1394 1799 stabit.

527 1844 602 1908 505.
627 1844 664 1907 10
687 1844 882 1908 recitatione
898 1843 1127 1928 Vesperarum
1147 1842 1280 1907 eaedem
1304 1861 1387 1925 quae
1410 1843 1564 1933 superins
1580 1842 1666 1910 assi·

440 1957 588 2033 guantur
611 1949 759 2032 regulae.

799 2168 830 2249 §-
854 2165 907 2231 39.
932 2165 976 2233 la
999 2164 1149 2233 Subbato
1173 2172 1303 2232 sancto.

524 2383 599 2447 500.
625 2383 803 2466 Postquam
835 2381 954 2447 Olenus
986 2383 1163 2447 comitatus
1195 2383 1261 2446 erit
1288 2381 1486 2468 Episcopum
1513 2381 1664 2448 animad-

438 2490 646 2554 versionibus
669 2488 773 2575 pridie
796 2490 930 2566 notatiS,
947 2488 1038 2554 etad
1056 2489 1174 2554 Altare
1191 2490 1369 2553 maximum
1388 2489 1530 2567 venerit,
1558 2509 1663 2556 unus·

435 2599 573 2680 quisque
597 2617 657 2662 suo
680 2597 755 2663 loco
778 2595 1082 2684 adgeniculabitur,
1099 2615 1160 2661 nec
1177 2603 1358 2680 consurget
1381 2597 1443 2662 nisi
1461 2616 1562 2680 quum
1585 2615 1663 2662 sur·

438 2707 566 2769 rexerit
589 2704 782 2791 Episcopus.
908 2699 918 2720 ⁴

523 2811 598 2876 507.
624 2810 731 2886 Quum
755 2811 916 2897 Episcpus
940 2813 974 2875 iu
997 2811 1156 2876 thronum
1180 2810 1379 2888 ascenderit,
1406 2810 1525 2876 clerus
1556 2810 1661 2877 stabit

435 2920 512 2984 dum
536 2923 604 3004 ipse
628 2921 731 2985 sacris
753 2921 955 3004 paramentis
979 2920 1145 2994 induetur,
1171 2918 1435 2984 benedictionem
1466 2919 1544 2983 novi
1568 2920 1658 3002 ignis

434 3050 473 3090 ac
499 3029 607 3091 thuris
631 3024 750 3091 efficiet
772 3032 806 3091 et
829 3047 925 3092 sacra
949 3026 1067 3091 deinde
1092 3029 1291 3091 vestimenta
1313 3026 1467 3091 dimittet.

523 3135 597 3198 508.
623 3135 786 3199 Proiectis
811 3135 851 3199 de
875 3134 1084 3221 presbyterio
1108 3135 1252 3199 Diacono
1278 3153 1317 3198 ac
1341 3132 1549 3199 Subdiacono
1575 3155 1652 3200 cum

435 3243 576 3317 clericis,
602 3243 784 3308 considebit
808 3242 939 3307 Clerus

522 3350 596 3414 500.
623 3350 730 3424 Quum
746 3357 887 3415 canetur
903 3352 1041 3418 Lumen
1057 3351 1189 3418 obriso
1203 3358 1386 3435 consurget
1400 3371 1440 3415 ac
1451 3349 1659 3437 genuflectet

433 3456 550 3521 deinde
573 3478 691 3523 rursus
714 3457 841 3524 sedebit
862 3465 934 3524 tum
957 3460 1065 3544 prima
1089 3466 1161 3524 tum
1184 3457 1329 3524 secunda
1355 3460 1437 3523 vice.

519 3564 593 3628 510.
619 3566 731 3630 Tertia
755 3569 837 3642 vice,
863 3587 963 3652 quum
990 3569 1024 3632 in
1052 3567 1193 3632 chorum
1225 3565 1382 3631 redibunt
1410 3564 1571 3652 praedicti
1597 3567 1659 3632 Mi-

433 3673 538 3747 matri,
563 3679 743 3756 consurget
766 3681 800 3738 et
823 3671 1026 3759 genuflectet
1050 3694 1150 3757 quum
1174 3680 1315 3738 canetur
1339 3673 1476 3739 Lumen
1510 3672 1657 3767 Christi.

519 3778 594 3842 511.
620 3779 753 3843 Sedebit
776 3779 816 3845 ad
841 3783 989 3845 actiones
1014 3801 1095 3864 quas
1120 3787 1323 3864 exsequetur
1354 3780 1518 3843 Diaconus
1540 3780 1658 3864 prius-

433 3908 530 3972 quam
554 3894 709 3952 cantetur
734 3888 963 3953 Praeconium.
1619 3949 1624 3966 ,

518 3996 593 4060 512.
619 3996 725 4061 Stabit
748 3996 825 4060 dum
848 4006 989 4063 canetur
1012 3998 1217 4084 praedictum
1242 3996 1473 4073 Praeconium,
1499 4003 1533 4061 et
1562 3994 1658 4061 sede-

430 4103 479 4167 bit
502 4124 602 4187 quum
626 4102 789 4169 Diaconus
814 4107 969 4169 immittet
999 4124 1106 4189 grana
1135 4107 1169 4170 in
1201 4106 1352 4178 cereum,
1379 4124 1479 4187 quum
1511 4103 1655 4169 Cereum

430 4211 535 4294 ipsum
559 4210 727 4287 accendet,
752 4231 917 4296 quumque
940 4213 1108 4299 lampades
1133 4212 1375 4279 accendentur.

516 4319 591 4383 513.
617 4319 794 4403 Postquam
819 4321 958 4386 canendi
982 4322 1202 4387 Praeconium
1233 4322 1342 4386 iactus
1369 4323 1413 4385 sit
1436 4318 1521 4397 finis,
1549 4319 1655 4386 stabit

429 4423 506 4489 dum
523 4426 718 4492 recitabitur
731 4426 848 4505 Pater,
861 4428 933 4494 Aoo
945 4437 978 4494 et
995 4430 1178 4494 considebit
1194 4431 1287 4494 initio
1300 4430 1395 4515 primi
1409 4428 1527 4514 psalmi
1547 4427 1655 4494 horae

430 4533 550 4602 Nouae,
575 4554 658 4615 quae
684 4535 880 4600 recitabitur
903 4539 1000 4600 sicuti
1025 4536 1151 4602 duobus
1176 4539 1340 4603 anteactis
1364 4536 1491 4603 diebus.
