4175 5717
533 699 575 765 la
992 719 1060 768 ιι.
1082 721 1105 768 r.

530 832 580 896 18.
605 829 650 896 Et
662 828 750 913 quod
765 827 808 893 ad
822 826 1041 895 cathedrales
1056 830 1189 904 attinet,
1204 831 1239 894 in
1260 831 1301 895 iis
1316 830 1552 906 functionibus,
1566 849 1652 915 quae

437 939 480 1006 ab
502 938 674 1005 ordinario
694 937 860 1023 Episcopo
880 936 1106 1010 celebrantur,
1130 936 1287 1002 cmonici
1316 958 1419 1021 quum
1452 938 1652 1024 Episcopum

438 1051 693 1134 prmequentun
715 1044 882 1110 debebunt
897 1064 966 1109 una
986 1064 1062 1109 cum
1077 1063 1119 1109 eo
1140 1051 1220 1109 ante
1244 1044 1355 1111 altare
1370 1045 1428 1111 SS.
1444 1046 1654 1111 Saenmenti

437 1151 665 1240 genuflectere
686 1173 788 1239 quum
810 1172 927 1240 preces
949 1151 1067 1217 fundet
1091 1154 1125 1215 in
1140 1170 1277 1216 accessu
1292 1152 1334 1217 ad
1350 1153 1545 1228 Ecclesiam
1560 1155 1653 1218 item·

437 1283 502 1349 que
524 1282 625 1348 {quum
647 1281 691 1327 ex
713 1261 776 1326 illa
797 1258 948 1326 excedet.
982 1260 1105 1324 Nullus
1136 1262 1174 1323 iis
1205 1267 1315 1344 potest
1347 1263 1511 1347 assignari
1544 1260 1651 1332 locus,

437 1391 536 1458 quum
562 1372 616 1437 hic
638 1390 658 1436 e
680 1369 797 1435 sacelli
819 1366 1037 1453 amplitudine
1051 1366 1289 1451 dependeatzsi
1312 1370 1415 1433 fuerit
1431 1369 1651 1433 balaustrinm

435 1479 476 1545 ad
500 1478 585 1545 illud
608 1485 765 1565 poterunt
782 1477 934 1564 provolvi
949 1476 1099 1561 genibus,
1115 1476 1363 1541 remanentibus
1378 1477 1563 1541 senioribus
1578 1494 1652 1561 pro·

437 1588 510 1672 pius
535 1585 743 1672 Episcopum
767 1584 823 1649 rel
846 1584 1063 1670 procumbent
1086 1585 1120 1647 in
1143 1586 1331 1669 parimento
1346 1592 1420 1670 post
1443 1584 1650 1669 Episcopum

437 1693 532 1779 Apud
556 1692 742 1759 canonicos
764 1691 902 1757 stabunt
923 1690 1131 1756 Beneficiarii
1147 1690 1202 1755 rel
1218 1692 1444 1767 Mansionarii
1459 1690 1547 1777 apud
1569 1709 1651 1774 quos

435 1807 536 1865 erunt
558 1801 685 1876 clerici,
708 1798 927 1864 observantes
949 1797 1036 1882 quod
1052 1797 1168 1885 paullo
1190 1807 1270 1863 ante
1292 1801 1481 1863 notavimus
1497 1800 1589 1863 circa
1602 1816 1653 1861 sa·

437 1905 517 1971 celli
540 1908 765 1993 capaciutern.

527 2014 578 2079 19.
602 2012 712 2090 Qum
736 2033 818 2078 vero
841 2013 1024 2100 Episcopus
1047 2013 1088 2078 ad
1111 2034 1203 2079 aram
1237 2017 1414 2080 maximam
1446 2014 1565 2084 orabit.
1595 2011 1651 2077 rel

436 2129 515 2187 ante
537 2122 648 2187 altare
670 2120 860 2191 Secretarii.
885 2120 940 2186 ubi
962 2120 1122 2186 induetur
1137 2124 1241 2187 sacris
1258 2124 1459 2208 parnnmntis
1474 2142 1535 2208 pro
1551 2121 1652 2185 Missa

436 2227 627 2315 pontificali,
650 2230 876 2313 unusquisque
900 2228 1142 2294 Ganonicorum
1165 2230 1255 2293 iacta
1277 2250 1352 2294 cum
1376 2230 1537 2315 Episcopo
1559 2247 1653 2292 reve-

438 2338 547 2401 rentia
558 2334 722 2422 profmda
732 2334 774 2400 ad
785 2337 905 2414 altare,
918 2339 1074 2422 ingenua
1086 2338 1279 2424 procumbet
1295 2340 1329 2401 in
1341 2357 1403 2403 suo
1418 2336 1530 2412 stallo,
1543 2337 1652 2420 ibique

436 2448 624 2529 prostratus
641 2443 787 2508 manebit
800 2443 906 2509 donec
921 2444 1104 2530 Episcopus
1119 2448 1189 2532 ipse
1204 2452 1395 2529 consurget.
1411 2443 1652 2509 Procedentem

411 2569 414 2598 2
435 2550 476 2615 ad
497 2551 656 2615 thronum
680 2550 877 2637 Episcopum
892 2571 932 2617 ac
947 2559 1178 2618 transeuntem
1200 2560 1279 2618 ante
1302 2555 1390 2638 ipsos
1413 2550 1578 2638 profunda
1601 2571 1653 2616 re-

435 2659 587 2724 verentia
606 2667 861 2745 prosequentur.
886 2658 1029 2745 idipsum
1047 2660 1270 2726 observabunt
1293 2659 1501 2726 Beneficiarii
1520 2667 1555 2724 et
1578 2657 1652 2723 Gle-

435 2768 507 2844 rici,
518 2767 574 2850 qui
590 2772 665 2853 post
679 2763 946 2851 genuflexionem
961 2766 1002 2832 ad
1019 2767 1161 2833 Crucem
1177 2771 1210 2832 in
1226 2768 1327 2833 altari
1348 2770 1497 2855 positam
1512 2767 1651 2832 adibunt

435 2893 532 2939 suom
555 2873 692 2939 stallum
723 2874 832 2957 ibique
863 2894 973 2959 genua
995 2871 1142 2951 flectent.
1167 2876 1393 2961 Episcopoque
1422 2875 1464 2939 ad
1490 2876 1650 2941 thronum

435 2984 526 3045 eunti
541 2977 807 3066 genuflexionem
822 2982 947 3046 facient
961 2980 1039 3046 dum
1056 2984 1103 3047 eis
1118 2982 1381 3048 benedictionem
1397 2985 1616 3069 impertietur.

520 3088 574 3151 20.
599 3086 632 3152 Si
657 3088 730 3170 quis
761 3087 1002 3153 (lenonicorum
1034 3091 1097 3153 iam
1132 3092 1286 3154 inchoato
1317 3089 1423 3155 officio
1454 3098 1514 3156 aut
1548 3092 1650 3155 Missa

435 3196 658 3281 superveniet,
682 3196 866 3260 orationem
889 3195 991 3260 iaciet
1013 3204 1051 3261 ut
1074 3216 1163 3262 num.
1191 3198 1230 3261 14
1254 3199 1352 3262 huius
1376 3200 1492 3283 capitis
1526 3198 1649 3267 dictum

433 3317 495 3366 est.
520 3302 603 3366 Tum
633 3321 840 3387 consurgens
876 3302 1033 3368 salutabit
1066 3304 1184 3379 altare.
1220 3305 1417 3391 Episcopum
1454 3312 1650 3389 ceterosque

436 3411 618 3477 Canonicos
642 3412 744 3476 choro
768 3419 968 3497 praesentes,
992 3415 1048 3496 qui
1071 3415 1142 3478 eius
1176 3415 1369 3479 salutationi
1404 3415 1651 3501 respondebunt

435 3517 619 3603 detegendo
640 3525 741 3604 caput
763 3538 803 3583 ac
826 3518 961 3604 pedibus
977 3527 1203 3605 assurgentes:
1220 3522 1283 3585 hoc
1299 3524 1404 3607 ipsum
1423 3529 1650 3606 exsequentur

435 3624 651 3700 Beneficiarii‚
676 3626 899 3701 Mansionarii,
925 3627 1119 3713 cappellani
1144 3636 1178 3692 et
1201 3629 1323 3693 Clerici
1360 3630 1462 3694 choro
1493 3627 1661 3715 praesen·'

435 3755 485 3799 tes
509 3734 566 3819 (a).
591 3732 685 3798 Hanc
708 3734 897 3799 methodum
922 3735 1068 3800 servabit
1090 3757 1191 3820 quum
1216 3739 1355 3822 primum
1380 3739 1413 3800 in
1437 3737 1575 3801 chorum
1598 3757 1648 3800 ve.

435 3843 530 3918 nerit;
555 3859 630 3905 nam
653 3841 680 3904 si
705 3840 891 3907 canonicus
914 3843 1027 3941 iamin
1046 3843 1149 3908 choro
1165 3842 1320 3919 adsuerit,
1337 3864 1376 3907 ac
1393 3843 1509 3907 deinde
1528 3844 1650 3907 exierit

434 4081 547 4137 Tamen
565 4076 612 4152 qui
632 4083 714 4133 recte
733 4075 900 4132 consideret
913 4076 1017 4134 horum
1030 4096 1097 4134 cum
1113 4077 1228 4134 iliorum
1242 4076 1406 4133 actionibus
1419 4075 1564 4131 interdum
1580 4091 1647 4131 esse

437 4169 476 4225 ita
495 4169 570 4223 inter
588 4184 621 4223 se
639 4164 842 4228 cohaerentes,
863 4175 894 4222 ut
913 4184 987 4238 pene
1008 4166 1186 4240 impossibile
1206 4166 1241 4223 sit
1261 4184 1313 4224 eas
1332 4181 1503 4235 segregare.
1523 4168 1648 4221 tortasse

435 4277 494 4314 non
512 4255 688 4313 insimulabit
707 4271 760 4310 nos
779 4255 898 4319 erroris,
917 4255 942 4311 si
960 4255 1027 4328 quid
1047 4257 1083 4313 de
1103 4257 1260 4314 Canonicis
1287 4273 1402 4329 quoque
1429 4254 1533 4310 leviter
1560 4254 1649 4310 attin-

434 4366 539 4420 gamus
557 4348 594 4403 ob
613 4344 784 4402 relationem
804 4362 890 4417 quarn
911 4358 977 4401 cnm
997 4345 1067 4418 ipsis
1087 4346 1196 4403 habere
1217 4345 1316 4402 clerici
1336 4353 1466 4416 possunt.

503 4439 546 4505 (o)
565 4434 725 4509 Expressio
744 4450 762 4489 a
781 4434 996 4491 Caeremoniali
1016 4435 1145 4491 adiubita
1164 4436 1210 4491 lib.
1230 4436 1250 4490 1.
1270 4451 1333 4505 cap.
1356 4437 1396 4488 ld.
1416 4451 1495 4488 rium.
1515 4438 1577 4489 tint
1590 4433 1647 4488 Be-

435 4525 584 4591 neficiarii,
603 4525 655 4600 qui
672 4526 767 4581 colent
784 4529 903 4597 pectore
922 4526 1078 4581 almutium
1091 4526 1161 4581 dom
1173 4529 1335 4597 assurgunt
1349 4543 1368 4580 o
1379 4524 1511 4597 scapulis
1525 4524 1565 4579 od
1579 4524 1647 4579 bro-

434 4617 504 4674 chio
520 4616 677 4681 dimittant,
697 4614 826 4669 retertur
845 4613 881 4669 ad
902 4623 1016 4687 tempus
1038 4614 1181 4686 hyemale,
1210 4632 1267 4688 quo
1293 4613 1369 4670 solet
1396 4614 1467 4669 ferri
1495 4613 1647 4670 almutium

435 4724 526 4779 super
543 4705 680 4760 humeros
699 4701 816 4772 trigoris
838 4719 953 4760 caussa.
