4175 5717
613 703 679 772 232
1052 725 1141 778 ,urm
1167 728 1189 774 1.

612 831 688 900 429.
712 831 795 898 Post
816 834 1000 900 orationem
1022 837 1190 902 sustinere
1213 854 1355 922 pergens
1371 834 1495 902 librum
1509 838 1675 922 apertum,
1690 849 1748 900 re-

525 938 621 1006 cedet
642 939 887 1026 aliquantulum
908 939 951 1006 ad
973 941 1147 1009 dexteram
1171 942 1388 1020 celebrantis,
1414 948 1452 1008 ut
1466 941 1522 1010 hic
1536 941 1644 1010 libere
1662 959 1747 1030 poo-

527 1049 571 1114 sit
593 1049 723 1133 signum
747 1047 862 1114 Crucis
885 1069 1004 1116 versus
1027 1051 1171 1116 cadaver
1194 1049 1326 1117 efficere
1341 1050 1382 1117 ad
1398 1055 1431 1125 l.
1447 1049 1617 1136 Requiem
1631 1055 1749 1120 aeter·

526 1175 611 1222 nam
633 1163 696 1238 etc.
719 1161 790 1222 tum
812 1163 891 1224 ente
915 1178 1089 1224 eumcum
1119 1159 1206 1224 libro
1240 1157 1371 1224 redibit.
1395 1157 1547 1224 Recitato
1580 1156 1702 1224 deinde
1724 1175 1748 1224 a

527 1263 727 1330 Celebrante
749 1265 858 1331 altero
881 1271 914 1340 t.
936 1265 1067 1334 Anima
1089 1267 1165 1334 cius
1189 1271 1251 1333 etc.
1269 1266 1394 1332 librum
1410 1263 1546 1332 claudet
1560 1263 1747 1350 reddetque

526 1372 661 1452 clerico,
685 1375 741 1457 qui
763 1375 794 1440 ei
816 1373 1002 1452 tradiderit,
1025 1376 1170 1441 biretum
1194 1374 1403 1442 Celebrantis
1426 1379 1535 1441 sumet
1556 1373 1652 1460 eique
1666 1393 1746 1462 por-

527 1481 624 1566 riget
648 1479 770 1549 redibit
791 1481 833 1548 ed
855 1484 1023 1550 sinistram
1046 1484 1161 1571 ipsius,
1183 1502 1223 1549 ac
1245 1482 1390 1550 biretum
1413 1501 1511 1548 suum
1533 1481 1683 1568 recipiet.
1778 1517 1780 1522 ·

614 1587 689 1654 430.
713 1587 822 1663 Quum
855 1588 1085 1658 Subdiaconus
1115 1609 1190 1656 cum
1225 1589 1331 1656 Gruce
1363 1589 1546 1668 transierit,
1577 1596 1611 1656 et
1642 1587 1748 1658 Gele-

526 1693 627 1762 brans
650 1696 721 1762 sine
744 1703 846 1762 cantu
875 1697 1061 1764 intonuerit
1092 1696 1307 1782 antiphonam
1338 1694 1379 1764 Si
1405 1696 1618 1783 iniquitates,
1642 1701 1749 1784 caput

526 1802 663 1887 operiet,
687 1808 722 1869 et
743 1801 785 1868 ad
808 1802 938 1869 laevam
961 1805 1033 1871 eius
1057 1803 1214 1870 incedens
1238 1801 1469 1890 fimbriamque·
1487 1801 1645 1891 pluvialis
1671 1803 1747 1878 eius

526 1910 705 1987 sustinens,
728 1907 770 1976 ad
799 1911 981 1976 sacrarium
1004 1930 1081 1978 cum
1103 1911 1174 1997 ipso
1197 1917 1401 1978 revertetur.

614 2016 690 2083 431.
713 2015 851 2084 Demum
874 2037 975 2102 quum
998 2038 1038 2086 eo
1062 2020 1264 2104 pervenerit
1288 2023 1389 2105 caput
1410 2015 1558 2096 nudabit,
1587 2035 1750 2086 reveren-

526 2124 606 2190 tiam
630 2123 728 2189 Grnoi
750 2143 771 2188 a
793 2123 999 2190 Subdiccouo
1023 2131 1227 2202 sustentem.
1243 2125 1322 2192 hinc
1345 2123 1537 2192 Celebranti
1567 2129 1603 2192 et
1633 2123 1747 2202 (llere,

525 2231 552 2295 si
575 2229 692 2306 aderit,
717 2227 845 2308 efficiet,
870 2251 911 2298 ao
932 2233 1038 2299 sacris
1062 2231 1262 2298 indumentis
1286 2252 1347 2298 suo
1370 2231 1445 2298 loco
1469 2235 1626 2298 exuetur.
1651 2227 1701 2318 (a)

866 2571 919 2631 nn
937 2571 1096 2632 orricio
1115 2543 1419 2676 consensuris!

1007 2899 1149 2967 oAPur
1173 2900 1266 2968 XIV.

657 3120 689 3202 g.
716 3118 745 3182 l.
768 3117 820 3185 De
841 3117 951 3203 officio
973 3120 1050 3187 cine
1072 3125 1181 3187 cantu
1202 3120 1241 3187 in
1263 3117 1387 3187 diebus
1408 3116 1607 3202 feodalibus.

531 3424 559 3487 l.
585 3342 805 3502 Celebrans
829 3422 943 3489 diebus
966 3422 1150 3500 ferialibus,
1175 3423 1293 3508 quibus
1320 3422 1462 3490 officium
1492 3423 1642 3492 divinum
1673 3427 1747 3494 sine

527 3537 630 3598 cantu
652 3531 825 3607 recitatur,
849 3530 935 3596 hora
955 3532 1157 3616 praestituta
1179 3530 1288 3598 aderit
1310 3533 1344 3596 in
1368 3532 1531 3610 Sacrario,
1556 3547 1657 3620 super
1684 3553 1746 3600 vo-

527 3643 612 3704 stem
635 3637 776 3704 talarem
798 3636 914 3704 induet
936 3638 998 3704 eibi
1021 3637 1312 3724 superpelliceum,
1336 3638 1392 3706 vel
1415 3636 1506 3706 aliud
1522 3640 1653 3727 insigne
1668 3638 1748 3708 cho·

527 3746 600 3812 rale
624 3744 829 3830 regulariter
863 3765 1058 3812 concessum
1092 3745 1255 3832 Gapitulo,
1280 3746 1322 3813 ad
1355 3746 1441 3831 quod
1473 3748 1606 3826 attinet,
1635 3751 1671 3814 et
1704 3745 1748 3814 ed

528 3873 645 3920 sonum
669 3851 885 3938 campanulae
916 3855 1055 3920 sacrarii
1077 3873 1153 3921 cum
1176 3855 1297 3921 ceteris
1331 3853 1491 3940 procedet
1519 3854 1562 3920 ad
1596 3853 1747 3933 chorum,

526 3981 667 4028 servans
690 3959 839 4026 ordinem
862 3978 933 4048 cap.
957 3962 1012 4026 lll.
1036 3961 1136 4028 huius
1159 3961 1238 4028 libri
1261 3966 1422 4029 notatum.
1448 3959 1494 4048 (b)

598 4179 641 4251 (u)
660 4177 848 4244 Advertatun
867 4177 945 4251 qnod
963 4177 993 4233 in
1011 4177 1069 4236 ritu
1079 4177 1269 4236 absolutionis
1282 4176 1401 4236 minime
1414 4177 1502 4238 debet
1513 4178 1662 4238 Diaconus
1675 4195 1748 4239 cau·

528 4268 625 4327 delam
643 4285 801 4327 accensam
819 4285 909 4326 manu
927 4267 1083 4326 sustinere.

590 4359 640 4438 ¹(b)
659 4359 691 4416 ln
710 4357 906 4417 functionibus
926 4365 1011 4416 extra
1030 4358 1153 4415 Missam
1172 4363 1290 4415 utemur
1315 4357 1459 4414 vocabulo
1481 4357 1648 4424 celebrans.
1675 4358 1747 4418 licet

529 4446 700 4520 quibusdam
719 4451 845 4508 fortasse
865 4465 969 4523 parum
989 4455 1088 4522 aptum
1114 4448 1208 4505 rideri
1233 4455 1341 4521 posset
1370 4447 1492 4522 Sequuti
1514 4453 1613 4506 temen
1641 4465 1745 4508 sumus

529 4533 741 4610 Episcopornm
765 4537 999 4604 Caercmoniale‚
1020 4537 1097 4612 quod
1121 4538 1168 4594 lib.
1189 4543 1213 4594 2.
1239 4554 1304 4612 cap.
1325 4541 1350 4595 3.
1369 4555 1446 4595 num.
1475 4539 1507 4595 13
1525 4543 1555 4596 et
1582 4540 1613 4594 14
1637 4555 1744 4598 rocem

527 4623 607 4684 illum
623 4637 748 4702 usurpat
764 4631 803 4690 cd
819 4628 1045 4704 significandum
1074 4629 1254 4688 canomoum
1285 4628 1557 4698 hebdomadarium,
1582 4627 1631 4703 qui
1655 4645 1747 4690 eccm
