4175 5717
882 780 954 831 OAP.
978 781 1038 831 11.

736 997 776 1054 IN
797 997 916 1056 Fatua
935 997 976 1055 lV
994 997 1178 1056 CINERUM

839 1305 980 1372 cAPtJr
1005 1305 1082 1372 XX.

722 1520 817 1594 Quae
838 1521 909 1589 sint
929 1519 1199 1606 praeparanda.

352 1751 382 1815 l.
406 1674 574 1826 Altam
597 1756 713 1832 maius,
744 1755 780 1839 in
811 1774 875 1840 quo
906 1754 1035 1824 functio
1066 1750 1268 1821 celebranda
1298 1759 1360 1831 est,
1384 1753 1572 1820 instruetur

347 1857 451 1944 pallio
475 1860 634 1940 violace0,
659 1861 810 1939 tobaleis,
834 1867 948 1951 tapeto
972 1862 1123 1928 violaceo
1147 1882 1248 1948 super
1271 1860 1439 1947 gradibus,
1453 1865 1487 1924 et
1511 1878 1571 1924 sex

347 1965 558 2048 candelabris
582 1989 625 2048 ex
648 1970 842 2054 aurichalco
866 1990 941 2036 cum
966 1969 1115 2037 candelis
1139 1988 1237 2036 cerae
1268 1969 1375 2046 albae,
1400 1974 1435 2034 et
1466 1966 1601 2032 Cruce.

346 2074 446 2141 simili
470 2075 693 2148 candelabris.
717 2078 755 2146 ln
779 2077 890 2143 Alteri
916 2099 934 2144 e
957 2078 1067 2146 latere
1098 2077 1270 2164 Epistolae
1305 2096 1406 2163 prope
1439 2073 1574 2139 Missale

345 2182 456 2249 aderit
477 2184 647 2269 pelvicula
669 2192 832 2270 argentea
855 2186 957 2272 plena
980 2186 1130 2252 cinerum
1153 2185 1324 2251 aridorum
1355 2203 1399 2249 ex
1424 2183 1574 2266 reliquiis

344 2289 532 2377 palmarum
555 2298 590 2360 et
614 2292 790 2369 olivarum,
815 2312 899 2378 quae
931 2294 966 2358 in
994 2292 1166 2360 Dominica
1196 2293 1384 2379 palmarum
1421 2292 1499 2356 anni
1523 2311 1576 2355 su·

344 2398 487 2484 perieris
511 2397 705 2466 benedictae
722 2400 873 2477 luerunt,
890 2401 946 2485 qui
962 2402 1093 2468 cineres
1110 2404 1335 2486 contegentur
1350 2400 1473 2484 exiguo
1497 2397 1573 2462 velo

344 2504 507 2581 violaceo,
541 2505 597 2571 vel
628 2507 787 2591 operculo
818 2508 917 2573 simili
948 2507 1137 2595 pelviculae
1168 2513 1359 2594 argenteae:
1396 2507 1428 2570 in
1459 2504 1573 2571 eodem

342 2612 454 2690 latere
476 2618 621 2699 ponetur
636 2616 736 2703 etiam
761 2613 1064 2701 Missale-apertum
1080 2620 1275 2700 tegumento
1291 2613 1441 2680 violaceo
1466 2633 1571 2679 exor-

341 2725 461 2784 natum
485 2726 519 2785 et
543 2706 695 2787 cussinos
719 2722 890 2788 violaceus
912 2728 972 2788 eut
994 2722 1098 2808 legile
1114 2721 1156 2788 ad
1173 2722 1308 2788 Missale
1328 2720 1572 2787 sustinendum.

434 2828 465 2894 2.
489 2829 586 2914 Apud
611 2829 700 2896 latus
724 2830 895 2916 Epistolae
918 2830 1174 2917 praeparabitur
1197 2849 1367 2897 scamnum
1391 2848 1451 2915 pro
1477 2828 1571 2896 cele

339 2934 464 3001 brente
488 2943 522 3001 et
546 2936 707 3006 Ministris
730 2944 765 3004 et
787 2943 900 3024 tapeto
923 2940 1023 3025 panni
1047 2938 1189 3025 violacei
1213 2938 1433 3024 cooperietur.
1452 2937 1489 3000 lu
1506 2938 1570 3002 hoc

341 3061 480 3108 scamno
504 3043 723 3129 disponentur
747 3046 905 3132 manipuli
930 3046 1072 3113 violacei
1096 3066 1157 3132 pro
1181 3046 1353 3123 Ministris‚
1379 3045 1515 3130 planeta
1540 3050 1575 3109 et

342 3149 535 3235 manipulus
558 3150 674 3216 similis
698 3172 758 3238 pro
783 3152 995 3220 celebrante.

435 3258 466 3322 3.
491 3258 528 3322 lu
551 3259 653 3323 abaco
676 3261 966 3346 praeparabuntur
993 3281 1037 3327 ea
1074 3262 1183 3326 omnia
1208 3279 1292 3344 quae
1325 3280 1406 3346 opus
1429 3256 1573 3325 suntad

344 3363 481 3429 Missam
505 3365 697 3442 solemnem,
722 3374 757 3434 et
781 3374 931 3433 notatum
956 3374 1008 3436 est
1024 3387 1097 3454 cap.
1119 3367 1178 3432 IV.
1203 3388 1235 3432 n.
1253 3367 1284 3431 5.
1304 3373 1420 3450 etseq.
1438 3353 1575 3452 insuper

343 3472 521 3537 vasculum
544 3473 867 3557 aquaebenedictae
891 3495 966 3542 cum
990 3476 1190 3562 aspersorio;
1216 3494 1338 3540 urceus
1371 3493 1447 3538 cum
1471 3474 1572 3559 pelvi,

343 3580 484 3646 mantile
507 3586 542 3646 et
564 3582 736 3674 aliquanta
759 3582 908 3648 medulla
931 3585 1025 3669 panis
1049 3584 1083 3648 in
1106 3582 1277 3668 pelvicula
1310 3601 1371 3668 pro
1400 3581 1574 3648 ablutione

342 3707 503 3754 manuum
527 3688 747 3758 Celebrautis:
779 3689 925 3770 tabellae
954 3695 1161 3772 secretarum
1189 3689 1362 3776 ponendae
1393 3691 1427 3754 iu
1459 3688 1576 3754 Altari

345 3813 408 3881 pro
431 3796 532 3861 Missa
555 3802 589 3864 et
612 3796 700 3863 stola
723 3797 824 3864 latior
847 3817 908 3884 pro
932 3798 1090 3875 Dracone,
1115 3798 1142 3864 si
1167 3798 1312 3874 Ministri
1337 3804 1476 3865 utentur
1504 3797 1573 3881 pla·

347 3903 434 3968 netis
458 3903 600 3989 plicatis

435 4012 465 4074 4.
490 4012 528 4078 In
552 4013 700 4077 sacrario
730 4012 1021 4099 praeparabuntur
1051 4019 1247 4099 paramento
1278 4033 1339 4099 pro
1371 4012 1573 4079 Celebrante

345 4124 381 4186 et
404 4118 575 4195 Ministris
607 4119 692 4186 idest
715 4120 864 4207 pluviale
888 4115 963 4188 cum
987 4120 1075 4188 stola
1099 4123 1250 4189 violacea
1274 4142 1335 4207 pro
1360 4121 1574 4195 celebrante,

344 4228 501 4313 planetae
524 4228 666 4312 plicatae
691 4249 750 4314 pro
775 4229 948 4305 Ministris‚
973 4231 1001 4294 si
1025 4231 1072 4295 eis
1099 4229 1213 4295 licebit
1238 4231 1297 4306 uti,
1315 4230 1402 4296 stola
1418 4250 1477 4315 pro
1502 4229 1576 4292 Dia·

345 4354 442 4410 cono,
460 4336 526 4400 tria
549 4336 695 4428 cingula,
720 4343 789 4422 tres
814 4337 919 4412 albae,
944 4342 1013 4412 tres
1038 4339 1189 4413 amictus,
1214 4358 1254 4404 ac
1291 4339 1357 4402 tria
1379 4335 1496 4413 bireta,
1522 4357 1577 4400 su·

343 4443 551 4530 perpellicea
574 4465 634 4530 pro
666 4446 922 4514 inservientibus
946 4452 981 4510 et
1004 4445 1208 4512 caudelabra
1232 4466 1307 4511 cum
1333 4444 1481 4511 candelis
1514 4465 1574 4530 pro

345 4551 537 4646 Acplythis.

436 4660 467 4725 5.
493 4659 526 4725 Si
550 4660 636 4746 apud
659 4660 752 4740 aliud
776 4661 895 4728 Altare
919 4660 1204 4731 distribuerentur
1228 4660 1350 4748 populo
1373 4663 1503 4756 cineres
1530 4661 1571 4727 ab
