4175 5717
524 743 586 812 104
965 759 1031 812 nro.
1051 762 1098 811 nr.

540 878 572 946 t.
596 869 819 956 Requiescant
840 872 874 936 in
897 889 987 958 pace.
1011 880 1048 952 rt.
1073 871 1187 936 Amen.

517 1087 570 1152 51.
595 1087 784 1174 Episcopus,
809 1087 947 1153 dextera
966 1087 1057 1153 elata
1073 1086 1130 1152 sed
1147 1085 1279 1152 nullum
1295 1083 1471 1170 proferens
1489 1081 1636 1160 verbum,

432 1193 546 1260 Crucis
576 1196 705 1280 signum
735 1193 855 1260 efficiet
881 1214 998 1261 versus
1028 1213 1157 1260 omnem
1194 1192 1390 1260 coemeterii
1420 1195 1559 1278 partem,
1581 1189 1637 1256 vel

432 1322 531 1388 super
554 1322 696 1387 pannum
720 1304 852 1388 nigrum
874 1303 907 1368 in
931 1301 1085 1377 ecclesia,
1110 1309 1144 1367 et
1166 1301 1281 1382 ordine
1298 1299 1414 1366 eodem
1427 1299 1637 1390 aclsuperiua

432 1411 583 1475 innutum
606 1415 666 1488 est,
690 1410 846 1476 redibunt
867 1409 908 1474 ad
931 1409 1107 1476 ecclesiam
1132 1407 1188 1473 vel
1211 1406 1252 1473 ad
1276 1407 1394 1472 Alture
1417 1407 1533 1472 maius.

517 1517 571 1582 52.
595 1517 632 1582 In
654 1518 763 1584 reditu
787 1517 829 1583 ad
852 1517 1027 1582 ecclesiam
1050 1515 1106 1582 iel
1129 1514 1171 1581 ad
1193 1515 1313 1580 Altera
1343 1513 1541 1580 recitabitur
1568 1511 1636 1578 sine

431 1629 532 1690 centu
555 1631 589 1691 et
612 1645 693 1691 voce
716 1626 914 1712 competenti
929 1614 1088 1712 psalmus·
1099 1623 1272 1690 Miserere
1294 1623 1372 1698 mei,
1390 1621 1496 1696 Deus,
1517 1637 1638 1686 omae

431 1732 517 1798 dum
538 1750 704 1818 maenam
727 1737 789 1798 etc.
814 1752 888 1798 cum
912 1753 942 1796 v.
968 1730 1136 1817 &quiem
1152 1737 1335 1799 aeternam
1350 1735 1413 1795 etc.
1438 1737 1474 1810 a.
1505 1725 1551 1796 at
1575 1727 1639 1796 luc

427 1845 603 1922 perpetua
625 1845 688 1905 eto.
713 1841 747 1903 in
770 1837 844 1905 dne.

518 1946 571 2012 53.
596 1946 647 2012 Ad
670 1945 788 2012 Altero
818 1967 918 2031 quum
949 1945 1119 2024 redierint,
1151 1944 1294 2038 clericus
1323 1944 1435 2010 ferens
1465 1941 1639 2008 vasculum

431 2053 598 2138 relinquet
619 2052 704 2119 illud
727 2054 761 2118 in
783 2054 885 2119 abaco
909 2059 943 2120 et
966 2059 1067 2141 ponet
1090 2053 1263 2139 pulvinum
1287 2053 1321 2117 in
1344 2049 1450 2116 medio
1469 2047 1578 2136 gradu
1593 2047 1640 2114 in-

430 2158 515 2236 flmo,
532 2159 567 2225 in
583 2181 647 2245 quo
662 2161 866 2246 geniculabit
881 2160 1073 2248 Episcopus.
1091 2161 1189 2226 Alter
1205 2159 1349 2226 clericus
1367 2179 1442 2226 cum
1465 2155 1639 2223 thuribulo

430 2266 588 2334 subsistet
609 2289 711 2355 prope
734 2268 853 2335 Altera
875 2289 896 2334 a
918 2288 1023 2335 cornu
1047 2267 1227 2356 Epistulae,
1252 2274 1287 2333 et
1309 2267 1363 2352 qui
1387 2265 1534 2352 gestabit
1553 2263 1640 2330 Gru·

431 2393 501 2439 cem
525 2375 802 2461 processionalem
825 2375 968 2463 deponet
990 2396 1062 2442 eam
1086 2396 1106 2441 a
1129 2395 1235 2441 cornu
1264 2373 1449 2459 Evangelii,
1480 2367 1641 2438 accendet

430 2479 495 2545 dno
517 2481 684 2546 intorticia
706 2501 746 2548 ac
767 2482 878 2549 tradet
900 2485 970 2569 ipsa
997 2481 1192 2549 sustinenda
1222 2481 1307 2547 binis
1334 2479 1562 2547 confratribus
1585 2475 1640 2544 vel
1703 2499 1710 2516 ¹

430 2589 529 2653 etiam
552 2587 679 2655 duobus
701 2588 796 2654 laicis
819 2596 918 2656 extre
940 2590 1196 2677 presbyterium.

518 2696 572 2760 54.
597 2694 779 2783 Episcopus
801 2717 997 2784 progressus
1019 2702 1099 2762 ante
1114 2697 1243 2772 Altare,
1260 2693 1425 2781 completa
1440 2692 1639 2760 recitatione

431 2802 591 2889 praedicti
613 2804 730 2890 psalmi
752 2804 926 2873 Mteerere
948 2810 1011 2871 etc.
1035 2811 1129 2872 stans
1151 2810 1230 2871 ante
1253 2802 1372 2886 Altera
1396 2799 1572 2866 recitabit:
1674 2855 1679 2862 .

540 3024 573 3092 l·
597 3019 702 3106 Kyrie
725 3018 862 3086 eleison.
887 3022 1019 3089 Christe
1043 3022 1180 3088 eleison.
1205 3019 1312 3106 Kyrie
1327 3003 1473 3084 ¹eleison.

540 3149 571 3217 l·
596 3145 699 3211 Pater
720 3152 843 3224 noster,
866 3169 897 3220 et
915 3169 1109 3237 prosequetur
1126 3167 1251 3219 secretu.

542 3249 573 3343 l·
597 3269 643 3336 at
665 3291 707 3337 ne
729 3291 788 3338 nos
811 3270 946 3340 inddoas
970 3274 1004 3338 in
1026 3272 1258 3339 tentatibnem.

542 3403 578 3477 rb.
602 3395 666 3462 Sed
689 3394 796 3462 libera
819 3417 879 3464 nos
901 3418 921 3463 a
944 3398 1042 3463 malo.

542 3527 574 3595 l.
599 3523 629 3588 A
651 3529 749 3610 porta
770 3522 881 3590 inferi.

543 3657 578 3727 rt.
603 3647 703 3725 Erue,
727 3648 872 3726 deine,
897 3651 1022 3716 animas
1046 3649 1171 3717 ebrum.

543 3779 575 3850 t.
600 3772 735 3840 Dbmine
758 3777 877 3856 exaudi
901 3753 1083 3843 oratibnem
1108 3797 1222 3842 meam.

544 3909 579 3980 sp.
604 3899 648 3965 llt
670 3901 797 3968 clamor
820 3925 912 3972 meua
936 3904 976 3970 ad
1001 3909 1035 3969 te
1059 3901 1181 3970 veniat.

546 4030 577 4100 t.
601 4025 757 4095 deinus
780 4029 958 4097 vobiscum.
1145 4001 1147 4006 Ι

545 4161 579 4230 rt.
604 4151 744 4220 Etcum
768 4155 888 4242 spiritu
912 4163 979 4218 tuo,
