4175 5717
527 666 586 732 lud
984 687 1049 736 ura.
1073 689 1093 737 1.

434 795 632 863 ministrabit
646 794 862 872 Subdiacono,
879 794 1058 862 aduertens
1074 804 1112 863 ut
1126 797 1316 884 priusquam
1332 794 1374 864 ad
1395 800 1512 866 Altera
1534 817 1651 868 ascen·

369 984 372 990 ‚
432 906 498 982 dat,
523 902 789 991 genuflexionem
812 902 854 968 ad
877 902 934 972 SS.
959 903 1211 974 Sacramentum
1233 904 1366 976 efficat.

519 1014 572 1080 54.
597 1013 632 1079 Si
649 1012 739 1080 Cleri
755 1012 947 1078 communio
962 1009 1020 1076 fiet
1035 1012 1268 1095 substinebunt
1283 1013 1448 1081 tobaleam
1467 1021 1548 1084 aute
1563 1035 1651 1082 oom-

434 1122 660 1197 municandos,
679 1127 723 1220 ¹ut
744 1139 804 1186 suo
827 1119 902 1186 loco
926 1117 1082 1186 dicemus.

522 1232 575 1297 55.
601 1229 788 1315 Acolythus
810 1227 900 1293 alter
922 1234 997 1313 post
1011 1229 1230 1314 sumptionem
1253 1228 1373 1296 Calicis
1388 1226 1505 1296 afferet
1526 1229 1568 1296 ad
1590 1229 1650 1298 Al-

433 1351 508 1408 tare
538 1338 650 1404 velum
680 1336 721 1402 ad
752 1335 898 1403 calicem
928 1336 1033 1420 ipsum
1061 1333 1249 1421 tegendum,
1275 1334 1371 1420 idque
1398 1343 1499 1423 ponet
1528 1358 1646 1403 uersus

436 1446 611 1532 Evangelii
635 1464 739 1511 cornu
764 1439 822 1530 (a).

520 1545 574 1619 56.
599 1552 649 1618 Ad
672 1550 934 1617 benedictionem
967 1549 1174 1618 celebrantis
1205 1550 1444 1637 geniculabunt
1471 1551 1546 1618 loco
1575 1571 1649 1626 suo,

433 1660 551 1726 deinde
574 1661 636 1724 nisi
659 1659 726 1724 alia
749 1659 814 1724 erit
836 1658 975 1734 functio,
1001 1660 1162 1744 recipient
1185 1658 1226 1725 de
1248 1658 1351 1724 abaco
1373 1656 1574 1724 candelabra
1597 1651 1650 1724 re·'

433 1769 535 1833 dituri
558 1767 598 1831 ad
622 1768 815 1842 sacrarium,
840 1765 895 1832 ubi
924 1764 1039 1832 'eadem
1064 1786 1148 1851 quae
1172 1768 1325 1852 superius
1348 1762 1464 1832 notata
1487 1772 1565 1831 sunt
1588 1784 1648 1850 pro

435 1877 592 1961 Vesperis
615 1874 828 1950 solemnibus
852 1880 1091 1957 exsequentur.
1561 1884 1563 1887 ’

659 2092 691 2173 s.
716 2097 746 2154 4.
770 2089 814 2155 m
838 2089 958 2156 Missis
981 2047 1193 2157 stomacus
1214 2088 1411 2174 sosarmus.

520 2306 573 2371 57.
598 2304 757 2391 Acolythi
788 2303 1013 2370 observabunt
1045 2305 1155 2370 omnia
1184 2303 1298 2370 eadem
1329 2322 1413 2387 quae
1444 2323 1505 2389 pro
1537 2302 1647 2367 Missis

433 2412 634 2480 solemnibus
657 2411 841 2486 docuimus,
863 2410 983 2477 additis
1006 2417 1116 2476 tamen
1141 2411 1355 2495 sequentibus
1386 2407 1649 2476 animadversio-

435 2522 539 2586 nibus
666 2559 668 2564 s
699 2595 702 2600 Ι

519 2629 573 2694 58.
597 2627 648 2693 Ad
676 2629 842 2693 orationes
873 2647 957 2711 quae
991 2633 1156 2692 canentur
1186 2632 1264 2694 ante
1294 2625 1478 2712 Epistolam
1510 2631 1545 2690 et
1574 2631 1649 2710 post

434 2738 714 2810 communionem,
736 2732 905 2820 genuflexi
929 2734 1118 2802 manebunt.
1144 2732 1327 2802 Sublimem
1349 2733 1553 2820 penultimae
1576 2751 1650 2796 ora·

432 2847 530 2911 tionis
553 2849 631 2909 ante
655 2843 849 2930 Epistulam,
872 2842 1038 2910 socundus
1060 2842 1240 2928 acolythus
1262 2848 1426 2926 assurget,
1449 2839 1585 2907 accedet
1607 2837 1649 2904 ad

432 2951 684 3027 subdiaconum,
709 2957 811 3015 exuet
835 2970 910 3016 eum
937 2949 1072 3036 planeta
1102 2949 1234 3035 plicata,
1259 2969 1355 3033 quam
1387 2954 1527 3034 reponet
1549 2966 1649 3034 super

430 3061 577 3124 abacum.
608 3060 739 3123 Primus
762 3057 942 3143 acolythus
966 3058 1206 3143 Epistolarium
1237 3064 1385 3144 tempore
1408 3078 1468 3123 suo
1498 3060 1650 3144 porriget

431 3166 647 3242 Subdiacono,
672 3166 733 3229 nisi
758 3165 791 3228 id
813 3173 1017 3248 exsequatur
1041 3165 1337 3231 anremoniarius.

517 3274 570 3338 59.
596 3274 837 3356 Posteaquam
862 3272 1088 3339 Subdiaconus
1113 3272 1326 3338 deosculatus
1345 3275 1411 3337 erit
1433 3292 1565 3338 manum
1591 3272 1649 3340 Oc·

430 3380 602 3456 labrantis,
626 3387 660 3443 et
686 3379 922 3464 Epistolarium
955 3379 1135 3445 reddiderit
1159 3380 1434 3455 Gaeramoniario,
1459 3380 1514 3445 vol
1542 3382 1648 3465 primo

429 3486 599 3573 acolytho,
622 3487 711 3551 alter
735 3488 765 3550 ei
788 3486 956 3571 planetam
979 3487 1135 3573 plicatam
1160 3490 1280 3554 iterum
1303 3489 1459 3573 imponet.
1570 3506 1572 3516 ·

516 3597 569 3660 60.
595 3596 792 3679 Priusquam
809 3594 1097 3661 Gaeremoniarius
1115 3595 1169 3661 vel
1185 3598 1310 3682 primus
1333 3595 1512 3682 acolythus
1537 3594 1649 3662 tradat

431 3704 573 3769 Diacono
598 3703 859 3788 Evangeliorum
881 3703 1013 3780 librum,
1039 3702 1127 3768 alter
1143 3705 1175 3767 in
1192 3710 1347 3789 promptu
1370 3703 1504 3769 habebit
1527 3703 1649 3770 stolam

430 3812 593 3888 latiorem,
619 3831 683 3894 qua
708 3810 822 3875 induet
845 3810 1034 3875 Diaconum.
1060 3811 1122 3875 Hic
1137 3811 1273 3876 accedet
1296 3811 1337 3875 ad
1360 3811 1509 3887 abacum,
1526 3817 1561 3876 et
1575 3831 1649 3876 aco·

430 3919 546 4005 lythus
571 3920 695 4004 primus
718 3924 820 3983 exuet
843 3938 919 3983 eum
942 3919 1088 4003 planeta,
1105 3938 1202 4002 quam
1218 3939 1318 4003 super
1334 3918 1471 3984 abacum
1495 3917 1647 4004 deponet,

430 4035 463 4091 et
485 4026 664 4112 acolythus
698 4025 787 4090 alter
810 4026 955 4110 imponet
977 4027 1008 4091 ei
1038 4046 1138 4111 super
1166 4027 1340 4091 humerum
1372 4027 1544 4092 sinistrum
1576 4031 1648 4090 sto-

429 4132 494 4197 lam
528 4133 690 4208 latiorem,
715 4152 812 4215 quam
836 4132 976 4197 dextero
1007 4134 1080 4199 eius
1111 4134 1211 4198 lateri
1235 4132 1387 4198 firmabit.
1413 4133 1496 4197 Hinc
1522 4134 1647 4217 primus

429 4229 606 4325 acolythus
631 4238 890 4323 Evangeliorum
914 4239 1036 4304 librum
1060 4239 1111 4306 illi
1134 4240 1344 4306 ministrabit.

499 4490 541 4558 (a)
561 4488 741 4548 Monendum
761 4488 826 4548 heic
846 4499 898 4557 est,
918 4491 994 4565 quod
1013 4493 1042 4548 in
1061 4494 1233 4566 quibusdam
1248 4492 1389 4551 Ecclesiis
1409 4493 1646 4567 irregularitere

430 4576 562 4634 titanibus
583 4582 759 4637 Sululiuconi
779 4580 862 4639 Calix
881 4584 918 4637 ab
937 4581 1073 4653 acolytho
1093 4584 1245 4655 accipitur,
1264 4582 1342 4641 utin
1363 4586 1457 4641 abaco
1478 4596 1647 4659 reponatur.
