4175 5717
521 701 583 771 130
968 717 1035 764 ura.
1061 715 1106 762 ιν.

432 832 532 895 Alter
556 828 701 894 clericus
725 825 903 892 sustinebit
927 825 1101 892 vasculum
1125 847 1151 888 s.
1177 823 1374 890 chrismatis
1389 833 1426 892 et
1443 825 1652 910 aliquantum

429 937 574 1020 grissipii.

518 1046 570 1109 nt.
588 1045 771 1118 parochus,
789 1049 926 1127 accepto
943 1043 1114 1108 cochleari
1130 1049 1164 1106 et
1180 1047 1335 1107 extracta
1349 1061 1438 1126 aqua
1454 1041 1656 1126 baptismali,

439 1155 552 1217 diceus
585 1152 621 1215 N.
654 1171 717 1236 epo
749 1159 780 1216 te
811 1149 952 1232 baptizo
974 1150 1013 1214 iu
1036 1149 1175 1214 amitina
1206 1147 1337 1226 Patra,
1362 1144 1513 1214 effundet
1537 1167 1657 1232 aquam

429 1279 531 1344 super
546 1265 648 1344 caput·
664 1258 773 1322 Electi
790 1259 823 1321 in
840 1255 972 1321 modum
997 1255 1114 1320 Crucis
1131 1257 1237 1340 prima
1253 1255 1325 1320 vice
1349 1261 1381 1322 et
1401 1253 1488 1321 Filii
1510 1253 1658 1320 secunda

433 1369 514 1441 rice,
539 1373 571 1432 et
596 1363 752 1446 Spiritus
776 1363 899 1430 Sancti
920 1361 1104 1446 tertiata).

521 1474 574 1535 47.
600 1471 634 1536 Si
658 1491 729 1534 mos
753 1471 786 1534 in
810 1470 955 1535 ecclesie
978 1475 1135 1554 receptus
1158 1479 1249 1534 esset
1271 1467 1529 1534 administrandi
1556 1468 1662 1554 bapti-

433 1601 540 1644 smum
563 1599 624 1664 per
648 1579 900 1652 immersionem,
925 1578 1122 1661 inspiciatur
1149 1575 1237 1660 quod
1259 1575 1300 1642 de
1323 1575 1487 1662 baptismo
1514 1573 1661 1642 admini-

436 1693 543 1752 strato
567 1686 608 1751 ab
632 1685 796 1771 Episcopo
820 1683 1010 1750 docebimus
1034 1684 1092 1749 lib.
1117 1685 1147 1748 7.
1173 1704 1243 1769 cap.
1272 1683 1320 1750 12.
1507 1675 1516 1694 '

520 1795 574 1858 48.
600 1794 777 1878 compater
800 1792 942 1875 accipiet
964 1792 1104 1856 mantile
1120 1811 1179 1856 seu
1197 1791 1445 1876 manutergium
1461 1797 1497 1858 et
1515 1793 1663 1858 maxima

431 1923 506 1966 otuu
530 1901 705 1984 diligentia
729 1905 840 1983 terget
863 1905 962 1983 caput
986 1899 1153 1985 baptizati.

524 2007 576 2072 49.
602 2009 708 2091 Aqua.
733 2025 817 2090 quae
841 2001 966 2070 defluet
990 2004 1030 2070 de
1055 2007 1163 2090 capite
1186 2005 1353 2091 baptizati,
1371 2006 1398 2070 si
1414 2003 1524 2072 deerit
1542 2025 1663 2072 sacra-

435 2117 519 2180 rium
544 2135 603 2180 scu
627 2115 753 2199 piscina
776 2114 905 2197 inipso
928 2113 1032 2186 tonte,
1058 2113 1247 2178 servabitur
1270 2121 1308 2178 ut
1332 2114 1365 2176 in
1388 2114 1577 2178 sacrarium
1602 2133 1661 2180 seu

432 2223 590 2306 piscinam
614 2221 799 2286 deiiciatur.

526 2327 581 2393 50.
608 2328 778 2406 Absterso,
793 2328 903 2412 capite
926 2328 1094 2414 baptizati,
1127 2327 1300 2394 Parochua
1331 2329 1474 2413 intinget
1503 2327 1663 2414 pollicem

441 2437 618 2501 ‹iexterum
642 2437 676 2499 in
700 2457 725 2499 s.
751 2433 904 2500 Ghrisma
926 2440 962 2500 et
984 2436 1210 2519 pronuncians
1235 2434 1414 2500 formulam
1429 2435 1529 2502 Deua
1548 2435 1665 2504 Omni·

429 2553 556 2627 potone
593 2551 656 2607 etc.
688 2542 785 2606 liniet
815 2565 841 2606 s.
874 2539 1063 2607 chrismate
1095 2544 1254 2607 verticem
1286 2543 1405 2627 capitis
1432 2543 1598 2630 neophyti
1622 2543 1663 2610 ad

435 2652 538 2716 uerba
553 2641 637 2732 'ipse
661 2657 693 2716 tc
717 2649 817 2716 liniat
833 2649 1023 2716 chrismate
1037 2651 1164 2716 salutis
1180 2647 1245 2715 etc.
1262 2657 1297 2716 et
1312 2650 1504 2736 neophytus
1525 2669 1665 2736 reapon-

435 2757 526 2821 dehit.
556 2757 678 2822 Atneu.
710 2755 884 2820 Parochus
914 2755 1068 2821 subiiciet
1091 2756 1175 2823 Pata
1199 2763 1322 2833 tecum,
1336 2764 1370 2822 et
1386 2756 1581 2842 neophytus
1607 2777 1666 2824 re·

439 2863 614 2948 spondebit
637 2863 682 2930 Et
706 2882 788 2928 cum
810 2863 942 2945 spiritu
966 2870 1035 2929 tuo.
1630 2853 1633 2858 ’

528 2972 582 3036 51.
607 2969 780 3035 Parochus
812 2969 968 3054 pollicem
1000 2989 1107 3044 suuni,
1139 2969 1256 3036 deinde
1279 2971 1471 3036 unctionem
1494 2973 1528 3036 in
1553 2973 1666 3058 capite

439 3079 597 3163 neophyti
622 3077 744 3140 factam
768 3077 913 3161 gossipio
937 3081 1104 3162 exterget.

527 3185 580 3249 52.
605 3183 779 3248 Parochus
803 3183 945 3267 accipiet
969 3189 1096 3247 vestem
1120 3183 1291 3249 candidam
1309 3191 1344 3250 et
1358 3187 1428 3270 ipsa
1445 3185 1563 3252 induet
1581 3205 1667 3254 neo-

439 3295 591 3377 phytum,
616 3291 729 3354 dicens
754 3290 883 3372 Accnpe
905 3297 1034 3356 vestem
1057 3291 1249 3357 candidam
1271 3299 1336 3357 ete.
1361 3289 1417 3378 (b).

506 3507 549 3576 (o)
569 3507 601 3562 ln
622 3502 728 3562 nituau
749 3503 786 3559 ad
806 3500 983 3574 baptismum
1002 3522 1057 3577 pro
1076 3506 1183 3562 adultis
1202 3506 1310 3577 legitur
1321 3505 1350 3562 in
1364 3507 1485 3565 rubrica
1503 3529 1520 3564 ‹
1534 3509 1668 3570 Ducitur

434 3596 555 3652 Electus
574 3595 611 3650 ad
631 3593 852 3666 baptisterium;
872 3595 921 3652 uhi
941 3591 966 3650 si
987 3595 1024 3651 ob
1044 3595 1171 3668 aliquam
1193 3613 1315 3652 causam
1336 3615 1393 3654 non
1415 3595 1573 3666 habeatur,
1600 3601 1667 3660 aive

435 3691 613 3757 praeparata
639 3703 696 3740 nou
722 3685 811 3742 tuerit
834 3703 912 3759 aqua
934 3683 1125 3758 baptismalis.
1151 3685 1201 3742 fiat
1221 3685 1388 3743 benedictio
1414 3685 1511 3754 tontis,
1533 3695 1566 3746 ut
1586 3689 1667 3748 intra

434 3773 553 3844 ponitur
572 3793 587 3822 ›
606 3773 733 3830 Difficile
753 3779 806 3836 est.
826 3774 904 3848 quod
926 3773 1030 3830 haberi
1050 3792 1108 3830 non
1129 3773 1220 3847 possit
1239 3791 1315 3848 aqua
1340 3775 1536 3848 baptismalis:
1562 3785 1668 3838 tamen

434 3863 458 3917 si
479 3862 606 3922 deesset.
625 3863 677 3918 fiet
697 3862 863 3918 benedictio
883 3862 912 3918 in
931 3870 1120 3920 antecessum
1141 3862 1307 3929 functionis,
1326 3880 1402 3936 quae
1415 3863 1535 3938 quidem
1550 3875 1600 3926 eat
1618 3885 1668 3926 aa·

434 3951 471 4007 tis
485 3951 608 4023 prolixa.
621 3954 719 4024 Atque
733 3951 780 4008 hic
794 3952 911 4008 uidetur
925 3969 993 4009 esse
1008 3953 1147 4009 rubricae
1167 3969 1282 4020 sensum
1296 3961 1327 4009 et
1340 3953 1449 4010 nollem
1470 3960 1502 4010 ut
1520 3955 1669 4034 ihudstat

435 4040 624 4112 acciperetur
643 4058 697 4113 pro
717 4040 780 4113 ipso
800 4051 934 4114 tompore
954 4041 1121 4099 functionis.

506 4131 546 4197 (b)
565 4130 632 4184 Non
652 4137 729 4194 aute,
750 4129 802 4186 sed
822 4139 888 4202 post
900 4130 1086 4204 baptismum
1108 4131 1273 4189 induendus
1293 4137 1338 4188 est
1352 4137 1435 4188 veste
1449 4133 1580 4190 candida
1595 4153 1670 4194 neo·

433 4217 548 4289 phytus.
576 4218 713 4274 Proderit
736 4219 792 4275 hoc
817 4221 883 4276 loco
905 4221 1018 4277 reterre
1039 4223 1096 4279 hac
1116 4240 1207 4295 super
1230 4239 1262 4277 re
1289 4220 1510 4293 dispositionem
1535 4223 1667 4284 concilii

435 4307 558 4362 Romani
578 4308 667 4364 hahiti
688 4310 743 4365 suh
762 4311 925 4367 Benedicta
945 4312 1023 4368 XIII.
1044 4331 1122 4368 anno
1145 4315 1219 4372 1725.
1241 4311 1281 4367 tit.
1295 4311 1405 4367 XXIV.
1425 4328 1489 4384 cup.
1509 4315 1534 4368 2.
1555 4331 1572 4364 »
1595 4315 1667 4372 Non

434 4403 514 4450 «est
533 4396 560 4449 iu
586 4397 710 4453 soteruui
735 4400 901 4455 adultorum
923 4400 1099 4472 inuptismuto
1120 4403 1184 4458 sine
1204 4400 1414 4470 redargutione
1439 4405 1670 4473 praetereunda

433 4503 448 4534 c
469 4483 518 4538 ihu
537 4485 614 4540 sacri
643 4488 726 4544 Ritus
751 4487 983 4550 inversio;du1n
1004 4490 1217 4548 catechumeni
1238 4490 1275 4546 ad
1297 4489 1426 4545 divinum
1447 4489 1669 4561 permittuntur

433 4591 448 4624 ι
468 4573 619 4632 accedere
642 4577 803 4644 lavacrum,
824 4578 951 4636 carrdidu
968 4578 1060 4636 induti
1080 4579 1284 4652 Neopytorum
1304 4589 1396 4646 veste,
1415 4597 1502 4654 quam
1530 4591 1669 4644 tentum·
