4175 5717
516 725 582 790 268
975 741 1041 792 ors.
1066 741 1088 792 1.

429 859 592 939 assurget,
616 859 651 920 et
673 852 961 939 adgeniculabitur
981 858 1061 918 ante
1083 851 1238 927 alterum,
1269 848 1301 915 id
1329 850 1435 936 ipsum
1465 867 1642 938 peragens,

429 961 515 1045 quod
537 961 577 1027 de
600 962 706 1049 primo
728 959 935 1036 dictumest,
958 960 1064 1025 etsie
1086 957 1241 1044 deinceps
1264 956 1305 1024 de
1333 959 1463 1026 ceteris.

516 1069 591 1134 311.
615 1070 833 1154 Posteaquam
856 1067 1001 1134 omnium
1024 1067 1147 1132 laverit
1170 1065 1279 1152 pedes,
1303 1065 1424 1132 redibit
1445 1065 1488 1132 ad
1502 1063 1644 1133 abacum

429 1183 464 1242 et
484 1178 652 1243 transiens
674 1183 753 1242 ante
774 1175 894 1241 Altara
924 1174 1026 1240 faciet
1050 1173 1148 1240 Gruci
1179 1175 1402 1240 reverentiam
1432 1171 1642 1260 profundam.

518 1284 592 1350 312.
617 1284 735 1350 Manus
757 1283 874 1349 abluet
896 1281 981 1369 apud
1005 1281 1153 1359 abacum,
1177 1279 1319 1368 deponet
1341 1297 1485 1368 pannum
1514 1279 1642 1347 lineum

431 1397 465 1458 et
487 1391 627 1479 pluviali
650 1390 817 1457 induetur.

517 1500 592 1565 313.
616 1498 667 1565 Ad
691 1498 809 1565 Altare
831 1519 851 1564 a
874 1498 981 1564 latere
1003 1496 1161 1564 ascendet
1183 1501 1322 1564 etstans
1339 1498 1373 1562 in
1389 1513 1494 1564 cornu
1513 1493 1646 1582 Episto-

430 1609 493 1686 lae,
518 1628 561 1672 ex
584 1605 711 1673 Missali
733 1604 775 1671 ibi
799 1606 906 1692 posito
929 1611 1027 1672 canet
1049 1621 1167 1672 versus
1191 1605 1431 1672 cierationem
1458 1609 1559 1670 cantu
1590 1601 1646 1668 le-

431 1715 518 1779 riali.
1308 1727 1310 1732 ’

519 1822 593 1887 314.
618 1822 665 1886 De
688 1820 800 1886 Alteri
824 1840 899 1887 cum
923 1821 1083 1886 Ministn's
1106 1819 1292 1898 descendet,
1316 1820 1539 1887 reverentiam
1561 1838 1646 1907 pro-

431 1928 566 1994 fundam
590 1929 689 1995 Cruci
712 1926 832 1994 efficiet
856 1933 891 1993 et
913 1928 1094 2014 simplicem
1120 1929 1229 2006 clero,
1253 1930 1282 1994 si
1311 1925 1428 2006 aderit,
1460 1926 1580 1993 redibit
1602 1923 1646 1992 ad

432 2038 623 2113 sacrarium,
655 2041 689 2101 et
711 2035 755 2100 ibi
785 2051 915 2120 quoque
947 2035 1038 2101 facta
1068 2033 1110 2100 ad
1141 2034 1281 2102 Crucem
1312 2027 1367 2101 v'el
1397 2032 1438 2100 ad
1469 2029 1646 2121 imaginem

432 2145 640 2230 praecipuam
663 2144 861 2219 reverentia,
886 2147 921 2208 et
942 2141 1072 2209 reddita
1107 2142 1270 2209 Ministris
1305 2142 1518 2220 salutatione,
1549 2155 1649 2208 sacra

432 2250 623 2317 indumenta
645 2250 805 2317 demittet.

727 2467 760 2550 g.
786 2467 837 2531 17.
862 2463 970 2534 Faria
999 2463 1055 2531 VI.
1079 2467 1125 2577 ta!
1141 2465 1347 2534 Parasceoo.
1382 2403 1391 2428 ί

520 2681 594 2747 315.
620 2680 801 2747 celebrans
823 2685 902 2746 ante
917 2680 1124 2747 functionem
1139 2679 1330 2766 aliquandiu
1347 2679 1465 2758 orabit,
1486 2667 1543 2745 sed
1559 2677 1648 2765 psal·

433 2809 502 2853 mos
525 2796 559 2854 ct
581 2807 697 2875 preces
720 2808 780 2875 pro
802 2787 904 2854 Missa
926 2790 1149 2874 praescriptas
1172 2790 1312 2865 omittet,
1337 2787 1485 2875 exceptis
1515 2787 1646 2853 oratic-

432 2897 528 2962 nibus
552 2915 612 2982 pro
634 2895 843 2981 paramentis.
868 2891 938 2960 Hac
960 2901 1071 2962 autem
1088 2893 1140 2961 die
1156 2897 1297 2961 maxime
1313 2894 1455 2981 expedit,
1478 2899 1516 2960 ut
1530 2911 1646 2960 secum

432 3005 540 3068 animo
564 3002 745 3088 perpendat
768 2993 972 3068 functionem
996 3010 1030 3067 et
1052 3021 1092 3067 ea
1114 3021 1198 3086 quae
1222 3004 1255 3068 in
1278 3002 1348 3088 ipsa
1368 3007 1468 3068 erunt
1484 2998 1646 3068 canenda

520 3110 595 3176 316.
620 3111 681 3176 Ubi
704 3111 733 3174 ei
757 3111 949 3175 nunciatum
973 3111 1048 3186 erit,
1071 3109 1198 3175 lavabit
1227 3119 1342 3175 manns
1370 3109 1496 3195 sibique
1529 3108 1649 3175 induet

432 3220 597 3295 amictum,
621 3217 739 3295 albam,
764 3217 945 3302 cingulum,
969 3216 1187 3302 manipulum,
1212 3218 1331 3285 stolam
1354 3223 1388 3283 et
1411 3217 1557 3283 casulam
1592 3216 1649 3282 ni·

433 3328 484 3411 gri
507 3325 639 3391 coloris.

519 3433 594 3497 317.
618 3432 781 3497 Inuuente
805 3431 1081 3510 caeremoniario,
1099 3451 1258 3498 unacum
1282 3433 1385 3498 sacris
1408 3431 1568 3498 Ministris
1592 3429 1648 3497 di-

431 3538 543 3605 scedet
566 3559 584 3604 e
606 3538 691 3615 loco,
715 3539 771 3606 ubi
793 3555 865 3606 sese
888 3541 1066 3625 pararent,
1090 3539 1300 3606 reverebitur
1324 3537 1463 3605 Crucem
1485 3532 1541 3604 rel
1564 3537 1649 3603 ima*
1742 3613 1748 3624 .

432 3650 540 3732 ginem
560 3647 741 3733 'principem
764 3649 912 3724 sacrarii,
936 3652 1036 3733 caput
1059 3638 1186 3733 operiet
1208 3648 1324 3724 bireto,
1341 3667 1382 3712 ac
1408 3663 1547 3731 sequens
1571 3646 1648 3711 Dia·

433 3773 552 3820 conum
574 3752 615 3819 ad
639 3753 758 3821 Altare
774 3753 942 3841 procedet.

518 3861 593 3926 318.
618 3859 804 3927 Notandum
821 3862 907 3945 quod
922 3861 986 3928 bac
1001 3861 1053 3931 die
1070 3865 1277 3930 reverentiae
1293 3862 1333 3929 ad
1346 3863 1488 3929 chorum
1500 3861 1648 3930 usitatae

435 3970 644 4034 omittuntur.
1269 4027 1285 4054 „a

517 4077 592 4141 319.
617 4076 654 4139 ln
678 4075 920 4162 presbyterium
944 4078 1114 4162 ingressus
1139 4073 1275 4144 nudabit
1302 4082 1402 4163 caput
1426 4083 1461 4142 et
1483 4079 1561 4142 ante
1585 4077 1649 4142 Al·

433 4191 505 4250 tare
535 4186 637 4250 faciei
666 4181 763 4249 Cruci
794 4185 1015 4249 reverentiam
1046 4185 1259 4271 profundam:
1284 4184 1401 4251 deiude
1431 4183 1647 4269 geniculabit,

431 4292 624 4377 procumbet
646 4296 723 4356 ante
747 4290 864 4356 Altare
887 4311 1012 4377 ponens
1035 4293 1172 4359 brachia
1201 4300 1235 4359 et
1265 4299 1364 4379 caput
1387 4295 1420 4357 iu
1444 4293 1574 4358 cussino
1599 4291 1645 4358 ibi

434 4405 601 4484 apparato,
626 4405 659 4465 et
682 4397 789 4464 orabit
810 4399 882 4464 fere
906 4401 1047 4483 spatium
1072 4403 1169 4466 unius
1193 4401 1374 4468 Miserere.

522 4505 596 4572 320.
621 4505 672 4571 Ad
695 4511 812 4572 nutum
837 4505 1093 4573 anremoniarii
1116 4514 1278 4594 assurget,
1303 4507 1546 4596 suppedaneum
1570 4521 1651 4575 con-

435 4611 579 4684 scendet,
604 4613 722 4680 Altare
746 4613 952 4680 osculabitur
982 4618 1014 4679 in
1047 4615 1161 4692 medio,
1186 4637 1301 4682 manus
1325 4619 1494 4702 imponens
1524 4615 1649 4697 Allari,
