4175 5717
522 713 540 774 l
972 733 1034 780 ino.
1062 734 1108 782 ur.

558 943 596 999 lv
618 945 744 1002 FESTO
765 947 1083 1006 PURlFlCd'llONlS
1102 948 1135 1004 B.
1156 949 1310 1006 maaian
1331 949 1514 1006 VIRGlNlS.

947 1260 1089 1326 CAPUT
1114 1261 1138 1324 1.

802 1478 897 1549 Quae
918 1478 990 1544 sint
1009 1478 1277 1558 praeparanda.

438 1718 465 1780 l.
495 1635 552 1784 In
575 1715 676 1780 abaco
702 1715 829 1780 Altaria
853 1714 986 1780 maioris
1011 1713 1267 1799 praeparabitur
1290 1713 1380 1778 calix
1400 1733 1475 1778 cum
1499 1713 1651 1780 omnibus

432 1825 634 1888 ornamentis
657 1823 780 1887 coloris
803 1821 881 1896 albi;
906 1822 933 1885 si
957 1822 1020 1887 hoc
1043 1821 1165 1886 festum
1181 1820 1335 1886 inciderit
1350 1821 1383 1886 in
1403 1840 1503 1886 unam
1528 1841 1570 1888 ex
1588 1821 1650 1886 Do-

433 1933 558 1996 minicis
583 1931 801 2016 privilegiatis
825 1928 1094 2014 Septuagesimae
1119 1929 1174 1994 vel
1198 1928 1440 2014 sexagesimae,
1465 1937 1524 1994 aut
1548 1929 1651 2006 Quin-

432 2041 649 2125 quagesimae,
674 2039 789 2103 calicis
813 2042 991 2123 apparatus
1014 2038 1080 2101 erit
1104 2035 1228 2101 coloris
1253 2035 1402 2102 violacei.

518 2148 549 2212 2.
575 2147 726 2223 Planeta,
743 2144 830 2210 stola
846 2150 881 2209 et
896 2142 1084 2230 manipulus
1101 2143 1169 2208 albi
1185 2144 1317 2220 coloris;
1343 2143 1429 2228 quod
1446 2146 1474 2210 si
1491 2147 1524 2210 in
1550 2165 1650 2210 unam

429 2279 472 2323 ex
495 2255 693 2342 supradictis
717 2254 893 2320 Dominicis
917 2252 1080 2329 inciderit,
1105 2253 1292 2338 manipulus
1317 2259 1351 2318 et
1381 2254 1518 2340 planeta
1549 2261 1651 2320 erunt

431 2367 553 2432 coloris
577 2363 727 2429 violacei.

517 2475 548 2538 3.
573 2472 738 2536 Pulvinus
760 2471 827 2537 albi
851 2472 974 2536 coloris
998 2491 1058 2556 pro
1081 2471 1219 2547 Missali,
1245 2472 1273 2535 si
1297 2471 1397 2536 Missa
1420 2471 1650 2540 celebrabitur

432 2582 471 2647 de
497 2582 533 2645 B.
559 2581 710 2665 Virgine.

519 2690 550 2752 4.
575 2687 807 2762 Tburibulum
832 2686 990 2752 navicula
1013 2706 1088 2751 cnm
1113 2686 1213 2751 thure
1237 2691 1369 2752 etcum
1392 2687 1577 2754 cochleari.

519 2796 550 2862 5.
575 2796 759 2861 vasculum
783 2813 888 2878 aquae
911 2792 1106 2859 benedictae
1130 2813 1204 2858 cum
1228 2794 1425 2878 aspersorio.

519 2905 549 2968 6.
575 2904 702 2969 Urceus
726 2921 800 2966 cum
825 2901 923 2986 pelvi,
942 2901 1079 2965 mantile
1096 2921 1154 2964 seu
1175 2902 1419 2986 manutergium
1442 2907 1477 2968 et
1500 2903 1653 2990 aliquau-

432 3014 505 3078 tula
528 3009 675 3076 medulla
698 3009 791 3095 panis
816 3009 849 3072 in
872 3007 1051 3094 pelvicula.

520 3121 549 3183 7.
575 3117 752 3203 Ampullae
776 3115 843 3179 vini
867 3121 902 3180 et
925 3134 1030 3199 aquae
1056 3116 1088 3180 iu
1112 3134 1173 3188 sua
1196 3115 1365 3201 pelvicula
1389 3136 1464 3182 cum
1495 3117 1654 3207 mappula

433 3249 490 3292 sou
516 3227 734 3309 manutergio.

521 3335 551 3398 8.
576 3333 789 3419 Campanula.

519 3443 549 3506 t).
576 3442 746 3507 Nonnulla
769 3441 975 3527 exemplaria
998 3441 1097 3506 buius
1121 3438 1199 3504 libri
1222 3458 1283 3524 pro
1305 3439 1496 3525 antiphonis
1522 3441 1556 3508 in
1580 3463 1655 3530 pro·

432 3550 580 3614 cessione
605 3548 794 3614 recitandis.

524 3655 572 3718 10.
598 3655 693 3740 Apud
717 3655 854 3720 abacum
878 3656 1131 3742 praeparabitur
1155 3653 1247 3719 Crux
1271 3653 1412 3719 hastilis.

523 3763 572 3826 ll.
598 3763 635 3825 ln
653 3763 780 3828 Altaris
797 3764 909 3830 fronte
925 3764 1092 3830 locabitur
1108 3762 1246 3848 pallium
1262 3761 1328 3827 albi
1342 3762 1467 3828 coloris
1484 3785 1655 3854 supraque

432 3873 537 3955 ipsum
561 3869 705 3934 alterum
722 3871 918 3946 violaceum,
937 3871 1023 3957 quod
1042 3871 1142 3936 facile
1157 3871 1305 3935 amoveri
1321 3871 1434 3955 possit.
1456 3871 1527 3940 Nisi
1550 3875 1655 3942 Missa

433 3978 473 4042 de
497 3978 533 4041 B.
558 3977 699 4062 Virgine
723 3977 925 4056 celebretur,
949 3978 1007 4044 sed
1024 3979 1065 4044 de
1089 3977 1229 4063 quadam
1245 3996 1288 4043 ex
1304 3977 1482 4044 antedictis
1508 3979 1657 4050 Domini·

432 4087 479 4151 cis
503 4085 732 4170 privilegiatis,
758 4086 896 4172 pallium
920 4093 1051 4152 tantum
1075 4085 1261 4152 violaceum
1286 4089 1465 4150 statuetur.

524 4193 572 4256 12.
598 4193 704 4277 Sopor
729 4193 838 4258 Altari
862 4195 895 4256 in
919 4193 1027 4258 latere
1052 4193 1221 4278 Epistolae
1245 4191 1467 4258 collocabitur
1491 4195 1653 4280 pulvinus

434 4305 612 4380 violaceus,
639 4323 695 4369 seu
722 4305 823 4388 legile
846 4324 920 4368 cum
945 4303 1072 4369 Missali
1094 4310 1221 4389 aperto.

526 4412 572 4473 la.
600 4412 650 4476 llx
674 4410 788 4475 eodem
812 4411 919 4475 latere
936 4413 969 4475 in
986 4411 1087 4495 plano
1104 4411 1355 4496 praeparabitur
1379 4433 1502 4497 parvus
1526 4417 1650 4484 abacus

433 4524 608 4600 coopertus
631 4517 708 4581 alba
740 4517 880 4592 tobalea,
905 4525 936 4581 et
967 4535 1069 4603 ¹super
1100 4538 1139 4582 eo
1170 4519 1387 4604 disponentur
1410 4521 1576 4590 andalae
1601 4525 1651 4594 be·

435 4621 645 4693 nediccndao.
671 4645 754 4709 quae
778 4624 887 4690 altero
911 4626 1037 4689 orantili
1062 4625 1138 4690 albo
1163 4632 1394 4710 contegentur.
