4175 5717
610 703 632 763 6
1065 716 1130 763 nm.
1156 716 1191 764 11.

520 829 660 914 phonam
684 826 832 913 primam,
856 828 1010 908 assurget
1031 841 1072 887 ac
1095 827 1225 908 repetet
1248 822 1405 888 eamdem.
1431 823 1502 890 Duc
1519 823 1570 888 illi
1594 823 1737 910 cappel-

520 936 598 1012 lani,
623 935 692 999 sive
715 934 813 998 etiam
829 951 915 996 unus
932 929 1000 1006 ille,
1017 931 1073 1016 qui
1096 949 1137 994 ex
1155 928 1269 994 eadem
1292 928 1514 996 ebdomadarii
1530 937 1625 1016 parte
1649 930 1739 1018 psal-

519 1062 607 1108 mum
631 1041 802 1114 intonavit,
819 1035 996 1104 secundam
1013 1036 1166 1102 recitabit
1181 1038 1403 1124 antiphonam,
1421 1039 1541 1122 quique
1559 1057 1602 1103 ex
1624 1037 1737 1108 altera

517 1154 613 1236 parte
636 1147 790 1212 recitarit
812 1145 1024 1232 antiphonam
1056 1145 1204 1229 primam,
1229 1144 1391 1229 psalmum
1415 1143 1597 1211 secundum
1630 1163 1737 1211 exor-

519 1257 638 1332 dietnr;
662 1253 759 1338 idque
781 1251 935 1337 deinceps
959 1271 1089 1336 semper
1112 1251 1348 1336 praestabitur.

609 1362 658 1426 17.
682 1361 766 1425 Dum
796 1361 896 1424 tertia
928 1359 1024 1442 primi
1058 1358 1214 1422 nocturni
1249 1358 1429 1445 antiphona
1460 1363 1642 1443 repetetur,
1668 1358 1737 1426 duo

517 1469 691 1557 penultimi
715 1464 917 1552 cappellani,
941 1464 997 1531 vel
1020 1461 1235 1540 Beneficiarii,
1260 1465 1316 1548 qui
1339 1471 1417 1531 sunt
1440 1485 1483 1530 ex
1512 1449 1738 1532 ebdom'adarii

517 1582 621 1661 parte,
639 1573 820 1660 procedent
842 1574 876 1637 in
899 1570 1041 1637 medium
1066 1571 1205 1637 chorum
1220 1570 1261 1636 ad
1277 1571 1482 1638 versiculum
1514 1572 1737 1638 recitandum.

516 1687 588 1752 Hoc
612 1687 710 1751 etiam
733 1685 857 1750 facient
880 1685 914 1747 in
936 1684 1037 1748 tertio
1062 1688 1238 1757 nocturno,
1263 1681 1421 1766 siquidem
1445 1684 1478 1749 in
1507 1682 1654 1750 secundo
1676 1703 1737 1750 no-

515 1799 645 1869 cturno,
677 1793 772 1858 iuxta
803 1788 955 1877 regulam
989 1788 1154 1864 traditam,
1190 1788 1371 1875 procedere
1406 1789 1489 1856 illuc
1523 1791 1646 1858 debent
1677 1794 1736 1878 qui

517 1906 595 1965 sunt
618 1919 660 1965 ex
683 1904 777 1984 parte
801 1895 1033 1963 ebdomadario
1059 1895 1208 1962 adversa.

604 2005 655 2071 18.
679 2005 892 2071 Versiculum
923 2004 1113 2070 recitabunt
1148 2006 1181 2068 in
1213 2003 1328 2081 medio,
1360 2010 1475 2092 postea
1505 2004 1662 2072 redibunt
1690 2005 1736 2072 ad

514 2107 625 2179 locum
649 2133 754 2178 suum.
779 2112 813 2178 Si
837 2112 925 2177 alter
947 2111 1085 2177 illorum
1114 2131 1287 2178 remanere
1320 2110 1452 2178 debebit
1479 2112 1641 2181 lectiones
1672 2133 1734 2180 re-

514 2219 637 2286 citandi
660 2220 777 2305 gratia,
801 2220 891 2285 alter
913 2220 968 2304 qui
992 2217 1149 2295 discedet,
1173 2215 1440 2304 genuflexionem
1465 2220 1564 2286 Cruci
1589 2227 1623 2287 et
1638 2221 1735 2288 incli-

514 2329 679 2392 nationem
703 2326 804 2391 faciet
827 2327 926 2402 socio,
951 2327 1006 2410 qui
1029 2326 1129 2392 simili
1152 2326 1353 2392 salutatione
1377 2326 1429 2391 illi
1463 2327 1675 2413 respondebit
1698 2335 1735 2395 et

513 2435 555 2500 ad
577 2434 688 2500 locum
712 2454 807 2499 suum
830 2433 1033 2519 remigrabit.
1069 2433 1190 2499 Lector
1221 2453 1294 2499 esse
1323 2433 1460 2500 deberet
1482 2435 1569 2501 alius
1600 2431 1641 2502 ac
1675 2437 1736 2521 qui
1804 2505 1820 2524 ‚

514 2545 657 2609 recitant
681 2540 893 2607 versiculum.

606 2650 654 2715 19.
677 2647 729 2715 Ad
752 2647 955 2714 versiculum
977 2653 1069 2715 totus
1104 2649 1228 2715 chorus
1263 2647 1475 2734 respondebit
1508 2649 1550 2716 ad
1580 2650 1731 2720 eumdem

514 2763 548 2822 et
570 2763 684 2842 postea
707 2762 897 2840 consurget.

601 2863 654 2929 20.
679 2860 938 2928 Ebdomadarius
961 2861 1094 2929 adiiciet
1117 2864 1226 2932 Pater
1247 2872 1376 2942 noster,
1393 2871 1464 2931 tum
1487 2865 1730 2934 absolutionem

514 2977 548 3036 et
569 2969 840 3046 benedictionem,
865 2972 958 3035 utin
982 2970 1165 3036 Breviario.

600 3078 653 3144 21.
678 3078 800 3142 Lector
816 3079 936 3142 iunctis
952 3084 1030 3143 ante
1047 3084 1162 3164 pectus
1180 3080 1329 3145 manibus
1345 3080 1606 3148 benedictionem
1626 3085 1731 3168 petet,

512 3205 630 3250 versus
653 3183 919 3250 ebdomadarium
949 3185 1228 3270 inclinatusque
1263 3192 1352 3253 statu
1383 3187 1588 3273 permanebit
1623 3185 1730 3254 donec

511 3290 571 3356 ille
595 3291 856 3358 benedictionem
879 3293 1084 3357 recitaverit.

473 3465 480 3474 ,
600 3399 652 3466 22.
678 3398 744 3464 Sub
768 3397 866 3464 flnem
888 3399 1051 3476 lectionis,
1075 3400 1140 3465 duo
1172 3400 1375 3488 Gappellani,
1409 3422 1549 3487 quorum
1584 3400 1731 3470 officium

510 3511 563 3570 est
584 3507 726 3571 recitare
750 3507 947 3591 antiphonas
971 3514 1005 3571 et
1028 3507 1181 3572 intonare
1205 3508 1357 3593 psalmos,
1382 3509 1563 3594 procedent
1594 3511 1628 3574 in
1652 3529 1728 3576 rue-

511 3610 600 3676 dium
630 3611 671 3677 ad
699 3615 944 3699 responsorium
977 3618 1052 3698 post
1085 3613 1262 3680 lectionem
1297 3615 1513 3682 recitandum.
1537 3615 1730 3685 Attendant

512 3725 549 3784 ut
572 3719 616 3784 ibi
639 3726 771 3805 praesto
794 3724 861 3785 sint
884 3740 949 3804 quo
972 3727 1120 3806 ternpore
1137 3722 1245 3788 lector
1269 3722 1348 3788 dicit
1375 3723 1430 3790 Tu
1446 3731 1563 3792 autem
1578 3723 1732 3792 Domine

510 3832 573 3891 etc.
599 3834 636 3893 ut
658 3827 823 3893 addantur
847 3828 898 3893 illi
922 3830 955 3892 in
978 3826 1211 3913 genuflexione
1235 3830 1276 3896 ad
1301 3831 1440 3898 Crucem
1463 3831 1661 3919 peragenda.

597 3934 650 4000 23.
676 3934 907 4019 Responsoria,
925 3942 963 4000 ut
986 3938 1122 4002 suntin
1146 3937 1331 4016 Breviario,
1349 3939 1581 4006 recitabuntur
1603 3941 1637 4004 in
1662 3961 1732 4007 me-

509 4041 562 4108 dio
586 4042 689 4106 choro
712 4061 732 4106 a
755 4041 932 4127 praedictis
957 4042 1166 4129 cappellanis
1189 4065 1249 4111 seu
1283 4044 1517 4125 Beneficiariis,
1541 4047 1660 4132 quibus
1693 4049 1730 4114 in

510 4151 718 4236 responsorio
741 4148 880 4215 dicendo
903 4150 1114 4236 respondebit
1137 4152 1255 4219 lector.

595 4258 648 4322 24.
673 4257 754 4322 Post
777 4260 917 4343 primum
941 4262 1187 4343 responsorium
1213 4259 1369 4327 redibunt
1398 4261 1439 4327 ad
1470 4262 1580 4328 locum
1615 4285 1728 4344 suum,

507 4361 616 4430 lector
639 4371 750 4430 autem
773 4365 927 4431 methodo
943 4367 1007 4431 iam
1023 4366 1156 4445 tradita,
1169 4368 1349 4436 secundam
1364 4370 1518 4436 recitabit
1534 4369 1727 4451 lectionem,

508 4489 548 4535 ac
577 4469 693 4536 deinde
722 4473 867 4538 alterum
900 4476 1156 4558 responsorium,
1181 4475 1361 4561 eodemque
1395 4477 1492 4545 modo
1515 4478 1649 4545 tertiam
1679 4479 1731 4546 le-

508 4579 651 4643 ctionem
675 4599 748 4644 cum
772 4582 873 4645 tertio
897 4584 1118 4666 responsorio.
