4175 5717
526 691 592 774 aaa
984 729 1049 773 tun
1077 726 1122 773 ιν.

443 840 485 903 Et
510 838 674 924 repetitur
697 834 889 921 Antiphone
913 842 993 901 tono
1016 836 1052 900 8⁰
1079 836 1258 925 Confirmet
1282 837 1346 902 hoc
1368 836 1476 914 Deus,
1493 856 1560 922 qua
1575 857 1670 925 repe-

440 949 512 1018 tita,
538 965 723 1010 conversus
746 942 787 1007 ad
811 944 931 1007 Altare
956 945 1078 1009 iunctis
1102 952 1182 1008 ante
1206 950 1323 1028 pectus
1347 944 1498 1010 manibus
1523 929 1632 1011 dicitt'

530 1062 560 1127 ἵ.
590 1053 740 1119 Ostende
763 1050 863 1118 nobis
888 1052 1034 1119 Domine
1058 1053 1341 1119 misericordiam
1365 1060 1472 1121 tuom.

530 1172 565 1244 ru.
591 1162 635 1228 lit
658 1161 820 1226 satutare
845 1167 946 1226 tuum
969 1161 1016 1224 do
1040 1160 1165 1236 nodis.¹

530 1274 561 1342 y.
588 1268 738 1334 Domine
762 1267 900 1332 euaudi
924 1265 1127 1334 Orationem
1150 1286 1274 1334 nicom.

531 1387 564 1457 a.
592 1375 635 1442 lit
658 1377 795 1440 etumor
817 1394 918 1441 meus
941 1376 989 1440 od
1014 1381 1046 1441 te
1068 1376 1195 1442 reniet.

528 1489 560 1557 ὴ.
587 1482 761 1549 Dmuinus
783 1480 972 1550 nobiseum.

530 1601 565 1673 a.
590 1590 635 1670 lit
658 1608 741 1656 eum
763 1590 896 1672 spiritu
920 1596 989 1657 tuo.

527 1699 652 1765 iunctis
679 1717 762 1763 vero
785 1696 895 1762 adhuc
918 1703 997 1763 anta
1022 1702 1138 1783 pectus
1162 1698 1378 1775 inumbrant
1401 1699 1551 1765 omnibus
1577 1699 1667 1765 Gon-

438 1806 577 1872 firmatis
609 1805 729 1871 devota
751 1802 1066 1890 genuflectentibus,
1091 1795 1188 1870 dictu

955 2020 1147 2089 OREMUS.
1257 2056 1262 2070 ·

526 2241 636 2316 Deus,
661 2241 727 2325 qui
749 2240 925 2322 Apostotis
957 2239 1027 2305 tuis
1053 2238 1224 2306 Sanctum
1258 2240 1388 2305 dedisti
1426 2238 1609 2323 Spiritum,
1633 2247 1667 2308 et

432 2369 500 2432 per
525 2366 592 2420 eos,
618 2365 816 2432 eorumque
840 2346 1072 2414 Successores
1099 2347 1225 2413 ceteris
1254 2346 1417 2434 fidelibus
1449 2347 1665 2414 tradendum

436 2476 510 2524 osse
533 2456 684 2529 coluisti,
709 2456 846 2538 respice
865 2456 1048 2538 propitius
1072 2455 1120 2518 od
1144 2454 1352 2521 humilitatis
1375 2461 1519 2522 nostrae
1539 2457 1664 2539 somu-

437 2569 556 2638 totum
593 2571 625 2630 et
656 2569 814 2646 praesto,
849 2569 889 2629 ut
913 2582 1038 2629 eorum
1061 2563 1182 2635 eorda,
1207 2582 1363 2645 quorum
1388 2565 1529 2647 frontes
1559 2581 1663 2632 sacro

438 2673 635 2739 Citrismote
658 2670 892 2743 delinivimus,
918 2676 950 2736 et
978 2671 1080 2752 sipno
1110 2667 1260 2736 Sanctae
1290 2669 1416 2739 Crucis
1431 2671 1662 2757 donavimus,

434 2781 526 2845 idem
550 2777 708 2860 Spiritus
737 2775 890 2842 Sanetus
913 2777 951 2839 iu
975 2776 1024 2840 eis
1048 2777 1312 2857 superueniens,
1339 2781 1505 2861 temptum
1525 2779 1664 2862 ptomoe

434 2906 521 2952 sune
556 2887 749 2970 riipnonter
783 2880 1013 2947 inhabitando
1044 2884 1231 2968 perficiat:
1270 2883 1337 2955 Qui
1369 2906 1451 2951 eum
1487 2886 1596 2953 Putre
1630 2893 1662 2954 et

434 2995 552 3061 eodem
577 2992 715 3073 Spiritu
740 2987 867 3053 Sancto
891 2988 987 3061 niuis,
1013 2995 1045 3054 et
1069 3008 1200 3073 requos
1227 2991 1323 3059 Deus
1350 2994 1388 3059 in
1414 2997 1558 3060 soeculo
1580 3012 1661 3060 soe-

434 3103 610 3168 autorum.
636 3108 671 3177 a.
696 3096 819 3160 Amen.
913 3165 915 3169 .

523 3205 648 3271 Deinde
672 3203 762 3267 dicit:
788 3203 878 3269 Dece
901 3203 951 3267 sic
975 3202 1202 3271 benedicetur
1225 3208 1338 3273 omnis
1362 3208 1472 3282 Domo,
1486 3210 1551 3292 qui
1566 3209 1659 3277 timet

433 3318 636 3385 Dominum:
661 3318 694 3375 et.
719 3317 855 3375 vertens
880 3332 915 3374 sc
939 3310 980 3375 ad
1005 3310 1236 3389 Confirmatns,
1261 3337 1300 3379 ac
1325 3315 1451 3378 faciens
1476 3337 1578 3401 super
1602 3337 1659 3383 aas

432 3428 561 3511 signum
587 3420 705 3487 Crucis
728 3419 855 3504 pariter
879 3418 968 3483 dicit:

523 3531 620 3595 Bene
643 3525 686 3612 ᾖ
710 3527 804 3592 dieat
835 3543 895 3591 nos
925 3526 1097 3593 Dominus
1128 3548 1176 3594 em
1207 3527 1302 3602 Sion,
1335 3537 1375 3597 ut
1397 3530 1544 3598 uideatis
1567 3531 1660 3599 Dono
1737 3590 1739 3593 .

433 3638 633 3707 Ierusalem
657 3633 819 3700 omnibus
844 3632 968 3700 diebus
995 3634 1087 3700 uitae
1116 3643 1264 3709 vestroe,
1298 3644 1330 3703 et
1364 3637 1521 3706 habeatis
1550 3640 1659 3706 uitam

432 3753 625 3814 aeternum.
651 3752 685 3822 ru.
712 3742 832 3807 Amen.
1601 3812 1604 3818 ,
1683 3729 1686 3733 ⁴

521 3850 687 3937 Expedita
710 3850 774 3914 hoc
799 3854 895 3934 pacto
921 3848 1193 3926 confirmatione,
1219 3850 1382 3917 Sacerdos
1407 3852 1535 3931 sedens,
1555 3854 1658 3940 juxta

431 3963 649 4028 memoratum
683 3955 880 4023 Pontificale
918 3958 1105 4023 Romanum
1136 3958 1196 4044 (a),
1226 3960 1393 4036 PatrinoS,
1425 3967 1460 4026 et
1491 3962 1656 4028 Matrinus

430 4073 553 4140 monet,
579 4065 664 4149 quod
690 4067 860 4130 instruant
883 4064 970 4130 filios
994 4086 1071 4129 snos
1097 4066 1190 4130 bonis
1219 4066 1376 4144 moribuS,
1406 4067 1493 4134 tunde
1524 4069 1657 4155 fugiant

431 4176 529 4248 mala,
555 4179 590 4237 et
614 4174 739 4238 iaciant
763 4174 860 4249 bona,
886 4180 920 4238 at
943 4177 969 4237 si
997 4176 1084 4238 torte
1100 4176 1141 4265 ‘in
1160 4175 1306 4238 infantili
1324 4183 1434 4240 aetate
1452 4184 1565 4242 essent
1581 4198 1657 4243 con·

432 4283 563 4356 firmati,
589 4287 627 4345 ut
651 4303 711 4345 suo
736 4288 884 4366 tempore
909 4282 1050 4347 doceant
1077 4304 1132 4346 uos
1161 4283 1273 4348 Credo
1297 4285 1334 4348 in
1351 4285 1473 4359 Deum,
1492 4292 1525 4349 ct
1547 4286 1656 4353 Pater

432 4397 562 4464 nosier,
588 4397 622 4454 et
647 4390 717 4456 Aue
742 4391 871 4465 Mario,
898 4392 1051 4474 quoniam
1077 4390 1116 4454 nd
1141 4391 1204 4453 hoc
1228 4397 1307 4455 siunt
1331 4392 1478 4477 obligati.

521 4499 592 4564 Hoc
609 4498 862 4564 Sacramentum
879 4505 988 4583 potest
1004 4500 1155 4563 conferri
1172 4498 1279 4561 minus
1296 4497 1503 4573 solemniter,
1517 4505 1550 4564 ot
1563 4519 1656 4587 prae·

431 4608 546 4675 sertim
573 4613 653 4671 tunc
678 4628 751 4670 cnm
778 4607 808 4694 in
835 4607 973 4691 privatis
1000 4607 1163 4681 domibus,
1188 4605 1241 4668 rel
1259 4612 1359 4670 extra
1375 4605 1570 4681 Ecclesiam,
1596 4628 1654 4674 sau

503 4731 545 4800 (u)
567 4730 635 4785 Lac.
657 4728 703 4784 eit.
