4175 5717
845 689 851 696 ’
964 716 1029 762 mu.
1056 717 1090 764 n.

658 936 710 992 DE
730 935 846 992 MODO
865 934 1117 992 CELEBRANDI
1137 935 1224 992 DIES
1244 934 1405 992 FESTOS.

896 1243 1122 1308 APPENDIX
1147 1243 1169 1308 l.

430 1483 457 1546 l.
482 1403 611 1552 Finis
634 1479 784 1554 huiusce,
815 1479 1052 1561 cuiuscumque
1082 1478 1180 1564 pretii
1211 1478 1264 1555 sit,
1297 1466 1405 1564 operis
1436 1483 1489 1544 est
1520 1479 1649 1544 rituum

428 1587 699 1662 uniformitatem,
723 1585 830 1669 quoad
854 1583 925 1650 lieri
948 1591 1067 1670 potest,
1100 1603 1283 1670 procurare
1314 1586 1347 1649 in
1378 1585 1531 1650 ecclesiis
1563 1603 1650 1670 quae

429 1697 495 1761 ritu
521 1695 670 1759 Romano
695 1699 846 1758 utuntur.
872 1693 970 1758 quta
1000 1692 1136 1757 titulum
1166 1692 1351 1778 praesentis
1382 1691 1522 1778 capituli
1553 1691 1652 1758 vide-

430 1809 525 1867 retur
541 1800 768 1866 disserendum
786 1820 858 1866 esse
875 1800 915 1865 de
932 1801 1047 1864 maiori
1064 1801 1227 1865 minorive
1242 1801 1404 1866 festorum
1420 1799 1649 1876 solemnitate,

429 1909 469 1973 de
494 1907 685 1974 eorumdem
709 1907 870 1994 dignitate
894 1915 928 1973 et
951 1907 1122 1972 similibus.
1148 1907 1211 1974 Sed
1236 1909 1389 1992 quoniam
1414 1907 1446 1972 id
1477 1911 1652 1993 spectaret

429 2017 469 2081 ad
494 2023 621 2103 partem
645 2017 838 2092 theoricam,
862 2018 895 2080 in
919 2037 984 2100 qua
1009 2035 1076 2080 non
1101 2015 1165 2080 fuit
1188 2016 1281 2082 nobis
1306 2018 1339 2080 in
1371 2017 1480 2081 animo
1512 2035 1654 2102 operam

429 2124 628 2209 impendere,
653 2144 753 2208 quum
779 2124 852 2188 fuse
875 2117 1070 2208 eruditeque
1094 2143 1114 2188 a
1138 2125 1272 2188 summis
1297 2125 1358 2189 viis
1390 2124 1470 2188 viris
1500 2128 1654 2190 tractata
1724 2109 1729 2124 ¹

430 2235 481 2308 sit,
507 2234 552 2296 ita
575 2234 608 2296 in
635 2232 698 2295 hoc
721 2232 828 2316 capite
853 2231 936 2295 nihil
961 2231 1052 2296 eliud
1078 2231 1287 2308 intendimur,
1304 2251 1400 2316 quam
1418 2231 1555 2317 regulam
1571 2251 1656 2316 qua·

431 2340 522 2404 sdam
545 2338 680 2404 tradere
704 2358 763 2424 pro
788 2339 881 2402 festis
906 2339 985 2416 illis,
1010 2359 1094 2422 quae
1119 2340 1151 2403 in
1177 2338 1245 2404 dies
1277 2337 1428 2404 incidunt
1457 2339 1499 2404 ab
1532 2337 1653 2406 officiis

431 2445 685 2512 solemnioribus
709 2445 892 2531 impeditos.

519 2555 550 2620 2.
577 2555 626 2620 Ac
652 2555 792 2639 primum
809 2554 939 2638 quidem
956 2574 1092 2620 necesse
1109 2560 1160 2620 est
1176 2556 1316 2620 innuere
1332 2555 1464 2639 quinam
1480 2541 1551 2620 sint
1568 2553 1654 2632 dies,

433 2664 488 2748 qui
512 2662 694 2727 cuiuslibet
716 2662 795 2727 festi
818 2665 967 2746 quamuis
991 2663 1150 2728 solemnis
1173 2663 1430 2728 celebrationem
1455 2661 1655 2740 excludant,

433 2768 614 2836 cuiusmodi
638 2777 717 2834 sunt.
740 2769 781 2834 de
806 2769 928 2836 Sancto
954 2772 1101 2836 Patrono
1127 2771 1202 2848 loci,
1227 2770 1267 2842 de
1291 2769 1413 2836 Sancto
1438 2769 1596 2848 Titulari,
1613 2769 1657 2838 de

432 2878 645 2943 Dedicat-ione
669 2879 823 2964 propriae
846 2879 1019 2954 ecclesiae,
1043 2878 1084 2944 de
1108 2878 1231 2944 Sancto
1262 2879 1458 2944 institutore
1488 2877 1657 2962 cuiusque

436 2986 561 3050 ordinis
585 2985 743 3070 religiosi,
768 2991 803 3050 et
826 2985 866 3050 de
889 2986 1055 3070 aliquibus
1079 2986 1163 3062 aliis,
1189 2989 1243 3072 qui
1260 3005 1470 3072 magnacum
1487 2985 1658 3072 religione
1713 2969 1719 2990 ¹

433 3115 453 3159 a
477 3093 627 3159 fidelibus
651 3093 820 3158 coluntur.

522 3203 552 3266 3.
578 3201 607 3265 A
632 3201 773 3266 rubricis
796 3202 1009 3287 generalibus
1041 3203 1185 3268 Missalis
1209 3207 1243 3268 et
1277 3201 1439 3268 Breviarii
1471 3201 1659 3288 multisque

433 3310 651 3376 decisionibus
677 3309 708 3374 S.
735 3309 1009 3395 Congregationis
1033 3311 1170 3376 Rituum
1194 3315 1434 3376 enumerantur
1458 3309 1575 3388 feriae,
1594 3311 1658 3380 Do·

435 3419 574 3482 minicae
598 3416 763 3482 etaltera
791 3418 888 3494 festa,
913 3438 996 3502 quae
1028 3418 1211 3484 excludunt
1245 3417 1474 3503 quodcumque
1510 3417 1657 3486 officium

436 3529 514 3592 licet
540 3527 681 3590 niaxime
706 3526 864 3602 solemne,
889 3533 927 3592 ut
950 3547 977 3592 e.
1002 3547 1033 3612 g.
1059 3525 1099 3591 de
1124 3528 1270 3592 Patrono
1294 3527 1469 3614 principali
1493 3525 1534 3592 de
1564 3528 1659 3595 Titu-

439 3636 512 3710 lari,
537 3634 577 3698 de
601 3633 814 3698 Dedicatione
847 3636 1001 3720 propriae
1031 3635 1192 3699 ecclesiae
1224 3641 1257 3698 et
1279 3641 1393 3699 cetera
1422 3633 1512 3700 festa
1542 3637 1655 3712 etiam,

439 3763 522 3828 quae
547 3743 615 3806 ritu
639 3741 786 3826 gaudent
809 3744 934 3829 primae
958 3743 1073 3807 classis
1098 3748 1131 3807 et
1147 3742 1290 3806 maxime
1305 3761 1325 3805 a
1340 3740 1462 3828 populo
1484 3739 1660 3808 celebran-

436 3859 494 3917 tur
517 3851 650 3936 pietate.
1462 3927 1466 3934 Ι

526 3961 557 4023 l.
583 3958 794 4025 OFFICIUM
819 3957 991 4036 festorum,
1015 3978 1099 4042 quae
1124 3957 1275 4024 incIdunt
1305 3957 1339 4022 in
1369 3954 1559 4042 praedictos
1588 3955 1659 4024 dies

438 4067 612 4134 celebrare
636 4086 703 4130 non
726 4066 816 4140 licet,
842 4065 899 4132 sed
923 4064 1194 4131 transferendum
1217 4070 1268 4130 est
1283 4084 1348 4149 quo
1364 4061 1461 4128 modo
1476 4083 1498 4128 a
1513 4063 1661 4130 rubricis

437 4175 687 4262 praescribitur.
713 4173 888 4238 FESTUM
913 4179 1024 4238 autem
1049 4194 1106 4238 seu
1125 4173 1316 4239 solemnitas
1334 4173 1482 4236 exterior
1502 4173 1659 4256 quoniam

439 4286 499 4348 illa
524 4284 574 4348 die
599 4288 727 4348 statute
750 4287 810 4356 est,
837 4280 1000 4346 celebrari
1025 4281 1138 4346 eadem
1163 4280 1214 4345 die
1237 4279 1344 4354 debet,
1369 4277 1527 4362 siquidem
1550 4279 1662 4346 indul·

440 4394 562 4476 gentio,
587 4411 671 4475 quae
695 4390 782 4454 solet
806 4409 825 4453 a
849 4387 882 4458 S.
908 4389 991 4454 Sede
1015 4409 1075 4474 pro
1100 4389 1163 4453 hoc
1187 4387 1273 4452 sesto
1299 4385 1446 4464 concedi,
1464 4407 1531 4454 non
1548 4388 1663 4456 lucra·

440 4509 497 4563 tur
522 4500 585 4562 nisi
608 4499 659 4563 die
683 4497 899 4583 praescripto,
924 4515 1093 4580 nunquam
1117 4513 1197 4560 uero
1221 4494 1273 4561 die
1297 4493 1368 4572 illo,
1392 4495 1426 4560 in
1456 4513 1553 4579 quem
1583 4493 1661 4562 offi-

443 4607 527 4668 cium
553 4607 755 4670 translatum
779 4612 838 4672 est.
