4175 5717
523 737 585 802 148
971 757 1037 804 crs.
1064 758 1110 806 ru.

429 864 487 929 sed
510 871 610 929 extra
631 867 801 930 cancellos
824 885 884 932 seu
907 864 1128 930 balaustrium
1159 865 1286 942 sacelli;
1310 865 1428 932 clerici
1452 863 1647 950 superpelli-

373 953 377 960 ¹
429 991 488 1037 ceo
512 970 619 1037 induti
641 971 815 1037 intrabunt
837 973 872 1036 in
894 972 1053 1038 ambitum
1076 970 1204 1036 sacelli.
1721 1031 1723 1038 .

517 1077 570 1142 25.
595 1078 756 1144 Sacerdos
779 1077 937 1144 ascendet
959 1077 1000 1144 ad
1023 1078 1153 1155 Altare,
1177 1077 1278 1144 tollet
1300 1079 1341 1144 de
1357 1099 1384 1144 s.
1402 1077 1523 1146 Pixide
1537 1077 1647 1144 velum

429 1185 604 1250 humerale
627 1203 765 1269 eamque
787 1193 890 1272 ponet
911 1187 943 1250 in
968 1185 1075 1250 medio
1098 1185 1221 1263 altari,
1244 1193 1280 1252 et
1295 1186 1385 1252 lacta
1400 1183 1645 1272 genuflexione,

429 1312 465 1357 se
488 1299 689 1357 convertens
712 1312 831 1358 versus
854 1310 960 1357 cornu
983 1291 1173 1376 Evangelii,
1196 1291 1377 1360 descendet
1398 1291 1441 1358 de
1470 1291 1583 1358 Altari
1613 1297 1648 1358 ct

429 1399 634 1484 geniculabit
656 1401 690 1462 in
713 1398 820 1465 medic
842 1399 950 1485 gradu
973 1397 1094 1464 infimo.

517 1506 571 1572 26.
595 1506 710 1572 Flexis
734 1505 874 1591 genibus
897 1505 1069 1584 hocloco,
1094 1507 1249 1572 recitabit
1271 1506 1327 1598 rel
1350 1507 1504 1574 cantabit
1526 1513 1558 1582 t.
1583 1507 1648 1576 Pa-

429 1635 510 1682 nem
532 1615 576 1680 dc
597 1603 691 1681 c'oelc
714 1620 778 1678 etc.
802 1619 872 1679 tum
895 1619 1061 1700 assurget,
1085 1613 1175 1680 dicet
1204 1613 1376 1682 Dominus
1405 1613 1588 1682 vobiscum
1614 1623 1647 1680 et

431 1725 615 1788 orationem
638 1723 744 1798 Deus,
768 1720 953 1806 quinatis
975 1721 1042 1788 sub
1076 1721 1304 1791 commento
1338 1731 1401 1789 etc.
1437 1743 1515 1790 cum
1548 1722 1648 1810 longa

431 1831 647 1894 conclusione
673 1829 740 1900 Qui
761 1829 848 1896 mois
872 1835 904 1896 et
926 1847 1060 1914 regma
1091 1850 1173 1896 cum
1205 1830 1277 1898 Deo
1307 1830 1485 1898 Petraia
1516 1831 1648 1898 unitate

431 1943 494 2002 etc,
519 1937 746 2003 convertetur
767 1935 885 2001 deinde
907 1935 1097 2022 paullulum
1121 1957 1239 2004 versus
1263 1937 1431 2024 populum,
1457 1957 1584 2004 cavens
1608 1957 1648 2004 na

431 2044 587 2108 humeros
603 2049 716 2108 vertat
731 2043 774 2108 ad
789 2041 847 2110 SS.
864 2041 1117 2109 Sacramentum
1134 2050 1168 2109 et
1183 2044 1368 2130 publicabit
1383 2044 1609 2130 indulgentias
1629 2063 1649 2110 a

431 2151 573 2216 Summis
596 2149 813 2216 Pontificibus
835 2169 1012 2216 concessas
1036 2152 1187 2218 omnibus
1211 2151 1289 2228 illis,
1307 2153 1363 2236 qui
1380 2149 1437 2218 SS.
1452 2149 1647 2218 Sacramen-

431 2265 501 2323 tum
525 2277 585 2343 per
608 2257 776 2324 Viaticum
800 2259 1012 2324 comitantur.

518 2365 572 2430 27.
597 2365 681 2430 Tum
704 2365 861 2432 ascendet
883 2366 924 2430 ad
950 2365 1078 2442 Altare,
1095 2364 1298 2452 genuflectet
1313 2373 1348 2433 et
1362 2372 1501 2454 accepta
1520 2365 1648 2444 pixide,

432 2489 468 2540 ut
491 2495 603 2560 supra,
626 2481 785 2561 cooperta
807 2475 884 2541 velo
907 2476 1083 2550 humerali,
1108 2495 1143 2542 sc
1167 2481 1343 2542 convertet
1365 2474 1406 2542 ad
1429 2475 1592 2562 populum
1617 2483 1650 2542 et

430 2583 693 2648 benedictionem
715 2583 923 2650 adstantibus
947 2585 1166 2670 impertietur.

518 2691 572 2756 28.
597 2691 787 2756 Conversus
809 2692 931 2756 iterum
954 2690 996 2757 ad
1019 2691 1148 2766 Altare,
1165 2691 1320 2758 detrahet
1335 2690 1446 2758 Pixidi
1462 2690 1578 2758 velum
1593 2691 1650 2758 hu-

433 2798 567 2872 merale,
591 2797 734 2882 deponet
756 2817 828 2864 eam
851 2799 885 2863 in
908 2798 1020 2863 Altari
1042 2804 1077 2865 et
1099 2795 1312 2885 genuflectet:
1336 2798 1446 2864 solvet
1461 2797 1577 2864 velum
1593 2799 1650 2866 hu·

432 2906 568 2990 morale,
591 2904 678 2988 quod
702 2906 883 2990 recipietur
905 2925 926 2970 a
949 2904 1084 2981 clerico,
1109 2906 1164 2988 qui
1188 2905 1373 2972 sustinebat
1399 2904 1592 2972 umbellam.

520 3013 573 3078 29.
598 3012 759 3078 Sacerdos
783 3014 911 3097 aperiet
933 3013 1090 3078 ostiolum
1114 3013 1231 3078 ciborii
1253 3033 1313 3078 seu
1336 3011 1559 3089 tabernaculi,
1591 3033 1650 3098 ge-

432 3119 601 3196 nuflectet,
625 3121 784 3187 extrahet
806 3120 956 3186 Pixidem
979 3121 1020 3186 de
1042 3121 1180 3196 ciborio,
1203 3121 1332 3207 aperiet
1354 3127 1531 3204 utramque
1555 3121 1649 3186 Pixi-

431 3229 514 3303 dem,
539 3229 573 3293 in
597 3229 753 3293 maiorem
777 3227 936 3294 recondet
958 3228 1160 3304 Particulas‚
1184 3248 1268 3313 quae
1291 3225 1433 3294 aderant
1455 3229 1490 3294 in
1519 3229 1648 3306 minori,

432 3337 581 3401 excutiet
603 3356 702 3421 super
725 3335 819 3401 illam
841 3335 1039 3420 fragmenta,
1065 3337 1092 3400 si
1115 3336 1226 3421 digitis
1249 3335 1471 3412 adhaeserint.
1495 3341 1532 3402 et
1554 3335 1650 3402 clau·

433 3443 489 3508 det
512 3442 662 3508 Pixidem
685 3443 853 3508 maiorem:
878 3448 994 3528 postea
1014 3442 1135 3528 digitos
1158 3441 1347 3529 purificabit
1368 3443 1402 3507 in
1418 3442 1561 3510 vasculo
1575 3461 1650 3510 con·

433 3555 528 3615 sueto
552 3556 587 3614 et
610 3549 837 3635 purificatorio
860 3549 1041 3635 absterget
1066 3556 1205 3635 reponet
1228 3548 1378 3614 Pixidem
1394 3549 1485 3614 intra
1499 3547 1651 3616 taberna·

432 3657 555 3732 culum,
579 3653 792 3742 genuflectet,
816 3657 951 3723 claudet
972 3656 1129 3724 ostiolum
1152 3657 1371 3734 tabernaculi,
1394 3655 1563 3724 amovebit
1584 3655 1652 3722 cln-

433 3764 588 3840 vicnlam,
611 3761 790 3830 descendet
812 3763 852 3829 de
875 3764 996 3841 Altari,
1020 3760 1287 3849 genuflexionem
1318 3763 1453 3830 iterabit
1486 3765 1522 3828 in
1556 3764 1651 3850 pavi·

432 3879 544 3936 mento
567 3877 602 3936 et
624 3873 658 3936 in
681 3873 866 3937 sacristiam
889 3875 1092 3938 revertetur.
1197 3875 1207 3890 '

520 3979 573 4042 30.
599 3978 795 4044 confratres
817 3981 1018 4066 extinguent
1040 3979 1212 4046 intorticia
1234 3979 1325 4044 etin
1348 3978 1534 4044 sacristiam
1560 3977 1652 4046 reia-

324 4100 327 4106 ’
433 4091 519 4160 rent;
552 4087 629 4150 item
660 4086 776 4151 clerici
807 4106 937 4171 quoque
968 4088 1169 4173 extinguent
1189 4105 1305 4152 cereos
1336 4085 1472 4159 Almus,
1508 4085 1651 4172 compli-

432 4193 555 4258 cabunt
578 4192 754 4277 corporale
778 4201 812 4258 et
836 4216 889 4261 res
913 4217 1036 4271 omnes,
1062 4216 1145 4279 quae
1168 4193 1335 4260 adhibitae
1365 4192 1491 4257 fuerint
1523 4193 1557 4258 in
1588 4193 1653 4260 hac

431 4300 613 4375 functione,
639 4300 680 4363 ad
704 4301 889 4367 sacristiam
912 4303 1142 4384 reportabunt.

519 4407 572 4470 31.
598 4406 631 4471 Si
655 4415 791 4493 propter
813 4407 960 4492 pluviam
984 4409 1039 4471 vel
1063 4407 1304 4494 longitudinem
1329 4408 1458 4473 itineris
1494 4406 1551 4472 vel
1584 4408 1655 4474 alia

432 4513 472 4576 de
496 4534 614 4579 caussa
637 4513 827 4580 rationabili
850 4514 900 4578 las
925 4533 990 4576 non
1015 4521 1105 4582 esset
1128 4517 1257 4584 referre
1275 4518 1527 4584 Sacramentum
1542 4515 1584 4582 ad
1602 4537 1654 4584 ec·

435 4621 581 4698 clesiam,
606 4622 779 4688 Parochus
802 4620 931 4686 deleret
955 4640 1053 4685 unam
1078 4623 1295 4690 Particulam.
1324 4625 1509 4692 Deveniens
1542 4631 1655 4694 autem
