4175 5717
537 723 599 799 '170
983 751 1121 802 LlB.'lv.

444 885 514 930 ram
537 885 656 931 versus
686 863 852 931 tumulum
886 873 921 928 et
953 873 1093 928 cantans
1124 870 1155 938 γ.
1180 863 1349 950 Reqm'em
1377 871 1561 932 umam
1590 873 1652 932 etc.

442 975 558 1040 Crucis
582 976 712 1060 signum
735 973 836 1038 faciet
859 991 978 1038 versus
1009 972 1116 1036 illum.
1141 971 1301 1038 (lautores
1330 981 1443 1038 autem
1478 973 1655 1040 cantabunt

441 1083 651 1168 Requieseat
666 1083 704 1148 in
716 1099 806 1164 pace
822 1091 857 1160 rt.
874 1081 994 1146 Amen.
1016 1080 1181 1144 Diaconus
1198 1079 1332 1146 claudet
1349 1079 1475 1146 librum
1491 1089 1527 1146 et
1543 1080 1656 1148 redibit

439 1190 480 1254 ad
504 1193 673 1256 sinistram
697 1189 917 1264 Celebrant-is,
940 1195 1040 1272 atque
1071 1190 1134 1254 hoc
1157 1188 1253 1254 modo
1287 1189 1469 1255 functionis
1492 1187 1552 1256 flet
1577 1187 1656 1255 fluis.

525 1297 580 1366 27.
606 1295 727 1362 clerus
750 1295 866 1360 ordine
889 1294 973 1359 alias
995 1297 1123 1371 innuto,
1146 1295 1266 1360 redibit
1281 1295 1313 1360 in
1329 1297 1531 1370 sacristiam,
1548 1303 1582 1362 et
1596 1297 1657 1364 (le-

439 1404 574 1469 lebrans
598 1403 688 1468 lacta
710 1401 751 1466 ad
776 1401 916 1468 crucem
938 1409 974 1468 et
998 1401 1134 1468 (lterum
1159 1403 1348 1468 reuerentia
1372 1421 1441 1468 una
1464 1422 1540 1469 cum
1561 1404 1657 1470 llini-

438 1513 519 1576 stris
542 1531 639 1577 sacra
660 1509 859 1576 indumenta·
876 1509 1020 1596 deponet
1039 1509 1099 1596 (a).

525 1618 580 1684 28.
605 1617 699 1692 Quod
721 1616 763 1682 ad
786 1616 974 1702 praedictas
998 1619 1157 1702 exequias
1181 1617 1266 1684 illud
1290 1631 1342 1684 eet
1363 1607 1656 1706 notandum,=quod

437 1745 494 1791 eas
517 1725 691 1791 celebrare
708 1743 773 1789 non
791 1725 872 1790 licet
887 1723 1002 1790 diebus
1019 1723 1116 1790 officii
1132 1725 1273 1812 duplicis
1297 1729 1423 1812 primae
1439 1733 1475 1793 et
1495 1727 1656 1794 secundae

437 1835 564 1906 classis,
590 1835 623 1896 in
646 1831 798 1896 omnibus
822 1831 999 1896 Dominicis
1023 1839 1058 1897 et.
1081 1831 1174 1898 festis
1198 1835 1429 1920 praeceptiris,
1446 1853 1491 1900 ne
1508 1835 1577 1901 illis
1593 1837 1657 1922 qui·

437 1941 511 2005 dem
541 1941 700 2025 exceptis,
728 1957 813 2022 quae
843 1957 886 2003 ex
917 1937 1048 2004 indulto
1080 1938 1254 2004 Pontificio
1287 1939 1450 2026 abrogata
1477 1949 1601 2018 essent,
1624 1945 1653 2009 in

438 2048 558 2133 vigiliis
582 2047 710 2112 Natalis
733 2046 859 2110 Domini
884 2054 919 2110 et
941 2047 1167 2122 Pentecosten,
1185 2049 1218 2112 in
1235 2055 1306 2113 tota
1321 2050 1439 2114 maiori
1455 2049 1657 2116 bebdomada

436 2165 470 2220 et
494 2157 525 2218 in
550 2159 669 2219 octava
693 2153 906 2238 Epiphaniae,
932 2153 1116 2227 resciatis,
1142 2155 1358 2220 Pentecostes
1373 2161 1409 2220 et
1424 2153 1484 2222 SS.
1503 2155 1655 2242 Corporis

436 2261 571 2326 christi.

521 2369 575 2432 29.
600 2368 748 2453 Denique
771 2370 799 2433 si
823 2369 913 2434 forto
938 2370 1099 2453 exequiae
1122 2368 1337 2434 celebrentur
1352 2387 1414 2454 pro
1430 2369 1587 2456 pluribus
1600 2371 1657 2438 de·

434 2477 570 2551 iunctis,
582 2494 753 2540 monemus
769 2474 856 2559 quod
873 2476 1031 2542 uersiculi
1050 2483 1085 2542 et
1102 2479 1268 2542 orationes
1284 2475 1409 2561 plurali
1428 2493 1656 2546 numerosunt

438 2582 637 2648 recitandae.

982 2725 1111 2742 m

790 2905 841 2960 DE
861 2903 1048 2970 Exaoulls
1075 2903 1299 2962 lnrnttrlunl

930 3213 1074 3278 CAPUT
1099 3213 1155 3278 XI.

438 3449 463 3512 l.
490 3371 635 3525 Ritus,
658 3464 754 3530 quem
780 3445 932 3512 Ecclesia
955 3444 1129 3511 catholica
1144 3465 1204 3531 pro
1220 3445 1339 3510 funere
1354 3443 1536 3523 iut'autium
1561 3435 1671 3516 insti-⁸

432 3557 506 3631 tuit,
530 3561 583 3620 est
605 3555 713 3640 potius
738 3554 895 3628 festivus·
912 3558 1010 3636 quam
1035 3553 1223 3634 luctuosus;
1244 3554 1322 3638 quia
1345 3571 1446 3638 quum
1465 3557 1656 3623 moriantur

432 3665 463 3726 in
490 3663 699 3727 innocentiae
722 3667 822 3731 statu.
841 3677 962 3726 ¹eorum
985 3662 1114 3725 animae
1137 3659 1177 3724 ad
1201 3657 1469 3740 beatitlcamllei
1495 3665 1656 3732 cisionem

432 3771 544 3834 statim
566 3768 801 3833 admittuntur.
1514 3781 1517 3786 ·

460 3885 463 3890 “
518 3875 550 3940 2.
575 3875 937 3951 Parochus,··nuntiata
959 3877 1092 3961 parvuli
1123 3881 1241 3952 morte,
1265 3895 1341 3942 cum
1367 3877 1407 3941 iis
1436 3876 1566 3960 quibus
1599 3879 1657 3946 ilie

430 4002 533 4047 curae
556 3985 609 4057 sit,
633 3975 811 4048 conveniet
835 3983 878 4048 de
905 3985 1056 4067 exequiis
1088 4001 1188 4068 super
1218 3981 1362 4048 cadaver
1388 3981 1556 4050 faciendis
1591 3989 1657 4054 ritu

431 4091 472 4154 ab
497 4089 649 4156 Ecclesia
672 4092 887 4176 praescripto.
1303 4097 1305 4104 '

499 4289 543 4358 (o)
562 4289 593 4344 ln
614 4287 711 4344 reditu
728 4287 767 4343 ad
786 4288 951 4344 sacristiam
979 4288 1096 4345 Ritunle
1116 4307 1172 4344 non
1200 4287 1383 4362 praescribit.
1401 4298 1432 4344 ut
1451 4289 1603 4347 recitetur
1624 4295 1653 4356 5.

430 4376 621 4446 Ammonias
642 4393 696 4437 nec
716 4376 762 4432 De
778 4377 947 4452 presumite
967 4377 1044 4442 Quid
1065 4392 1137 4444 ergo
1158 4394 1195 4432 ex
1216 4379 1271 4434 boc
1291 4377 1354 4434 erui
1381 4377 1498 4448 potest?
1523 4379 1614 4446 Quia,
1632 4381 1656 4440 si

429 4467 571 4520 recitetur
590 4465 635 4521 Dr
651 4465 821 4542 propontiis.
843 4484 900 4522 non
913 4465 1039 4538 amplius
1052 4465 1146 4519 altera
1161 4465 1271 4522 iunctio
1284 4467 1321 4522 ab
1335 4467 1430 4522 altera
1452 4465 1657 4542 distinguitur.

431 4554 499 4610 indo
519 4553 673 4620 colligitur.
686 4553 762 4626 quod
776 4543 881 4608 scimus.
897 4554 1059 4610 functiones
1077 4569 1095 4604 a
1114 4553 1287 4624 quibusdam
1301 4555 1467 4622 diriguntur
1481 4555 1519 4612 ad
1543 4557 1657 4616 libitum

429 4658 456 4698 et
476 4645 539 4700 «ine
559 4643 726 4710 cognitione
747 4645 854 4709 buruni.
873 4661 945 4714 quus
967 4639 1099 4696 [lei-testu
1120 4643 1241 4710 singuli.-
1263 4655 1290 4700 et
1312 4645 1458 4700 universis
1488 4649 1657 4723 praecepit.
