4175 5717
610 682 673 748 176
1071 691 1136 742 arn.
1162 693 1184 740 1.

610 808 686 874 274.
710 806 891 888 Postquam
913 801 1081 887 processio
1104 799 1237 867 venerit
1258 799 1301 866 ad
1324 799 1521 876 Ecclesiam,
1544 799 1578 864 in
1601 815 1668 883 qua
1681 797 1749 864 ab·

519 917 679 990 solvetur,
704 919 782 979 ante
804 912 924 978 Altare
947 915 1047 995 caput
1068 908 1203 994 deteget
1224 909 1341 985 bireto,
1366 906 1454 993 quod
1470 904 1742 975 caeremonia-io

521 1022 632 1090 tradet
655 1027 690 1086 et
713 1011 986 1105 genuflexionem.
1002 1015 1132 1083 efficiet.

608 1129 683 1194 275.
709 1127 856 1194 Genibus
880 1123 978 1192 flexis
1000 1126 1135 1191 assistet
1166 1124 1320 1211 precibus
1352 1129 1387 1189 et
1417 1121 1628 1196 orationibus,
1659 1139 1747 1204 quae

523 1235 712 1303 recitandae
736 1239 846 1311 erunt,
872 1239 907 1299 et
930 1231 1053 1297 librum
1079 1231 1281 1308 celebranti,
1306 1238 1344 1297 ut
1381 1230 1534 1315 superius
1565 1228 1747 1304 innuimus,

525 1343 709 1409 sustinebit.

615 1449 690 1514 276.
716 1449 903 1514 Functione
931 1453 1077 1533 peracta,
1093 1454 1257 1533 assurget,
1275 1445 1541 1534 genuflexionem
1556 1442 1691 1510 iterabit
1705 1442 1750 1509 ad

526 1557 656 1632 Altare,
680 1556 820 1641 recipiet
844 1555 999 1631 biretum,
1024 1574 1089 1639 quo
1113 1560 1214 1640 caput
1236 1557 1373 1642 operiet,
1408 1560 1508 1638 atque
1538 1550 1654 1618 ordine
1687 1571 1751 1617 su-

527 1664 638 1749 perius
662 1662 805 1728 indicato
837 1660 878 1726 ad
911 1663 1095 1728 sacrarium
1130 1668 1324 1729 revertetur
1354 1668 1389 1728 et
1421 1680 1518 1726 sacra
1549 1661 1752 1727 vestimenta

527 1771 679 1857 deponet,
703 1770 760 1836 vel
783 1770 988 1836 ministrabit
1012 1768 1204 1837 Celebranti
1227 1772 1262 1836 in
1295 1771 1400 1836 Missa
1428 1769 1577 1846 solemni,
1611 1768 1639 1833 si
1668 1766 1750 1834 huic
1832 1779 1837 1784 '

528 1877 634 1943 officio
657 1876 875 1962 delegabitur.

615 1985 691 2050 277.
717 1985 788 2050 Hoc
815 1986 921 2070 ipsum
950 1986 1098 2052 servabit
1122 1989 1155 2052 in
1178 1987 1252 2052 aliis
1276 1985 1541 2073 processionibus
1564 1981 1753 2050 extraordi-

529 2094 641 2166 nariis,
667 2111 753 2176 quae
777 2091 865 2157 forte
887 2092 928 2157 ab
963 2093 1125 2180 Episcopo
1156 2115 1216 2180 pro
1246 2095 1358 2179 aliqua
1389 2093 1521 2179 publica
1551 2092 1752 2158 necessitate

530 2199 673 2264 indictae
696 2204 817 2264 essent.

615 2306 692 2371 278.
716 2306 842 2382 Quibus
866 2309 898 2371 in
923 2308 1194 2393 processionibus
1219 2309 1378 2394 quaedam
1402 2327 1518 2374 sacrae
1546 2307 1708 2392 reliquiae
1732 2325 1765 2372 a·

529 2413 731 2479 Celebrante
764 2414 930 2490 ferentur,
969 2415 1196 2483 Subdiaconus
1231 2418 1353 2482 elatam
1383 2415 1559 2482 sustinebit
1587 2413 1753 2481 fimbriam

531 2520 706 2586 dexteram
730 2521 891 2607 pluvialis
909 2521 1102 2589 Celebrauti
1119 2525 1290 2590 incensum
1305 2525 1339 2588 in
1355 2522 1565 2588 thuribulum
1579 2523 1752 2600 inlicienti,

531 2630 701 2694 sinistram
724 2649 805 2695 vero
829 2629 1017 2696 sublevabit
1039 2630 1117 2697 dum
1153 2631 1381 2716 Reliquiarum
1409 2634 1546 2717 peraget
1574 2628 1753 2696 thurifica-

531 2738 664 2802 tionem.
688 2737 725 2802 In
749 2738 813 2802 hoc
836 2757 915 2802 casu
939 2738 1072 2804 incedet
1095 2739 1129 2802 in
1160 2741 1370 2824 processione
1403 2739 1512 2823 capite
1545 2736 1679 2804 nudato.
1716 2735 1752 2804 Si

532 2843 592 2909 sub
616 2842 714 2910 finem
737 2845 959 2931 processionis
981 2866 1041 2931 per
1064 2846 1236 2931 Reliquias
1266 2845 1397 2913 easdem
1431 2845 1617 2912 benedictio
1651 2844 1753 2910 dona·

532 2950 634 3026 bitur,
658 2951 863 3037 geniculabit
885 2953 919 3016 in
943 2957 1093 3019 extremo
1117 2952 1327 3039 suppedaneo
1342 2959 1376 3020 et
1394 2952 1586 3020 celebranti
1601 2951 1752 3040 pluviale

533 3058 699 3123 sustollet.

852 3277 884 3356 §-
912 3274 962 3339 l5.
988 3275 1032 3343 Ia
1054 3229 1174 3360 v‘z'pitta
1198 3276 1426 3343 Pentecosten

624 3487 699 3556 279.
724 3489 864 3555 Functio
888 3491 988 3556 huius
1010 3490 1074 3555 diei
1104 3491 1201 3557 nulla
1233 3491 1300 3556 alia
1331 3511 1367 3557 re
1402 3487 1512 3556 differt
1541 3490 1581 3555 ab
1615 3489 1754 3559 sabbato

537 3603 651 3662 sancto
676 3602 811 3683 praeter
833 3597 1093 3664 benedictionem
1118 3600 1202 3683 ignis
1225 3606 1260 3664 et
1283 3598 1380 3665 cerei
1402 3599 1576 3685 paschalis.

625 3706 700 3770 280.
726 3703 890 3779 Quocirca
913 3705 1140 3771 Subdiaconus
1156 3707 1291 3792 planete
1307 3706 1439 3791 plicata,
1457 3706 1511 3771 vel
1528 3705 1605 3771 alba
1620 3713 1753 3773 tantum

537 3814 671 3880 indutus
696 3814 729 3877 in
753 3815 909 3888 sacrario,
936 3814 1094 3897 procedet
1122 3814 1164 3878 ad
1194 3813 1323 3892 Altare,
1355 3822 1389 3881 et
1420 3815 1509 3879 facta
1539 3813 1580 3879 ad
1611 3815 1752 3882 chorum

538 3922 634 3990 etad
659 3921 778 3986 Altare
803 3921 1002 3996 reverentia,
1026 3920 1206 3987 adscendet
1228 3922 1269 3986 ad
1292 3924 1398 4008 ipsum
1431 3941 1505 3987 cum
1541 3920 1752 3999 celebrante,

539 4037 573 4096 et
596 4027 759 4095 canentur
782 4028 984 4113 prophetiae,
1001 4026 1043 4092 ad
1067 4048 1205 4111 quarum
1221 4028 1319 4094 finem
1335 4037 1409 4116 post
1427 4029 1574 4097 Oramus
1590 4049 1657 4097 non
1677 4049 1754 4097 can-

539 4137 665 4203 tabitur
688 4136 888 4203 Flectuntur
908 4155 1036 4219 penno,
1062 4156 1123 4202 nec
1146 4139 1281 4206 Locate.

627 4246 702 4310 281.
727 4245 929 4310 Devenietur
951 4242 1068 4310 deinde
1091 4245 1133 4311 ad
1156 4247 1257 4312 fontis
1282 4245 1542 4312 benedictionem
1565 4252 1604 4312 ut
1626 4248 1659 4311 in
1681 4246 1754 4312 sab·

541 4352 618 4418 bato
641 4358 766 4429 sancto,
790 4358 825 4417 et
847 4350 1090 4418 ministrabitur
1113 4356 1212 4420 etiam
1236 4354 1442 4439 baptismum.

628 4461 703 4526 282.
729 4460 899 4547 completa
922 4459 1148 4526 benedictione
1173 4461 1275 4527 fontis
1299 4467 1332 4527 et
1355 4462 1558 4548 baptismatis
1581 4463 1681 4527 etiam
1696 4464 1755 4528 rni-

543 4568 748 4643 nistratione‚
772 4568 893 4635 redibit
914 4568 955 4636 ad
979 4567 1107 4644 Altero,
1132 4576 1166 4634 et
1189 4576 1267 4635 ante
1290 4571 1396 4655 ipsum
1429 4571 1623 4657 procumbet
1652 4590 1755 4656 quum

543 4683 706 4741 canentur
729 4677 887 4744 Litaniae.
