4175 5717
521 747 582 811 164
970 768 1036 814 1111.
1061 769 1096 814 11.

431 872 510 937 bulo
532 879 567 936 et
597 872 763 946 navicula,
787 893 886 957 quem
916 874 1027 940 tradet
1061 875 1215 940 Diacono.
1248 875 1474 942 Subdiaconus
1507 847 1653 942 nebodet

431 978 471 1042 ad
495 978 669 1045 dexteram
694 980 912 1056 Gelebrantis,
938 987 972 1046 et
994 980 1156 1046 fimbriam
1179 981 1351 1048 dexteram
1382 981 1540 1068 pluvialis
1573 981 1651 1048 eius

429 1087 575 1151 attollet.
600 1087 763 1152 Diaconus
788 1089 987 1154 ministrabit
1012 1090 1183 1154 incensum
1200 1109 1239 1155 ac
1255 1089 1493 1156 thuriferarius
1513 1089 1652 1156 obiiciet

430 1193 621 1260 Celebranti
644 1195 863 1272 thuribulum,
889 1197 922 1260 11
947 1216 1011 1280 quo
1034 1195 1094 1262 ille
1125 1203 1225 1283 ponet
1247 1197 1419 1264 incensum
1442 1215 1518 1262 cum
1545 1197 1651 1264 solita

430 1302 577 1367 lormula
599 1303 652 1369 Ab
676 1305 734 1370 illc
757 1303 977 1370 benedicaris
1000 1309 1064 1370 etc.
1089 1310 1123 1371 et
1145 1324 1221 1370 0111
1243 1304 1481 1372 benedictione.

517 1409 708 1476 3111111
745 1411 928 1486 benedicto,
965 1413 1203 1478 thuriferarius
1237 1419 1373 1499 recepta
1407 1413 1573 1490 navicula,
1608 1411 1650 1478 de

430 1519 541 1583 altari
565 1518 743 1584 descendet
766 1525 800 1584 et
823 1519 960 1585 accedet
982 1519 1023 1584 ad
1047 1519 1194 1596 abacum,
1212 1519 1267 1586 ubi
1291 1519 1435 1606 deponet
1457 1519 1650 1585 naviculam

430 1630 464 1689 et
487 1631 562 1710 post
585 1645 660 1690 eum
685 1626 821 1691 coibunt
845 1647 920 1691 cum
936 1628 1006 1712 ipso
1022 1627 1087 1692 duo
1104 1627 1265 1713 Acolytbi
1281 1627 1482 1694 candelabra
1504 1645 1654 1694 accensa

430 1739 601 1816 gestantes
625 1739 659 1798 et
682 1735 715 1798 11
741 1733 877 1819 planum
901 1741 979 1799 ante
1003 1735 1123 1800 Altare
1146 1734 1336 1821 procedent.

516 1843 569 1906 33.
595 1841 823 1907 Subdiaconus
848 1861 1032 1908 conversus
1057 1863 1157 1930 super
1180 1843 1352 1908 dexteram
1376 1862 1470 1908 suam
1504 1842 1654 1908 descen-

431 1951 483 2015 det
509 1951 549 2014 de
574 1950 683 2015 Alteri
708 1957 843 2015 etanta
868 1950 1014 2016 infimum
1037 1950 1177 2034 gradum
1201 1951 1329 2018 Altaris
1353 1951 1522 2016 consistet.

518 2059 764 2122 :sarracenus
795 2060 908 2123 veniet
942 2058 982 2123 ad
1018 2059 1159 2124 medium
1196 2059 1333 2134 11111111,
1372 2057 1583 2143 geniculabit
1617 2059 1657 2124 in

434 2179 586 2231 extremo
603 2168 822 2253 suppedaneo,
839 2166 928 2231 dicet·
944 2166 1107 2233 submissa
1122 2187 1204 2233 voce
1222 2167 1360 2235 Munda
1375 2187 1437 2234 001·
1451 2187 1571 2234 meum
1587 2171 1656 2260 eje„

431 2283 595 2358 assurget,
620 2276 758 2361 accipiet
788 2275 1071 2359 Euangeliarium,
1104 2277 1197 2340 cuius
1228 2281 1387 2362 apertura
1422 2275 1522 2360 ipsius
1558 2273 1656 2340 latus

430 2385 601 2448 sinistrum
627 2384 790 2469 respiciet,
814 2388 1034 2450 convertetur
1057 2381 1098 2448 ad
1124 2383 1355 2449 Celebrantem
1386 2381 1594 2470 geniculabit
1618 2387 1658 2450 et

429 2491 470 2555 ab
506 2492 574 2576 ipso
606 2495 697 2576 petet
731 2488 1009 2556 benedictionem.
1046 2491 1129 2555 Dum
1164 2491 1368 2576 geniculabit
1402 2509 1588 2556 conversus
1611 2489 1657 2558 ad

432 2598 676 2674 Celebrantem,
702 2600 932 2664 sinistrorsum
955 2598 1092 2664 habebit
1115 2597 1242 2664 Altare.

518 2706 572 2771 35.
597 2707 779 2772 Celebrans
802 2725 869 2770 101
893 2704 1075 2771 abscedens
1102 2725 1121 2769 a
1153 2705 1260 2770 latere
1292 2706 1472 2792 Epistulae,
1503 2725 1658 2772 conver·

431 2822 524 2881 tetur
546 2815 587 2879 ad
619 2815 810 2891 Diaconum,
835 2813 973 2898 ideoque
998 2813 1117 2878 Altare
1148 2814 1282 2879 habebit.
1312 2814 1537 2880 dextrorsum.
1564 2803 1659 2880 ¹Dia-

433 2945 537 2989 conus
573 2924 659 2989 dicet
693 2924 947 3000 1110110111,
979 2923 1191 2998 benedicere,
1220 2922 1402 2988 Celebrans
1437 2921 1659 3008 respondebit

434 3034 607 3100 Domtaur
629 3033 674 3098 rit
698 3037 760 3096 etc.
786 3033 879 3095 utin
903 3031 1013 3096 Missis
1037 3031 1251 3096 solemnibus.

520 3140 572 3204 36.
597 3139 763 3204 Diaconus
792 3143 929 3225 accepta
957 3137 1199 3214 benedictione,
1234 3138 1414 3204 descendet
1447 3138 1482 3202 in
1512 3137 1658 3224 planum

430 3256 509 3313 11110
533 3248 661 3323 Altare,
680 3267 715 3311 se
730 3246 889 3332 adiunget
913 3246 1130 3324 Subdiaoono,
1155 3246 1332 3332 Acolytliis
1355 3267 1395 3311 ac
1418 3245 1657 3326 thuriferario,

434 3363 468 3420 et
492 3356 582 3420 facta
604 3355 645 3421 ad
670 3355 789 3420 Altare
813 3351 1058 3439 genuflexione,
1083 3353 1124 3419 ad
1148 3355 1287 3418 chorum
1310 3352 1479 3419 hincinde
1495 3373 1662 3422 reveren-

433 3467 489 3540 tia,
514 3462 671 3549 procedet
693 3461 734 3527 ad
758 3461 943 3526 canendum
968 3461 1199 3547 Evangelium
1223 3482 1288 3545 qua
1312 3464 1345 3525 11
1368 3462 1661 3530 reobservabun·

436 3587 493 3636 tur
516 3590 556 3635 ea
579 3571 697 3646 omnia,
722 3589 806 3654 quae
830 3589 890 3656 pro
914 3569 1015 3634 Missa
1038 3569 1179 3634 solemni
1202 3589 1272 3655 cap.
1290 3570 1348 3635 IV.
1373 3590 1405 3634 1.
1434 3569 1495 3636 109
1525 3577 1561 3636 01
1584 3591 1658 3658 seq.

434 3680 599 3765 descripta
622 3683 710 3742 sunt.

521 3785 574 3849 37.
603 3785 789 3868 Evangelio
813 3791 957 3862 0111010,
983 3784 1221 3861 Subdiaoonus,
1256 3781 1373 3850 afferet
1402 3783 1526 3852 librum
1558 3803 1660 3854 oscu-

435 3892 572 3957 landum
596 3892 800 3970 celebranti,
825 3895 879 3977 qui
904 3892 992 3958 dicet
1015 3894 1088 3959 Per
1110 3893 1311 3978 eucayelica
1334 3893 1428 3960 dicta
1451 3898 1515 3958 etc.
1534 3892 1660 3964 deinde

433 4003 598 4067 lliaconus
622 4003 730 4085 ipsum
755 3999 988 4067 celebrantem
1011 4000 1166 4067 adolebit.

521 4111 575 4174 38.
602 4107 853 4173 Tburiferarius
871 4114 989 4193 perget
1004 4109 1045 4174 ad
1061 4108 1290 4194 deponendum
1313 4107 1534 4186 thuribulum,
1552 4109 1659 4178 item-

435 4239 498 4302 que
515 4217 675 4303 Aeolythi
694 4216 894 4281 candelabra
911 4218 943 4280 in
960 4217 1062 4282 abaco
1084 4220 1255 4303 reponent,
1273 4222 1310 4281 ut
1327 4217 1360 4280 in
1376 4215 1479 4281 Missa
1499 4216 1657 4286 solemni.

522 4327 574 4390 39.
601 4324 783 4392 celebrans
808 4331 980 4410 postquam
1013 4323 1225 4390 thurificatus
1257 4325 1331 4400 erit,
1360 4309 1582 4390 convertetur
1614 4327 1657 4394 ad

436 4433 556 4498 librum
581 4441 615 4500 et
639 4433 828 4520 expectabit
850 4433 955 4497 donec
982 4434 1023 4498 ad
1058 4453 1094 4498 se
1128 4432 1267 4498 redeant
1300 4432 1454 4498 biinistri.
1491 4433 1533 4498 Hi
1570 4455 1656 4502 vero

437 4559 501 4603 non
526 4542 681 4607 redibunt
704 4542 814 4607 statim
838 4540 878 4604 ad
903 4540 1145 4614 Celebrantem,
1160 4541 1216 4606 sed
1233 4546 1373 4627 pergent
1395 4542 1486 4628 prius
1510 4540 1551 4606 ad
1577 4541 1657 4608 aba·
1723 4563 1727 4572 ·

436 4664 510 4710 011111
547 4669 587 4714 ac
619 4651 785 4740 deponent
819 4650 1013 4736 manipulos,
1050 4650 1214 4715 Diaconus
1252 4657 1363 4715 autem
1394 4649 1493 4714 ctiam
1528 4650 1656 4718 stolam
