4175 5717
517 664 562 728 50
980 653 1050 738 ala.
1076 686 1096 732 1.

518 791 592 854 430.
618 789 822 855 Revertatur
844 789 884 855 ad
908 791 1057 868 chorum,
1081 788 1284 877 genuflectel
1306 790 1347 855 ad
1384 790 1502 856 Altero
1526 797 1560 857 et
1592 812 1649 858 re-

430 896 512 962 dibit
534 896 574 961 ad
598 918 693 961 suum
724 898 862 981 quisque
894 897 1042 975 stallum,
1077 897 1345 963 animadvertens
1377 902 1414 962 ut
1446 895 1651 982 genuflectat

430 981 594 1089 Episcopo
616 1002 659 1068 ad
681 1004 839 1069 thronum
863 1004 1028 1070 redeunti.

518 1110 593 1174 437.
619 1110 726 1176 Stabit
748 1110 825 1176 dum
850 1111 1031 1198 Episcopus
1055 1130 1152 1176 sacra
1175 1110 1368 1177 indumenta
1390 1111 1545 1177 dimittet.

519 1218 594 1283 438.
619 1218 670 1284 Ad
693 1218 860 1305 Vesperas
883 1218 983 1284 stabit
1005 1239 1106 1303 quum
1130 1218 1261 1284 dicetur
1285 1219 1404 1296 Pater,
1422 1218 1503 1294 Aoe;
1521 1217 1651 1285 sedebit

430 1324 548 1390 deinde
572 1346 592 1389 a
615 1326 777 1411 principio
801 1326 897 1410 primi
921 1325 1038 1412 psalmi
1063 1325 1230 1409 usquead
1255 1327 1384 1391 initium
1409 1325 1628 1414 Mapnifleat

518 1433 592 1497 439.
617 1432 732 1498 Genua
756 1431 927 1498 submittet
951 1453 1051 1516 quum
1075 1433 1257 1520 Episcopus
1282 1432 1339 1498 ibit
1354 1439 1433 1499 ante
1448 1433 1568 1498 Altero
1588 1452 1650 1519 pre

431 1540 602 1606 recitando
626 1541 808 1606 Miserere.

446 1631 449 1636 ⁵
518 1648 593 1711 440.
618 1646 788 1712 Absolutis
802 1645 960 1733 Vesperis
983 1654 1164 1733 consurget
1181 1647 1222 1712 ad
1239 1647 1366 1713 Altaris
1383 1647 1650 1721 denudationem,

429 1774 540 1840 genua
563 1751 676 1820 flectet
699 1758 810 1818 autem
833 1773 933 1837 quum
957 1754 1138 1841 Episcopus
1161 1760 1236 1841 post
1259 1755 1345 1819 hanc
1369 1755 1573 1820 functionem
1596 1772 1654 1839 ge·

431 1858 586 1926 nullanus
609 1860 650 1925 ad
674 1859 898 1925 faldistorium
923 1860 1039 1929 orabit.

518 1968 592 2032 441.
628 1969 856 2053 Prosequetur
884 1968 1080 2055 Episcopum
1111 1971 1144 2034 in
1175 1969 1286 2038 aulam
1310 1970 1344 2034 in
1375 1989 1441 2053 qua
1470 1973 1653 2054 peragetur

434 2076 655 2152 Mandatum,
678 2095 718 2141 ao
734 2077 760 2141 si
777 2080 893 2162 parata
908 2076 1035 2141 fuerint
1050 2097 1111 2163 pro
1128 2076 1228 2141 Glero
1244 2075 1414 2153 subsellia,
1431 2077 1540 2144 locum
1562 2076 1654 2160 quis·

436 2204 499 2267 que
523 2182 583 2247 sibi
607 2182 752 2248 debitum
776 2182 958 2269 occupabit.

518 2288 592 2358 442.
618 2290 725 2356 Stabit
748 2289 824 2355 dum
848 2289 1029 2376 Episcopus
1054 2292 1158 2355 saeris
1182 2289 1330 2356 vestibus
1354 2289 1523 2356 induetur.

516 2398 590 2462 443.
616 2397 749 2464 Sedebit
772 2396 813 2462 ad
836 2397 983 2462 actiones
1007 2397 1141 2463 Diaconi
1166 2403 1522 2482 antequam.cantetur
1540 2396 1652 2463 Evau-

431 2506 566 2591 gelium.

520 2616 594 2679 444.
621 2613 672 2679 Ad
696 2597 925 2699 Evangelium,
951 2614 1038 2698 quod
1061 2622 1211 2691 canetur,
1236 2614 1348 2680 stabit.

518 2721 592 2787 445.
617 2721 751 2787 Sedebit
766 2726 877 2787 antem
894 2741 993 2805 quum
1011 2723 1193 2808 Episcopus
1218 2722 1335 2787 lavare
1352 2722 1451 2807 pedes
1467 2742 1653 2810 pauperum

432 2831 576 2916 incipiet.

519 2939 593 3003 446.
617 2938 652 3004 Si
675 2939 857 3025 Episcopus
883 2940 914 3002 in
939 2937 1168 3003 descendendo
1198 2946 1257 3004 ant
1288 2938 1456 3004 redeundo
1487 2938 1527 3004 ad
1558 2939 1654 3006 thro·

432 3066 509 3110 num
533 3051 611 3112 ante
636 3046 771 3112 Clerum
794 3045 958 3121 transibit,
984 3045 1040 3111 fiet
1062 3044 1263 3132 genuflexio.

520 3155 593 3217 447.
619 3154 735 3219 Genua
758 3150 871 3219 flectet
893 3153 933 3216 ad
957 3153 1162 3218 alrlutionem
1186 3175 1341 3219 manuum
1366 3156 1528 3242 Episcopi.

519 3262 593 3325 448.
618 3261 726 3327 Stabit
748 3261 789 3326 ad
813 3263 1041 3326 recitationem
1067 3282 1224 3327 versuum
1249 3270 1283 3327 et
1306 3265 1465 3329 orationis
1491 3270 1525 3329 et
1548 3283 1652 3347 quum

434 3368 612 3454 Episcopus
637 3370 838 3454 paramentis
863 3370 966 3433 sacris
990 3374 1143 3435 exuetur.

519 3476 592 3540 449.
618 3478 845 3561 Proseqnetur
870 3476 1065 3562 Episcopum
1090 3477 1130 3541 ad
1154 3499 1246 3541 suam
1274 3478 1415 3544 diaetam
1445 3478 1651 3542 redeuntem.

729 3696 760 3774 §-
785 3691 837 3755 38.
863 3690 970 3757 Ferte
1001 3690 1056 3755 VI.
1080 3693 1118 3758 irc
1142 3692 1348 3761 Parasceoe.

519 3904 594 3969 450.
619 3905 826 3970 Adveniente
851 3905 1011 3991 Episcopo
1034 3907 1075 3971 ad
1100 3908 1262 3974 ecclesiae
1286 3915 1424 3994 portam,
1448 3907 1653 3994 genuflectet

432 4014 550 4079 Olerus
574 4012 616 4078 ad
648 4015 872 4098 aspersionem
902 4032 1007 4097 aquae
1039 4013 1244 4091 benedictae,
1269 4016 1295 4078 si
1326 4014 1366 4078 ab
1397 4014 1559 4100 Episcopo
1583 4013 1650 4090 flat,

432 4123 541 4206 prmrti
567 4123 597 4185 in
622 4120 794 4183 llatutinis
819 4120 1033 4186 tenebrarum
1057 4113 1250 4188 adnotatum
1274 4122 1348 4186 luit.

518 4229 592 4293 451.
618 4227 819 4294 Discendens
844 4228 884 4294 de
907 4229 1029 4309 Altari,
1052 4233 1085 4296 in
1110 4251 1174 4315 quo
1197 4231 1383 4317 expositum
1407 4232 1474 4297 erit
1497 4230 1554 4298 SS.
1587 4230 1652 4297 Sa-

430 4345 647 4413 cramentum,
672 4335 939 4423 genuflexionem
962 4338 1128 4425 duplicem
1152 4345 1347 4423 exequetur.

519 4445 678 4512 4521101
715 4446 896 4532 Episcopus
929 4448 1058 4511 venerit
1091 4449 1123 4511 in
1161 4447 1395 4514 Secretarium.
1427 4450 1653 4533 unusquisque

429 4552 468 4615 de
494 4550 594 4617 Clero
612 4553 721 4618 locum
739 4560 848 4619 sumet
863 4556 895 4617 in
921 4575 980 4617 suo
997 4553 1099 4618 stallo
1116 4560 1148 4619 et
1165 4550 1363 4640 genuflexus
1381 4556 1526 4625 manebit
1541 4556 1651 4640 quoad

433 4660 613 4745 Episcopus
636 4668 791 4747 assurget
813 4663 964 4728 oratione
987 4667 1123 4749 peracta
1147 4664 1255 4729 iturus
1278 4663 1318 4730 ad
1343 4663 1510 4730 thronum.
1555 4695 1561 4708 ·
