4175 5717
919 955 990 1002 cnr.
1016 955 1164 1002 xxxrur.
1495 931 1561 998 285

432 1065 535 1134 brans
559 1083 635 1130 cum
659 1062 822 1128 Ministris
844 1060 1111 1148 genuflexionem
1135 1061 1314 1128 iterabunt.
1348 1060 1530 1126 Celebrans
1559 1058 1647 1126 dicet

433 1174 618 1240 orationem
642 1171 786 1238 Pascat
808 1177 872 1236 etc.
896 1170 1040 1235 Ministri
1063 1175 1174 1236 autem
1197 1170 1333 1234 venient
1364 1169 1398 1232 in
1427 1167 1537 1234 latera
1567 1189 1647 1255 sup-

433 1279 583 1370 pedanei,
608 1281 641 1344 in
666 1298 730 1363 quo
753 1277 1060 1364 congeniculabunt
1083 1277 1123 1342 ad
1147 1275 1409 1342 benedictionem
1429 1275 1646 1342 celebrantis.

522 1389 575 1454 48.
601 1386 792 1462 Celebrans,
817 1384 983 1472 completa
1004 1384 1176 1471 praedicta
1191 1385 1352 1460 oratione,
1369 1382 1576 1448 osculabitur
1591 1383 1649 1448 Al-

431 1503 517 1575 tare,
542 1496 630 1562 dicet
655 1495 846 1562 Benedicat
868 1513 929 1560 cos
952 1495 1170 1577 omnipotens
1194 1493 1299 1569 Deus,
1317 1497 1352 1557 et
1373 1492 1449 1557 loco
1466 1489 1648 1556 inclinandi

431 1610 542 1690 caput,
569 1600 775 1688 genuflectet
798 1601 838 1667 ad
870 1599 1133 1677 Sacramentum,
1165 1606 1383 1666 convertetur
1407 1597 1447 1664 ad
1479 1598 1647 1684 populum,

432 1719 471 1780 ut
496 1711 537 1777 ad
561 1711 733 1778 Dominus
756 1708 943 1784 vobiscum,
960 1708 1224 1775 benedictionem
1241 1707 1331 1773 dabit
1345 1713 1379 1772 et
1394 1708 1473 1790 quin
1484 1705 1649 1791 compleat

433 1819 600 1887 circulum
623 1838 662 1884 ac
686 1822 815 1904 repetat
844 1814 943 1881 aliam
974 1814 1251 1902 genuflexionem,
1282 1820 1500 1881 convertetur
1529 1833 1648 1878 versus

433 1933 561 2016 partem
586 1924 771 2012 Evangelii,
796 1923 950 1990 recitabit
981 1924 1134 1990 ultimum
1166 1921 1397 2010 Evangelium,
1428 1922 1523 1988 cuius
1554 1922 1648 1986 initio

434 2055 471 2104 ae
493 2034 647 2121 signabit,
671 2052 737 2099 non
761 2051 843 2098 vero
868 2032 997 2110 Altare,
1021 2038 1057 2099 et
1079 2032 1125 2098 ad·
1151 2031 1301 2100 Verbum
1325 2050 1409 2098 care
1432 2033 1568 2116 sactum
1597 2036 1648 2097 cst

432 2140 635 2230 genuflectet
658 2141 909 2208 Sacramentum
928 2161 1062 2234 uersus,

522 2251 576 2316 49.
600 2250 773 2336 completo
796 2250 914 2317 ultimo
939 2249 1133 2335 Evangelio.
1166 2247 1348 2315 Celebrans
1378 2268 1454 2315 cum
1484 2248 1647 2312 llinistris

435 2355 661 2446 genuflectant
685 2359 718 2422 in
742 2357 950 2445 suppedaneo
973 2362 1008 2423 et
1031 2358 1174 2424 alatcre
1190 2357 1391 2424 descendent
1406 2356 1446 2422 ad
1468 2375 1647 2431 scamnum,

435 2466 490 2533 ubi
514 2467 578 2531 iam
601 2471 734 2551 praesto
758 2470 860 2531 erunt
882 2464 1054 2551 acolythi.
1079 2465 1125 2531 lbi
1141 2471 1341 2532 convertent
1354 2471 1487 2550 tergum
1503 2484 1647 2539 scamno,

434 2593 476 2640 ne
500 2578 635 2639 vertant
658 2571 884 2648 Sacramenta
909 2573 1054 2638 Ministri
1078 2573 1262 2659 manipulos
1285 2572 1460 2659 deponent,
1484 2571 1648 2637 adiuvan-

433 2680 523 2746 tibus
546 2680 733 2766 Acolythis,
758 2681 813 2764 qui
837 2682 948 2746 statim
971 2679 1012 2745 ad
1036 2681 1174 2747 abacum
1197 2680 1362 2757 redibunt,
1388 2678 1570 2746 celebrans
1586 2698 1648 2744 au-

434 2793 502 2854 tem
527 2786 660 2852 dimissa
683 2787 818 2872 planeta
841 2793 875 2853 et
898 2788 1077 2875 manipulo,
1102 2787 1258 2853 induetur
1289 2786 1438 2872 pluviali,
1469 2785 1649 2852 adiurante

435 2895 714 2964 Caeremoniario.

523 3004 576 3069 50.
601 3005 672 3070 Hoc
695 3010 843 3090 tempore
867 3005 1015 3072 Sacrista
1037 3005 1078 3072 de
1101 3005 1211 3071 Altari
1236 3005 1337 3071 tollet
1364 3005 1514 3082 Crucem,
1538 3002 1649 3069 tabel-

432 3113 485 3178 las
515 3118 723 3178 secretarum
755 3118 789 3178 et
819 3113 955 3179 Missale
987 3133 1061 3179 cum
1086 3113 1177 3198 legili
1212 3133 1316 3198 eaque
1340 3113 1450 3178 omnia
1484 3113 1517 3176 in
1547 3111 1649 3177 abaco

434 3219 587 3308 deponet.
1453 3281 1461 3294 ,

523 3327 576 3392 51.
609 3329 789 3413 Postquam
820 3328 1003 3395 celebrans
1033 3328 1182 3414 pluviale
1211 3329 1272 3394 sibi
1296 3328 1451 3405 induerit,
1475 3347 1510 3393 se
1534 3329 1653 3393 sistent

433 3443 514 3503 ante
538 3456 613 3503 eum
637 3437 702 3502 duo
727 3436 934 3502 thuriferarii
958 3436 1046 3502 alter
1077 3443 1149 3522 post
1181 3436 1336 3503 alterum.
1367 3437 1532 3503 Diaconus
1561 3438 1652 3502 mini·

434 3546 557 3612 strabit
581 3546 754 3610 incensum
777 3547 848 3611 sine
872 3545 997 3611 osculis
1021 3552 1055 3610 et
1079 3544 1306 3613 subdiaconus
1330 3545 1507 3611 sustinebit
1528 3545 1651 3611 elatam

436 3651 597 3718 fimbriam
621 3653 794 3718 dexteram
818 3653 975 3740 pluvialis
1000 3653 1218 3730 Celebrantis,
1243 3655 1392 3737 quisine
1424 3652 1652 3720 benedictione

436 3763 608 3827 incensum
623 3751 665 3825 'in
689 3761 862 3825 thuribula
884 3762 1016 3827 iniiciet.

523 3868 577 3933 52.
596 3869 728 3934 Interea
744 3868 951 3934 ordinabitur
967 3871 1143 3954 processio,
1157 3868 1198 3934 de
1214 3888 1279 3953 qua
1294 3870 1434 3936 inferius
1454 3891 1564 3936 sermo
1576 3874 1650 3937 erit.

523 3976 578 4041 53.
602 3976 763 4062 Acolythi
787 3995 863 4042 cum
886 3976 1096 4042 candelabris
1120 3983 1154 4042 et
1177 3977 1330 4054 clericus,
1355 3980 1410 4062 qui
1426 3979 1551 4045 medius
1564 3981 1652 4045 inter

435 4103 494 4150 eos
517 4083 660 4168 gestabit
684 4083 835 4160 Crucem,
861 4083 1023 4150 simulac
1047 4093 1182 4170 paratus
1206 4085 1346 4172 pluviali
1371 4086 1552 4152 celebrans
1576 4089 1651 4165 erit,

435 4198 578 4278 pergent
601 4191 633 4254 in
657 4189 781 4256 aditum
806 4190 1007 4276 presbyterii
1030 4211 1090 4257 seu
1114 4193 1241 4270 sacelli,
1265 4213 1329 4278 quo
1347 4195 1409 4258 iam
1425 4193 1572 4260 delatum
1586 4196 1652 4260 erit

434 4295 670 4364 baldachinum
695 4303 727 4361 et
753 4297 868 4362 hastae
891 4297 1034 4363 traditae
1066 4299 1193 4364 luerint
1223 4307 1299 4367 octo
1331 4300 1564 4367 Sacerdotibus
1596 4303 1651 4367 rel

434 4405 511 4472 aliis
528 4405 607 4471 huic
631 4404 737 4471 officio
761 4405 933 4492 delegatis.

523 4513 578 4578 54.
603 4512 785 4580 celebrans
809 4519 980 4599 postquam
1004 4516 1186 4592 incensum,
1211 4524 1249 4582 ut
1280 4538 1389 4605 supra,
1422 4520 1455 4584 in
1479 4519 1652 4586 thuribula

433 4621 589 4688 iniecerit
611 4629 690 4688 ante
713 4641 892 4698 scamnum,
918 4641 984 4687 non
1007 4628 1085 4689 ante
1109 4622 1238 4702 Altare,
1262 4645 1337 4690 cum
1362 4625 1522 4690 llinistris
1547 4628 1651 4692 susti-

435 4727 594 4794 nentibus
617 4726 760 4795 fimbrias
784 4728 953 4814 pluvialis,
977 4737 1056 4795 ante
1081 4729 1200 4797 Altare
1222 4730 1390 4818 procedet,
1415 4732 1524 4818 ibique
1551 4753 1653 4819 genu·

436 4833 614 4902 flexionem
639 4842 781 4920 utroque
804 4856 894 4922 genu
925 4838 1025 4904 faciet
1055 4838 1089 4903 in
1119 4839 1317 4924 pavimento,
1349 4838 1467 4906 deinde
1497 4848 1650 4926 assurget

438 4948 474 5009 et
498 4963 572 5009 cum
597 4944 636 5008 iis
660 4945 694 5009 in
718 4943 822 5028 gradu
847 4942 957 5010 infimo
980 4945 1194 5031 geniculabit.
