4175 5717
517 719 561 785 28
971 739 1038 788 ura.
1063 738 1098 788 11.

429 845 591 930 psalmum
606 853 706 930 atquc
721 847 837 912 ordine
860 846 1083 931 supradicto,
1108 843 1149 910 ad
1173 865 1269 911 suum
1295 865 1464 920 scamnum
1482 842 1651 922 redibunt,

431 952 485 1016 ubi
508 952 681 1020 sedebunt.
1065 1011 1070 1026 .

517 1061 569 1124 30.
594 1061 861 1147 Antiphonarum
876 1059 1021 1127 secunda
1036 1081 1057 1126 a
1072 1059 1223 1146 digniori,
1238 1062 1293 1146 qui
1309 1059 1435 1128 sedebit
1450 1063 1561 1150 primo
1577 1061 1655 1128 loco

429 1174 546 1231 contra
570 1168 814 1244 celebrantem,
838 1169 1053 1244 intonabitur,
1078 1169 1179 1233 tertia
1201 1188 1222 1233 a
1244 1168 1389 1234 secundo
1420 1167 1565 1254 digniori
1596 1169 1655 1254 qui

308 1359 312 1364 .
429 1273 517 1338 sedel
542 1287 555 1338 t
579 1277 750 1360 proximus
772 1282 846 1362 post
878 1275 1120 1352 Celebrantem;
1146 1281 1309 1359 quartae
1332 1276 1478 1342 secundo
1509 1275 1654 1362 digniori

392 1409 395 1413 ·
429 1385 484 1464 qui
508 1381 634 1448 sedebit
656 1389 731 1468 post
753 1403 838 1458 eum,
862 1385 917 1468 qui
942 1381 1122 1449 secundam
1146 1384 1338 1459 intonuerit,
1359 1389 1460 1467 atque
1476 1384 1524 1448 ita
1538 1403 1654 1470 porro.

517 1491 570 1556 31.
596 1489 663 1556 Sub
686 1488 784 1556 finem
807 1497 920 1556 autam
941 1491 1033 1556 tertii
1051 1490 1178 1576 psalmi,
1197 1491 1251 1556 vel
1267 1491 1470 1578 antiphonae
1489 1492 1653 1576 cuiusque

430 1599 585 1662 nocturni
609 1598 673 1662 duo
697 1598 748 1662 illi
771 1603 927 1664 cantores
950 1597 1073 1664 vadent
1087 1596 1129 1663 ad
1145 1597 1247 1682 legile
1271 1598 1491 1684 praedictum,
1510 1597 1657 1666 attacta

430 1703 472 1769 ad
503 1705 643 1770 Crucem
672 1701 921 1790 genuflexione,
953 1705 1009 1770 ubi
1040 1706 1183 1790 repetita
1213 1705 1319 1771 luerit
1347 1706 1529 1792 antiphona
1560 1707 1655 1772 tertii

429 1811 556 1898 psalmi,
581 1814 734 1878 conversi
758 1811 800 1878 ad
822 1812 941 1878 Altare
964 1812 1149 1878 canmbunt
1173 1833 1306 1878 versum
1330 1819 1408 1880 ante
1428 1813 1592 1880 lectiones
1608 1811 1657 1880 di·

430 1918 580 1990 cendum,
605 1940 710 2004 eoque
735 1925 870 1984 cantato
902 1920 1023 1984 iterum
1052 1917 1282 2004 genuflectent
1305 1925 1340 1985 et
1370 1920 1412 1986 ad
1442 1921 1563 1998 locum,
1588 1939 1655 2006 quo

432 2025 557 2104 sedent,
582 2025 748 2092 redibunt.
1750 2111 1752 2122 Ι

518 2134 571 2200 32.
596 2135 729 2200 Interea
750 2132 828 2199 dum
852 2134 1043 2200 cantabitur
1066 2134 1256 2219 praedictus
1281 2135 1518 2212 uersus-alter
1540 2155 1656 2201 caere-

429 2243 613 2306 moniarum
635 2241 794 2325 Magister
813 2242 1055 2328 approximabit
1071 2244 1104 2306 in
1120 2242 1221 2328 plano
1238 2242 1331 2307 chori
1349 2247 1428 2308 ante
1445 2242 1651 2310 Canopicum

429 2350 499 2413 sive
522 2348 624 2412 aliurn
657 2349 713 2431 qui
736 2353 896 2412 canturus
924 2350 966 2412 sit
996 2349 1134 2433 primam
1167 2349 1345 2414 lectionem
1376 2355 1410 2414 ct
1440 2348 1655 2416 reverebitur

430 2476 514 2520 eum.
536 2455 722 2520 Canonicus
746 2456 816 2520 sive
839 2455 936 2532 alius,
962 2461 1001 2520 ut
1023 2476 1135 2541 supra,
1155 2458 1344 2522 reverentia
1360 2455 1412 2522 illi
1427 2456 1654 2542 respondebit,

431 2561 471 2628 de
487 2563 561 2627 loco
578 2582 638 2627 suo
654 2560 833 2628 descendet
848 2563 943 2646 eique
958 2582 994 2628 se
1010 2561 1118 2629 addet.
1132 2563 1279 2646 Pergent
1294 2564 1327 2628 in
1344 2563 1485 2638 medium
1501 2564 1655 2642 chorum,

429 2679 464 2735 et
487 2670 576 2734 lacta
600 2671 789 2736 reverentia
810 2667 853 2734 ad
878 2669 1018 2734 Crucem
1042 2670 1181 2747 Altaria,
1205 2675 1276 2736 turn
1299 2669 1341 2736 ad
1372 2671 1520 2746 chorum,
1545 2672 1653 2758 primo
1749 2693 1753 2698 ·

429 2777 470 2842 ad
494 2783 622 2862 partem
647 2778 680 2842 in
703 2796 768 2861 qua
791 2777 856 2842 erit
880 2775 1072 2854 Celebrans,
1096 2776 1215 2843 deiude
1244 2775 1286 2844 ad
1316 2777 1468 2856 alteram,
1493 2778 1656 2846 accedent

430 2883 470 2948 ad
493 2884 596 2968 legile
619 2886 654 2950 in
678 2883 783 2950 medio
805 2886 960 2970 positum,
984 2905 1048 2970 quo
1073 2886 1123 2950 usi
1152 2891 1231 2952 sunt
1261 2883 1326 2950 duo
1357 2891 1512 2950 cantores
1535 2884 1577 2951 ad
1601 2905 1656 2952 ca·

430 2990 575 3056 nendum
597 2993 825 3058 invitatorium
854 3000 888 3058 et
918 2990 1116 3057 intonandos
1148 2992 1300 3078 ps‘almus,
1329 2992 1437 3077 ibique
1468 2991 1657 3058 subsistent

432 3105 509 3164 ante
532 3098 652 3163 Altare
676 3101 841 3164 conversi.

519 3206 571 3270 33.
597 3205 703 3270 Simul
726 3225 766 3273 ac
788 3205 853 3272 duo
877 3207 1029 3292 superius
1054 3206 1212 3271 nominati
1231 3212 1395 3286 cantores,
1412 3211 1488 3294 post
1502 3207 1654 3293 psalmos
1718 3211 1725 3224 '

431 3313 641 3378 cantaverint
671 3332 815 3388 versum,
843 3313 960 3396 quibus
991 3312 1120 3380 Chorus
1152 3312 1371 3398 respondebit,
1404 3313 1587 3382 Celebrans
1619 3323 1658 3384 et

432 3427 522 3486 tetus
546 3420 668 3485 chorus
693 3427 884 3505 consurget.
1150 3419 1153 3428 '

518 3529 572 3593 34.
597 3527 709 3594 Versu
738 3527 902 3604 absoluto,
928 3526 1108 3593 Celebrans
1140 3527 1214 3593 alta
1254 3547 1336 3593 voce
1369 3529 1518 3596 cantabit
1544 3529 1660 3600 Pater

432 3641 551 3703 noster
574 3639 608 3700 et
631 3641 762 3700 secreto
785 3635 991 3704 continuabit
1014 3634 1155 3719 reliqua.

519 3742 572 3808 35.
598 3743 779 3809 Celebrans
802 3750 919 3830 perget
941 3763 1062 3809 canere
1085 3742 1130 3810 Et
1152 3761 1199 3810 ne
1218 3761 1283 3810 noe
1306 3742 1456 3812 inducas
1479 3745 1519 3812 in
1545 3751 1659 3814 tenta·

432 3849 557 3916 tionem
581 3849 703 3915 chorus
726 3855 838 3916 autern
867 3849 1080 3937 respondebit
1102 3849 1171 3916 Sed
1195 3848 1391 3916 liberam
1415 3868 1437 3917 a
1459 3853 1561 3929 emb,
1587 3855 1657 3920 mi-

430 3959 518 4022 nime
542 3963 653 4022 tamen
675 3955 831 4022 adiicieus
853 3957 976 4025 Amen.
1001 3947 1182 4024 Celebrans
1206 3963 1278 4022 tum
1301 3957 1449 4023 cantabit
1471 3958 1659 4026 absolutio-

431 4084 507 4130 nem
530 4067 678 4150 primam,
703 4085 819 4150 nempe
844 4064 994 4132 Exaudi
1014 4065 1161 4132 Domine
1190 4064 1278 4132 Jcsu
1312 4059 1448 4145 Christe
1479 4073 1542 4134 etc.
1568 4067 1657 4135 Post

433 4191 529 4255 quarn
553 4172 676 4237 chorus
699 4171 911 4258 respondebit
934 4173 1055 4240 Amce.

519 4281 571 4346 36.
597 4280 783 4345 Canonicus
807 4281 877 4345 sive
908 4280 1004 4356 alius,
1029 4282 1083 4365 qui
1112 4287 1273 4348 cauturus
1306 4283 1350 4348 sit
1379 4281 1558 4348 lectionem
1588 4283 1658 4369 pri·

433 4407 528 4464 marn,
552 4393 642 4452 stans
667 4394 744 4453 ante
768 4387 879 4471 legile,
904 4377 1025 4454 iunctis
1050 4389 1200 4455 manibus
1216 4389 1307 4456 etad
1324 4388 1556 4456 celebrantem
1576 4409 1659 4456 con-

433 4515 562 4570 versus,
586 4501 676 4581 petet
702 4493 974 4571 benedictionem,
999 4515 1121 4561 canens
1144 4496 1245 4573 Iube,
1270 4498 1414 4574 Domnc,
1437 4497 1655 4570 benedicere.

433 4599 614 4666 Celebrans
639 4601 850 4687 respondebit
873 4602 1020 4668 canendo
1044 4603 1290 4674 Benedictioae
1309 4612 1485 4690 perpetua
1504 4611 1567 4674 etc.
1586 4606 1655 4674 Ca-
