4175 5717
515 751 558 815 tlb
962 767 1028 814 ιιι.
1054 764 1103 812 ιιι.

517 875 568 938 19.
595 873 630 938 ιιι
657 875 778 939 itinere
801 893 821 937 ι
852 873 948 938 domo
980 871 1152 958 praedicta
1180 871 1221 936 ad
1249 851 1426 936 ecclesiam
1455 867 1652 934 cantabit-ur

430 981 485 1046 rel
511 981 707 1046 recitabitur
730 981 923 1047 alternatim
939 981 1106 1046 canticum
1122 979 1334 1047 Benedictus
1358 976 1535 1046 omnus
1551 973 1651 1046 Dens

429 1089 545 1154 Israel
565 1093 629 1156 etc.
653 1088 769 1153 etalii
791 1089 920 1174 psalmi.

516 1195 569 1261 20.
595 1193 704 1270 Quum
721 1201 858 1261 rentum
874 1197 939 1260 erit
954 1195 995 1260 ad
1011 1201 1139 1282 portam
1156 1193 1327 1270 ecclesiae,
1344 1193 1493 1260 clericus
1512 1197 1649 1277 gestans

431 1304 571 1370 Crucem
596 1323 633 1369 se
652 1309 827 1369 convertet
849 1303 891 1368 ad
915 1304 1122 1391 Episcopum,
1140 1304 1195 1388 qui
1211 1303 1310 1388 capiti
1325 1301 1483 1368 detrahet
1498 1297 1648 1366 'biretum

430 1418 465 1478 et
488 1412 647 1497 pileolum
672 1431 711 1477 ac
734 1411 941 1496 geniculabit
963 1413 997 1476 in
1022 1411 1159 1497 pulvino
1182 1411 1226 1475 ibi
1249 1413 1459 1498 praeparato.

518 1519 572 1584 21.
597 1519 769 1584 Parochus
792 1537 812 1582 ι
835 1519 960 1584 clerico
990 1519 1113 1585 velex
1140 1517 1242 1584 abaco
1272 1517 1413 1604 accipiet
1443 1511 1648 1582 crucifixum

431 1637 465 1695 et
487 1627 639 1694 detracto
663 1628 749 1704 velo,
774 1648 839 1712 quo
854 1632 1031 1714 coopertus
1047 1628 1121 1700 erit,
1139 1627 1288 1713 porriget
1303 1627 1409 1712 ipsum
1429 1621 1648 1690 osculandum

432 1737 603 1822 Episcopo,
628 1742 663 1800 et
687 1755 804 1803 rursus
828 1729 909 1802 relo'
921 1741 1115 1822 coopertum
1133 1733 1339 1802 Orociflxum·
1350 1734 1509 1800 restituet
1524 1728 1650 1796 clerico

432 1843 489 1908 vel
513 1848 653 1929 reponet
676 1863 776 1929 super
799 1843 911 1919 abaco,
936 1849 970 1908 et
994 1843 1177 1930 Episcopus
1200 1849 1364 1929 assurget.

519 1951 572 2014 22.
598 1951 690 2016 Unus
714 1970 732 2015 e
755 1950 888 2016 clericis
917 1952 1085 2017 amovebit
1114 1951 1298 2038 pulvinum,
1322 1952 1355 2014 in
1379 1969 1445 2034 quo
1472 1947 1650 2035 genicula·

431 2058 521 2123 verit
543 2057 736 2144 Episcopus.
762 2060 884 2124 Postea
906 2059 1080 2124 Parochus
1103 2059 1244 2146 accipiet
1269 2057 1492 2146 aspersorium
1517 2065 1652 2122 etcum

432 2164 557 2229 osculis
580 2167 749 2230 consuetis
772 2165 885 2231 tradet
907 2165 992 2231 illud
1017 2165 1191 2251 Episcopo,
1216 2167 1270 2250 qui
1294 2169 1431 2251 accepto
1451 2162 1653 2250 aspersorio,

433 2271 577 2356 signabit
593 2273 697 2357 primo
713 2274 866 2358 seipsum,
882 2273 1001 2339 deinde
1016 2279 1170 2359 asperget
1187 2273 1358 2338 adstantes
1381 2273 1471 2338 intra
1494 2277 1531 2338 et
1553 2277 1654 2338 extra

433 2380 608 2446 ecclesiam
632 2387 667 2446 et
689 2382 911 2468 aspersorium
935 2381 1089 2446 Parocho
1111 2381 1277 2446 restituet.

519 2487 573 2553 23.
598 2490 720 2554 Postea
743 2489 915 2554 Parochus
937 2490 1078 2575 accipiet
1101 2490 1290 2554 naviculam
1316 2494 1351 2554 et
1373 2489 1547 2554 incensum
1577 2505 1653 2554 cum

434 2594 558 2660 osculis
582 2594 782 2660 ministrabit
805 2595 978 2682 Episcopo,
1003 2596 1116 2662 dicens
1133 2595 1332 2664 Benedimte
1349 2595 1654 2664 aemesam

436 2702 554 2768 Pater.
579 2701 762 2789 Episcopus
785 2723 861 2768 cum
883 2703 1113 2768 benedictione
1136 2705 1294 2769 immittet
1316 2703 1488 2768 incensum
1514 2703 1549 2768 iu
1571 2701 1656 2768 thu-

436 2808 591 2885 ribulum,
616 2808 703 2892 quod
726 2811 757 2874 ei
781 2810 1051 2894 praesentabitur
1074 2829 1095 2874 a
1117 2811 1241 2876 clerico
1265 2807 1455 2896 genuflexo.

521 2916 574 2981 24.
600 2916 772 2982 Parochus
797 2919 954 2982 restituet
977 2917 1165 2982 naviculam
1194 2917 1331 2994 clerico,
1356 2923 1391 2982 et
1421 2915 1462 2982 ab
1490 2935 1532 2983 eo
1561 2917 1654 2983 acci·-

434 3026 502 3109 piet
524 3024 744 3101 thuribulum,
769 3045 805 3090 se
821 3027 918 3090 sistet
933 3033 1051 3091 contra
1068 3027 1266 3112 Episcopum
1283 3033 1318 3092 et
1332 3027 1437 3112 ipsum
1461 3025 1655 3092 reverentia

434 3133 601 3217 profunda
623 3135 774 3199 salutans
798 3140 877 3199 ante
900 3141 936 3200 et
957 3139 1081 3220 postea,
1106 3135 1230 3220 triplici
1255 3133 1356 3198 ductu
1389 3131 1548 3200 adolebit.
1574 3131 1654 3220 Epi·

434 3261 552 3326 scopus
576 3244 608 3306 in
634 3242 891 3309 thurificationis
914 3249 992 3308 actu
1017 3248 1117 3330 caput
1140 3243 1246 3308 bireto
1267 3243 1444 3330 cooperiet,
1462 3247 1496 3309 et
1513 3243 1654 3330 accipiet

435 3349 714 3416 thurificationem
737 3351 859 3416 iunctis
883 3349 1050 3425 manibus;
1075 3355 1149 3436 post
1173 3351 1433 3415 incensationem
1455 3355 1571 3416 antem
1594 3349 1655 3416 be·

437 3459 656 3524 nedictionem
680 3459 834 3525 Parocho
857 3458 1000 3524 donabit.

524 3567 577 3632 25.
604 3567 766 3642 Clericus,
790 3569 846 3652 qui
870 3567 1080 3633 thuribulum
1103 3573 1138 3632 et
1160 3567 1258 3643 alter,
1283 3567 1338 3650 qui
1354 3565 1531 3632 vasculum
1549 3569 1655 3634 susti-

436 3676 536 3750 nebit,
560 3675 714 3740 deferent
736 3676 820 3741 haec
835 3675 875 3740 ad
899 3675 1028 3740 Altero.

525 3785 578 3849 26.
605 3785 784 3867 Postquam
817 3781 1028 3848 thurificatus
1060 3784 1125 3849 erit
1157 3784 1350 3870 Episcopus,
1382 3781 1589 3869 procedetur
1619 3781 1659 3850 ad

438 3892 558 3959 Altare
582 3900 616 3959 et
638 3893 829 3958 cantabitur
853 3889 907 3954 vel
931 3891 1002 3955 alta
1025 3908 1108 3956 voce
1131 3889 1328 3957 recitabitur
1351 3909 1371 3955 a
1394 3889 1550 3958 Parocho
1583 3911 1659 3958 cum

438 3999 570 4067 clericis
593 4002 775 4088 antiphona
798 4019 956 4084 sequens:
1689 4005 1691 4016 '

551 4254 630 4321 Ant.
656 4252 818 4318 Sacerdos
835 4257 869 4316 et.
885 4251 1053 4328 Pontifex,
1071 4258 1104 4317 et
1122 4252 1282 4318 rirtsltum
1302 4250 1424 4339 opifex,
1437 4259 1555 4339 pastor
1575 4253 1661 4320 bone

440 4383 473 4445 in
497 4381 617 4466 populo
634 4381 682 4444 sic
705 4377 861 4466 placuisti
886 4378 1031 4442 Dbrnino.

529 4633 581 4697 27.
608 4634 672 4698 Vel
697 4654 838 4720 sequeus
862 4636 1118 4721 responsorium.
