4175 5717
529 747 569 810 18
981 765 1046 810 crs.
1072 759 1106 808 ιι.

438 871 479 937 ad
503 871 631 948 ditare,
647 869 923 936 candelabrorum
940 870 1060 935 iterum
1076 867 1259 936 accendent
1273 869 1430 936 candelas
1445 877 1480 936 et
1494 869 1537 935 ad
1550 868 1656 936 ectio·

439 1000 507 1056 nes,
532 997 616 1063 quae
639 983 833 1062 sequuntur,
858 978 964 1064 parati
988 983 1098 1042 erunt.

525 1087 578 1152 31.
602 1085 709 1150 Paulo
724 1090 901 1168 antequam
918 1090 1036 1151 cantus
1060 1084 1315 1170 antiphonarum
1336 1083 1480 1163 liniatur,
1501 1084 1656 1172 acolythi

435 1195 599 1280 accipient
619 1192 821 1258 candelabra
843 1198 878 1258 et
900 1192 1037 1258 coibunt
1059 1196 1137 1257 ante
1160 1191 1301 1257 medium
1325 1192 1453 1260 Altare:
1477 1193 1549 1279 pari
1565 1198 1655 1258 tem-

434 1322 514 1388 pore
538 1299 749 1386 pluvialistae
772 1306 872 1386 caput
894 1300 1055 1384 aperient,
1080 1304 1285 1384 consurgent
1299 1298 1340 1364 de
1355 1298 1430 1365 loco
1446 1319 1507 1364 suo
1522 1305 1557 1365 et
1572 1304 1654 1366 ante

435 1408 553 1474 Altare
572 1406 761 1494 procedent
778 1411 813 1473 et
828 1413 895 1473 tam
910 1406 1133 1493 pluvialistae,
1158 1427 1255 1491 quam
1277 1407 1428 1494 acolythi
1447 1403 1653 1493 genuflexio-

436 1535 510 1581 nem
523 1515 564 1581 ad
576 1515 695 1581 Altare
707 1513 858 1592 efficient,
872 1521 905 1580 et
918 1516 1054 1581 venient
1069 1520 1147 1580 ante
1164 1514 1404 1581 Celebrantem.
1417 1514 1556 1600 Utrique
1571 1519 1653 1580 ante

434 1625 540 1710 ipsum
563 1643 663 1708 quum
693 1625 849 1688 venerint
879 1625 1069 1690 reverentia
1098 1621 1248 1688 eumdem
1279 1622 1483 1688 salutabunt.
1510 1621 1655 1688 Pluvia·

435 1731 533 1795 listas
555 1735 633 1796 ante
656 1729 752 1797 illurn
776 1729 958 1797 subsistent
981 1732 1015 1800 in
1038 1730 1139 1816 plano
1155 1730 1259 1807 chori,
1284 1737 1322 1795 ut
1345 1731 1497 1817 superius
1513 1730 1547 1794 iu
1563 1730 1655 1816 prin·

436 1839 520 1924 cipio
542 1837 722 1916 docuimus,
746 1838 895 1925 acolythi
918 1845 1029 1903 autem
1053 1838 1362 1925 appropinquabunt
1388 1837 1426 1902 ad
1458 1857 1544 1915 eum,
1569 1855 1654 1902 can·

435 1944 572 2010 delabra
594 1964 614 2010 a
637 1944 798 2012 lateribus
814 1946 886 2010 eius
903 1947 1115 2023 sustinentes,
1133 1946 1285 2011 conversi
1302 1949 1412 2010 tamen
1428 1944 1517 2010 alter
1533 1949 1653 2010 contra

436 2052 590 2118 alterum.

523 2159 575 2224 32.
599 2160 809 2247 Antiphonae
840 2167 940 2227 cantu
970 2161 1133 2240 absoluto,
1158 2161 1338 2228 celebrans
1368 2165 1469 2247 caput
1498 2162 1650 2247 aperiens

435 2272 598 2352 assurget,
630 2273 664 2333 et
695 2267 884 2353 Capitulum
914 2270 1034 2336 iunctis
1069 2269 1218 2335 manibus
1249 2268 1405 2335 cantabit.
1442 2267 1651 2355 Assurgente

437 2373 644 2453 Celebrante,
668 2381 848 2462 consurget
872 2382 906 2442 et
929 2377 1063 2443 chorus.

523 2481 575 2548 33.
601 2481 771 2569 Completo
795 2483 1230 2570 eapitu10‚resp0ndebitur
1253 2503 1272 2548 a
1295 2485 1398 2549 choro
1415 2485 1485 2551 Deo
1499 2483 1650 2574 prauos,

435 2587 551 2654 deinde
575 2589 768 2675 pluvialista
790 2593 915 2678 primus
939 2591 1099 2657 accedens
1122 2591 1328 2676 aliquantum
1349 2589 1390 2656 ad
1406 2590 1651 2668 celebrantem,

437 2696 598 2784 hymnum
622 2698 652 2763 ei
675 2699 856 2784 praecinet.

523 2804 575 2868 34.
600 2805 779 2890 Postquam
802 2805 982 2872 celebrans
998 2808 1182 2873 intonuerit
1197 2806 1367 2892 hymnum,
1385 2805 1598 2892 pluvialistae
1617 2812 1654 2872 et

435 2912 593 2997 acolythi,
617 2913 707 2979 facta
729 2912 771 2978 ad
792 2915 899 2999 ipsum
923 2916 1124 2991 reverentia,
1142 2912 1296 2980 redibunt
1311 2919 1389 2978 ante
1406 2913 1524 2980 ditare
1543 2911 1653 2998 ibique

434 3025 569 3104 peracta
591 3019 833 3104 genuflexione,
859 3021 1073 3109 pluvialistae
1089 3021 1130 3087 ad
1146 3022 1256 3087 locum
1273 3041 1368 3086 suum
1388 3021 1554 3099 redibunt,
1570 3039 1653 3087 aco-

434 3128 522 3214 lythi
547 3147 626 3193 vero
649 3127 815 3215 deponent
838 3128 1038 3195 candelabra
1063 3130 1117 3194 ubi
1140 3135 1245 3206 erant,
1271 3129 1379 3214 ibique
1402 3133 1597 3198 consistent.

522 3234 574 3300 35.
600 3235 666 3302 Sub
700 3236 816 3322 hymni
849 3235 960 3314 tinem,
991 3237 1228 3303 thuriferarius
1259 3238 1358 3303 vadet
1387 3240 1420 3305 in
1453 3241 1651 3320 sacrarium,

436 3343 644 3429 praeparabit
667 3344 875 3411 thuribulum
893 3351 926 3410 et
942 3350 1077 3431 praesto
1095 3346 1161 3410 erit
1183 3364 1282 3429 quum
1305 3346 1482 3431 incipietur
1506 3347 1655 3434 Mopsi-

434 3454 524 3539 licat.

523 3557 576 3624 36.
600 3558 651 3625 Ad
675 3559 824 3624 ultimam
846 3561 961 3646 hymni
984 3560 1156 3646 strophen,
1179 3561 1334 3647 postremi
1353 3559 1418 3626 duo
1434 3561 1654 3647 pluvialistae

433 3665 613 3754 procedent
635 3673 712 3732 ante
732 3666 859 3744 Altera,
877 3668 980 3752 iisque
996 3667 1197 3744 absentibus,
1214 3667 1279 3734 duo
1296 3674 1450 3734 cantores
1472 3672 1653 3758 superpel-

434 3773 519 3839 liceo
550 3773 665 3850 induti,
691 3779 724 3838 ct
748 3769 881 3839 versum
904 3779 983 3839 tono
1007 3776 1211 3861 praescripto
1235 3775 1425 3840 cantabunt.
1452 3777 1576 3843 iterata
1606 3779 1653 3846 ad

434 3880 551 3947 Altare
575 3878 816 3967 genuflexione,
841 3882 994 3949 redibunt
1017 3882 1058 3947 ad
1082 3882 1192 3947 locum
1223 3902 1328 3958 suum,
1353 3883 1543 3968 primusque
1570 3885 1652 3972 plu-

432 3989 565 4054 vialista
599 3988 743 4066 accedet,
768 3995 803 4055 ut
827 4009 937 4075 supra,
961 3989 1002 4055 ad
1034 3988 1276 4065 Celebrantem,
1300 3995 1335 4056 et
1364 3990 1576 4076 antiphonam
1607 3993 1651 4060 ad

433 4095 639 4185 Maynt'ficat
662 4098 832 4183 praecinet
855 4097 916 4161 illi.

518 4203 570 4269 37.
595 4204 776 4270 celebrans
807 4205 1019 4290 antiphonam
1052 4206 1222 4282 intonabit
1247 4204 1364 4271 deinde
1391 4205 1520 4273 sedebit
1548 4216 1650 4295 caput

428 4313 535 4377 bireto
559 4314 762 4398 cooperiens,
788 4311 936 4395 idemque
961 4312 1087 4378 facient
1110 4313 1209 4377 etiam
1235 4312 1365 4396 reliqui.

518 4418 570 4494 38,
594 4420 730 4485 Interim
754 4440 774 4484 a
797 4418 900 4485 choro
926 4426 1066 4485 canetur
1089 4420 1269 4506 antiphona
1292 4439 1387 4505 quam
1412 4418 1564 4498 diximus,
1584 4423 1646 4490 sub

432 4527 525 4591 cuius
550 4525 647 4592 flnem
669 4527 734 4593 duo
758 4531 912 4593 cantores
935 4527 1043 4593 induti
1073 4527 1315 4614 superpelliceo
1339 4533 1480 4614 pergent
1509 4529 1543 4594 in
1574 4549 1646 4596 me-

433 4632 520 4699 dium
545 4635 682 4700 chorum
713 4634 843 4700 easdem
867 4639 1086 4719 exsequentes
1112 4636 1327 4711 reverentias,
1344 4655 1425 4719 quas
1443 4637 1594 4721 superius
1611 4637 1644 4703 in

435 4743 639 4809 intonatione
661 4744 756 4829 primi
773 4743 898 4829 psalmi.
