4175 5717
522 717 588 784 ’390
979 733 1046 780 niu.
1073 732 1106 779 11.

430 845 526 910 labra
548 847 690 919 sument,
714 840 896 928 procedent
918 847 997 906 ante
1023 839 1153 918 Altare,
1189 837 1456 927 genuflexionem
1487 835 1657 924 duplicem

429 950 605 1018 conficient
620 957 654 1016 et
679 949 720 1016 de
736 949 839 1014 choro
856 969 914 1014 seu
930 951 1140 1037 presbyterio
1159 948 1340 1016 discedent.
1358 927 1479 1016 Clarus
1494 957 1659 1034 sequetur

431 1059 628 1145 Acolythos,
652 1077 842 1141 omnesque,
868 1065 905 1122 ut
929 1077 1040 1143 supra,
1067 1055 1296 1144 genuflectent
1319 1058 1396 1123 bini:
1422 1057 1608 1124 celebrans
1624 1063 1659 1124 et

431 1169 575 1232 Ministri
598 1165 639 1230 ad
663 1171 780 1230 nutum
805 1163 1064 1230 caeremoniarii
1087 1171 1303 1251 consurgent,
1327 1161 1597 1251 genuflexionem
1621 1166 1657 1232 in

430 1276 617 1361 parimento
641 1279 879 1356 exsequentur,
905 1279 1080 1358 utsupra,
1105 1279 1139 1338 et
1174 1279 1350 1357 sequentes
1382 1273 1519 1341 Olenum
1551 1272 1659 1340 disce-

430 1383 519 1449 dent:
544 1383 706 1448 Diacouus
730 1381 873 1447 biretum
896 1381 1007 1446 tradet
1030 1381 1232 1458 Celebranti,
1258 1381 1557 1458 Gaeremoniarius,
1584 1381 1660 1448 Die-

431 1509 515 1556 cono
537 1496 572 1555 et
594 1488 811 1562 subdiacono,
836 1491 892 1572 qui
915 1496 1015 1575 ceput
1038 1491 1240 1575 cooperient,
1265 1509 1365 1574 quum
1382 1495 1482 1555 extra
1498 1507 1660 1576 conspec-

431 1611 501 1664 tum
525 1597 582 1664 SS.
607 1596 814 1662 Sacramenti
836 1599 1063 1683 pervenerint.
1336 1661 1339 1668 .

517 1705 569 1770 79.
595 1704 719 1770 Eodem
743 1704 859 1770 ordine
882 1725 922 1769 ac
946 1725 1005 1789 pro
1029 1705 1137 1770 Missis
1161 1689 1363 1770 solemnibus
1379 1703 1514 1781 tradito,
1530 1702 1660 1770 redibit

431 1813 550 1878 Clarus
572 1814 606 1877 in
630 1813 811 1877 sacrarium
834 1812 944 1896 ibique
968 1811 1149 1878 celebrans
1184 1818 1219 1878 et
1249 1813 1393 1878 Ministri
1425 1829 1521 1876 sacra
1556 1811 1661 1876 indu-

432 1925 542 1986 menta
564 1919 742 1984 dimittent.
1380 1917 1385 1932 '

517 2028 570 2092 80.
595 2028 775 2110 Postquam
800 2027 985 2095 celebrans
1009 2047 1051 2092 ex
1078 2027 1189 2093 Alteri
1213 2027 1385 2113 proiectus
1408 2023 1664 2102 erit-discedet

430 2140 528 2203 ctiam
551 2155 626 2202 cum
648 2133 759 2200 debito
782 2133 897 2201 ordine
922 2134 1199 2202 Goniraternitas.
1216 2135 1288 2200 Duo
1305 2135 1420 2200 clerici
1435 2139 1515 2200 ante
1533 2133 1660 2200 Altare

431 2242 677 2331 praeparabunt
699 2263 869 2308 scamnum
892 2265 967 2309 cum
991 2244 1146 2328 pulvinis,
1171 2245 1246 2309 loco
1261 2241 1481 2329 genuflexerii
1498 2241 1662 2310 adhiben-

430 2352 517 2426 dum,
541 2357 576 2416 et
597 2349 801 2416 adorationis
837 2353 1033 2437 principium
1064 2349 1130 2417 flet.
1166 2351 1364 2417 Sacerdotes
1395 2350 1537 2436 singulis
1566 2351 1662 2418 horis

431 2459 656 2525 adorationem
680 2467 876 2545 peracturos
900 2460 1114 2526 comitabitur
1136 2459 1177 2525 ad
1201 2459 1329 2558 Altare·
1354 2459 1499 2525 clericus
1534 2457 1663 2544 aliquis

431 2571 485 2652 qni
510 2570 543 2633 in
567 2569 751 2633 sacrarium
775 2566 914 2634 reducet
947 2567 1074 2632 alteros
1108 2569 1172 2632 iam
1202 2567 1395 2632 adoratione
1427 2567 1576 2638 functos.
1611 2565 1661 2654 (α)

433 2675 589 2759 Quaeque
612 2696 672 2762 pro
697 2675 871 2740 iunctione
893 2673 1041 2741 adhibita
1064 2676 1192 2741 luerint
1215 2695 1235 2740 a
1258 2675 1390 2742 clericis
1413 2671 1581 2742 ex‘'abaoo
1596 2675 1663 2742 tol·

430 2783 545 2848 lentur
567 2790 601 2850 et
624 2784 658 2848 in
680 2783 864 2848 sacrarium
888 2782 1090 2849 referentur.

517 2891 570 2956 81.
595 2889 739 2966 Quodsi
764 2890 974 2956 Processioni
997 2889 1092 2956 locus
1116 2911 1183 2956 non
1206 2897 1305 2972 esset,
1330 2890 1541 2956 observanda
1578 2897 1663 2958 sunt

430 3019 514 3082 quae
537 3005 732 3081 sequuntur.

520 3105 573 3171 82.
598 3104 780 3172 Celebrens
802 3113 976 3191 postquam
1000 3107 1141 3192 pluviali
1165 3107 1299 3174 indutus
1324 3107 1397 3184 erit,
1422 3106 1552 3172 medius
1569 3107 1663 3174 inter

431 3215 600 3280 Ministros
624 3213 666 3278 ad
690 3213 808 3278 Altare
833 3213 998 3299 procedet,
1024 3211 1291 3299 genuflexionem
1327 3221 1470 3298 utroque
1500 3233 1593 3300 genu
1626 3215 1662 3282 in

430 3322 618 3406 pavimento
642 3319 806 3396 conficiet,
830 3319 949 3386 deinde
971 3328 1126 3407 assurget
1149 3328 1183 3386 et
1206 3323 1240 3386 in
1263 3322 1370 3407 gradu
1395 3320 1506 3388 infimo
1523 3323 1664 3408 genicu-

430 3428 520 3492 labit.
545 3429 639 3520 Tunc
662 3427 703 3495 de
725 3431 875 3493 sacrario
899 3428 1040 3494 exibunt
1063 3429 1306 3496 thuriferarius
1330 3450 1405 3495 cum
1428 3429 1609 3498 thuribulo
1626 3437 1663 3500 et

430 3535 587 3600 navicula
610 3555 650 3600 ac
672 3541 816 3620 quatuor
838 3536 955 3602 clerici
978 3557 1055 3602 cum
1080 3537 1255 3604 intorticiis
1290 3538 1449 3616 accensis,
1474 3539 1531 3624 qui
1566 3537 1663 3606 iacta

432 3642 554 3729 duplici
582 3640 815 3727 genuflexione
839 3650 873 3709 et
896 3645 967 3710 sina
991 3647 1181 3711 reverentia
1204 3651 1264 3711 aut
1286 3646 1504 3712 inclinatione
1540 3653 1663 3714 mutua

431 3755 465 3819 in
490 3768 602 3834 genua
624 3749 842 3834 procumbent
863 3756 942 3816 ante
965 3751 1094 3817 Altare.
1120 3753 1373 3820 Thuriierarius
1395 3773 1415 3819 a
1440 3754 1557 3826 latere
1591 3753 1662 3822 Al-

428 3857 513 3922 taris
537 3857 707 3921 consistet.
734 3855 852 3922 Clarus
876 3859 910 3922 in
933 3859 1035 3923 choro
1059 3859 1198 3944 genibus
1222 3861 1362 3926 insistet.
1386 3861 1521 3928 Interea
1537 3861 1663 3930 niaco·

430 3985 493 4030 nus
516 3962 571 4028 vel
597 3965 696 4028 etiam
720 3963 869 4030 Sacrista
892 3966 925 4030 in
950 3965 1071 4031 throno
1094 3974 1196 4052 ponet
1225 3965 1457 4034 Ostensorium
1487 3987 1565 4034 cum
1598 3969 1660 4038 SS.

431 4072 658 4138 Sacramento.
684 4071 735 4137 Ad
764 4069 916 4138 Tantum
939 4093 1023 4158 erpo
1047 4075 1219 4139 incensum
1250 4074 1446 4142 demittetur
1475 4063 1510 4141 ib
1541 4077 1661 4146 thuri-

429 4180 543 4244 bulum
568 4185 602 4243 ot
626 4178 682 4244 SS.
709 4179 968 4256 Sacramentum,
994 4187 1031 4246 ut
1055 4182 1294 4267 supradictum
1312 4189 1373 4258 est,
1392 4181 1657 4252 thurificabitur.

430 4289 550 4353 Postea
573 4287 687 4352 eodem
712 4287 826 4352 ordine
850 4293 1012 4352 canentur
1035 4289 1195 4364 Litaniac
1221 4291 1337 4376 quibus
1361 4291 1535 4368 absolutis,
1565 4313 1660 4378 qua-

429 4399 506 4458 tuor
530 4395 551 4458 ii
575 4395 690 4460 clerici
715 4415 789 4460 curn
813 4395 989 4460 intorticiis
1014 4404 1229 4482 consurgent,
1265 4395 1533 4484 genuflexionem
1566 4419 1659 4466 con-

501 4591 542 4656 (u)
563 4591 672 4646 Confer
690 4609 765 4664 quar
786 4589 911 4648 diximus
930 4592 976 4648 lib.
998 4597 1007 4649 l
1031 4611 1095 4667 cap.
1116 4594 1161 4650 lli.
1182 4603 1199 4658 ἓ
1220 4601 1254 4654 20
1274 4614 1351 4654 num.
1371 4599 1431 4654 213.
