4175 5717
518 739 583 803 :348
981 751 1048 798 ura.
1073 751 1093 797 1.

430 863 497 928 albi
521 861 652 938 coloris,
676 859 949 944 quemadmodum
979 865 1092 924 monet
1122 853 1303 923 Baruffaldi
1335 857 1368 920 in
1398 853 1659 928 Commentariis
1696 867 1702 878 ·

430 969 472 1034 ad
495 969 630 1035 Rituale
654 969 851 1034 Romanum.
877 967 911 1033 Si
936 965 1098 1033 Sacerdos
1134 970 1222 1030 esset
1246 963 1432 1030 Canonieus
1465 963 1535 1028 sive
1566 961 1659 1030 alius

431 1079 590 1162 quispiam
615 1075 769 1162 Capitale
791 1074 953 1149 addictus,
977 1071 1171 1160 deponenda
1194 1071 1246 1136 illi
1269 1073 1335 1138 erit
1358 1089 1461 1158 cappa
1483 1067 1539 1136 vel
1563 1067 1660 1136 aliud

430 1186 570 1270 insigne,
595 1189 630 1248 et
651 1183 932 1268 superpelliceum
955 1201 1031 1246 cum
1058 1180 1146 1246 stola
1169 1178 1374 1246 sumendum.
1399 1179 1437 1244 ln
1460 1177 1573 1244 altari
1599 1197 1662 1244 au·.

431 1299 507 1368 tem,
532 1295 565 1358 in
589 1311 654 1376 quo
678 1292 907 1358 asservabitur
930 1289 988 1358 SS.
1011 1291 1273 1366 Sacramentum,
1299 1287 1395 1355 binae
1429 1285 1662 1354 accendentur

431 1401 601 1478 candelae,
625 1407 778 1488 paratum
797 1402 831 1467 in
847 1401 953 1467 medio
969 1403 1035 1466 erit
1051 1399 1227 1488 corporale
1251 1398 1466 1485 explicatum,
1487 1395 1663 1466 clavicula

432 1508 642 1576 tabernaculi
665 1529 725 1574 seu
748 1507 873 1584 ciborii,
899 1508 1074 1574 vasculum
1096 1508 1240 1573 vitreum
1264 1528 1339 1573 cum
1361 1526 1448 1590 aqua
1470 1511 1505 1572 et
1537 1501 1662 1594 purifi-

433 1619 596 1683 catorium
620 1615 661 1682 ad
684 1615 874 1682 Sacerdotis
897 1615 1019 1701 digitos
1044 1613 1275 1701 purificandos,
1300 1616 1442 1701 pesitum
1457 1633 1568 1700 prope
1601 1619 1664 1680 a·

433 1725 653 1792 bernaculum
675 1744 794 1790 sersus
818 1743 923 1790 cornu
947 1723 1128 1810 Epistulae.
1146 1724 1268 1788 Parata
1291 1722 1331 1794 ad
1355 1723 1662 1808 balaustrium.pro
1724 1723 1729 1734 '

435 1832 715 1898 communicandis
739 1832 805 1897 erit
835 1831 978 1908 tobalea,
1004 1833 1147 1916 itemque
1172 1834 1205 1896 in
1237 1839 1390 1917 promptu
1414 1835 1514 1897 erunt
1542 1827 1665 1916 cyathi

435 1961 495 2006 seu
517 1945 652 2026 paterae
676 1939 805 2004 vitreae
828 1959 903 2004 cum
927 1940 1005 2003 vino
1028 1945 1063 2005 et
1085 1958 1171 2022 aqua
1186 1957 1246 2024 pro
1263 1935 1579 2004 comunieandorum
1602 1956 1666 2023 pu·

437 2045 629 2124 rificatione,
654 2047 681 2111 si
704 2037 863 2110 loco'illo
887 2046 1012 2132 vigebit
1035 2067 1105 2112 mos
1130 2046 1326 2113 huiusmodi.

528 2155 577 2218 ll.
601 2153 708 2219 Porro
732 2152 893 2218 Sacerdos
920 2153 1164 2239 superpelliceo
1189 2159 1223 2220 et
1246 2155 1342 2232 stola,
1368 2161 1406 2220 ut
1435 2153 1562 2220 dietum
1597 2157 1664 2232 est,

437 2261 582 2337 indutus,
608 2261 714 2346 capite
739 2260 848 2326 bireto
882 2267 1038 2347 cooperto
1069 2263 1254 2346 iunctisque
1286 2263 1446 2340 manibus,
1474 2267 1666 2348 praeeunte

437 2369 561 2433 clerico
576 2367 819 2453 superpelliceo
843 2367 969 2445 induto,
986 2368 1145 2454 procedet
1160 2369 1199 2434 ad
1217 2369 1379 2435 sacellum
1398 2371 1433 2436 iu
1449 2389 1514 2454 quo
1531 2367 1589 2436 SS.
1604 2369 1667 2438 Sa·

439 2482 644 2541 crumentum
659 2476 725 2542 erit
741 2477 830 2541 intra
844 2477 1100 2542 tabernaculum
1126 2477 1343 2543 reconditum.
1364 2478 1515 2544 Clericus
1539 2474 1668 2546 afferre

438 2585 572 2650 bursam
595 2604 670 2650 eum
693 2583 859 2668 corporali
883 2586 1015 2669 poterit,
1049 2587 1112 2652 nisi
1141 2587 1204 2651 iam
1232 2586 1335 2651 fuerit
1362 2587 1396 2650 in
1427 2584 1538 2652 Altari
1552 2605 1668 2672 ¹prae·

437 2698 599 2778 paratum
625 2690 826 2766 Quibusdam
850 2693 883 2756 io
908 2691 1072 2770 ecclesiis,
1096 2713 1181 2777 quae
1205 2693 1410 2779 regulariter
1434 2695 1572 2780 exsequi
1588 2693 1669 2762 lun·

439 2803 564 2865 ctiones
589 2819 701 2865 sacras
725 2799 870 2876 student,
896 2801 928 2863 in
954 2820 1046 2864 more
1074 2803 1214 2886 positum
1243 2808 1304 2880 est,
1328 2807 1367 2868 ut
1398 2801 1561 2870 Sacerdos
1595 2804 1669 2890 ipse

439 2905 556 2972 afferat
578 2907 711 2972 bursam
737 2927 811 2971 cum
835 2907 1002 2991 corporali
1027 2907 1067 2972 ad
1097 2915 1212 2994 peetus
1243 2909 1443 2995 applicitam,
1468 2929 1553 2993 quae
1581 2929 1670 2977 eon-

441 3014 581 3080 suetudo
613 3015 667 3079 ubi
699 3015 820 3099 vigeat,
852 3015 991 3078 retineri
1022 3017 1155 3099 peterit,
1187 3017 1383 3101 praesertim
1415 3018 1478 3082 nisi
1511 3019 1671 3085 minister

443 3123 593 3186 Clericus
618 3123 691 3186 erit.

532 3229 581 3294 l2.
607 3229 810 3313 Progressus
834 3228 874 3293 ad
899 3228 1017 3294 Altera
1042 3228 1205 3296 Sacerdos
1228 3231 1371 3298 biretum
1396 3234 1549 3298 ministro
1572 3253 1669 3300 eom-

444 3340 561 3413 mittet,
585 3343 685 3420 atque
708 3338 740 3400 in
777 3337 883 3402 medie
918 3343 995 3404 ante
1026 3337 1145 3403 Altare
1174 3340 1361 3425 pavimento
1395 3339 1670 3426 genuflexionem

444 3444 573 3520 efficiet,
597 3443 755 3510 ascendet
770 3444 810 3509 ad
827 3444 956 3521 Altare,
973 3446 1149 3530 corporale
1165 3446 1356 3532 explicabit,
1374 3450 1437 3514 nisi
1454 3451 1519 3516 iam
1534 3469 1670 3536 expan-

443 3642 573 3716 petitiooi
593 3642 751 3699 satisfieret
770 3644 1004 3716 peregrinorum,
1024 3643 1073 3717 qui
1092 3644 1129 3699 ad
1149 3642 1294 3700 visitanda
1313 3651 1416 3702 saneta
1443 3646 1509 3702 loca
1536 3647 1670 3724 undique

443 3733 639 3794 confluebant,
659 3745 688 3788 et
706 3732 773 3804 quia
792 3751 849 3788 nou
877 3751 996 3806 semper
1015 3734 1044 3788 in
1066 3743 1200 3806 promptu
1228 3743 1293 3791 erat
1315 3734 1363 3808 qui
1388 3737 1514 3794 Sacrum
1545 3737 1670 3804 iaceret,

443 3821 554 3878 idcirce
575 3821 662 3877 Panis
682 3821 902 3878 Euclraristicus
922 3823 1080 3880 ministrari
1095 3823 1245 3882 Fidelibus
1259 3835 1344 3883 extra
1357 3827 1479 3883 Missam
1492 3835 1598 3900 ceptus
1613 3839 1672 3888 est.

443 3911 594 3979 (quocirca
612 3911 648 3966 ad
667 3909 891 3980 significandum
912 3923 1045 3969 veterem
1066 3913 1219 3972 Ecclesiae
1241 3914 1327 3974 ritum
1347 3917 1424 3974 iuter
1443 3915 1568 3974 Missam
1589 3937 1671 3978 eom·

444 4000 620 4059 rounicandi.
640 4000 807 4057 restitutum
829 4015 873 4057 est
892 4019 910 4058 a
930 4003 1045 4064 Rituali,
1060 4012 1091 4060 ut
1104 3993 1309 4062 Eueba'ristiae
1324 4009 1551 4066 Sacramentum
1572 4009 1670 4066 admi-

445 4094 586 4150 oreretur
606 4109 672 4148 curo
692 4093 766 4146 stola
786 4109 860 4164 quae
889 4092 1019 4149 eiusdem
1040 4103 1127 4167 alque
1154 4095 1240 4151 rrfficii
1260 4096 1297 4152 sit
1316 4096 1434 4154 eoloris.
1455 4099 1669 4175 Quaecumque

445 4183 562 4240 domum
583 4183 679 4255 opinio
698 4181 732 4236 sit
753 4182 887 4252 gravium
908 4191 1071 4250 auctorum,
1091 4203 1162 4257 quos
1184 4187 1281 4256 rortgoi
1304 4187 1433 4252 smirnos,
1455 4189 1502 4262 qui
1519 4191 1670 4248 affirmant

448 4289 533 4342 posse
554 4282 604 4328 aut
622 4272 732 4328 debere
752 4271 924 4329 Communio
944 4273 1140 4330 administrari
1162 4294 1227 4332 eum
1254 4278 1330 4332 stola
1353 4279 1408 4334 albi
1436 4280 1553 4340 certeris,
1579 4299 1668 4338 cuum

447 4361 602 4420 admodum
624 4373 721 4434 partiam
741 4363 864 4418 Rilualis
883 4363 1041 4434 dispositio,
1062 4382 1136 4436 (quara
1157 4367 1242 4422 nullis
1262 4367 1365 4424 subiici
1385 4379 1482 4440 protest.
1496 4347 1670 4442 interpreta-

450 4450 583 4508 tionibus.
603 4451 804 4509 existimamus
815 4471 873 4506 uon
887 4471 953 4508 esse
971 4453 1004 4506 iis
1017 4455 1246 4524 adbaeremlum,
1263 4467 1292 4516 et
1304 4458 1401 4530 legem
1416 4459 1571 4532 positivam
1585 4462 1669 4518 nobis

450 4539 545 4610 potius
564 4543 751 4614 sequendum,
771 4561 857 4618 quam
878 4543 1021 4616 privatam
1043 4546 1209 4617 opinionem
1226 4548 1401 4621 scriptorum
1417 4551 1588 4625 ceteroquin
1603 4569 1670 4608 eru·

450 4627 574 4684 (litorum
596 4639 620 4684 ot
644 4632 797 4696 insignium
