4175 5717
1010 478 1012 485 ·
1044 453 1053 494 l

612 687 633 750 4
1073 705 1140 753 nra.
1163 704 1185 753 1.

527 812 663 888 Mariae,
679 817 739 878 aut
760 810 851 876 aliud
874 811 1022 889 verbum,
1038 812 1080 878 ad
1103 812 1198 878 ouius
1213 814 1520 899 pronunciationem
1536 813 1738 901 praescribe-

524 924 620 985 retur
649 917 820 984 inclinatio
851 918 977 1005 capitis,
1008 920 1114 983 omitti
1144 920 1177 983 in
1208 917 1440 1003 genuflexione
1470 920 1644 986 inclinatio
1673 921 1738 985 ista

525 1024 635 1101 debet;
658 1021 818 1109 siquidem
840 1026 945 1091 maius
968 1024 1169 1109 obsequium,
1193 1025 1280 1109 quod
1303 1031 1355 1092 θεῖ
1376 1024 1575 1111 genuflexio,
1596 1026 1738 1093 includit

526 1133 634 1199 minus
657 1130 743 1215 quod
765 1136 818 1198 est
839 1133 956 1218 capitis
979 1130 1148 1208 demissio;
1174 1132 1347 1198 dummodo
1362 1139 1474 1199 tamen
1492 1133 1663 1198 inclinatio
1687 1152 1739 1199 ca·

526 1240 603 1326 pitis
615 1235 790 1306 arubricis
802 1238 992 1325 specialiter
1001 1259 1075 1318 ¹nou
1090 1240 1347 1330 praescribatur,
1364 1242 1462 1306 sicuti
1476 1247 1529 1306 est
1543 1241 1577 1305 in
1588 1241 1740 1327 Epistola

532 1348 573 1415 Ut
594 1348 634 1413 ia
656 1347 796 1413 nemim
817 1346 903 1413 Jesu
925 1366 1026 1414 omae
1045 1347 1308 1435 genuflectatur
1329 1352 1392 1413 eto.
1652 1354 1657 1364 ’

615 1454 646 1518 8.
671 1452 707 1519 Si
730 1454 803 1537 quis
826 1452 867 1519 ad
890 1460 1019 1540 partem
1035 1456 1217 1541 oppositam
1232 1460 1367 1520 vertere
1382 1475 1417 1521 se
1433 1455 1539 1532 debet,
1555 1456 1739 1541 generatim

531 1560 706 1646 loquendo,
729 1580 831 1645 super
852 1559 1024 1627 dexteram
1048 1582 1141 1628 suam
1164 1582 1200 1628 se
1223 1569 1408 1628 convertat.
1425 1562 1483 1629 Sin
1498 1568 1610 1629 autem
1625 1564 1740 1650 plures

527 1669 603 1745 sint,
626 1674 665 1734 ut
687 1667 847 1754 Acolythi
870 1670 904 1733 in
921 1669 1022 1734 Missa
1037 1669 1189 1745 solemni,
1205 1689 1277 1735 eam
1293 1671 1543 1735 conversionem
1559 1689 1742 1754 exsequen-

527 1781 584 1842 tur
606 1776 662 1852 ita,
679 1781 718 1840 ut
733 1777 957 1859 unusquisque
973 1797 1068 1841 suum
1084 1782 1197 1842 servet
1210 1776 1332 1853 locum,
1349 1782 1384 1842 et
1403 1776 1581 1843 videantur
1599 1778 1741 1842 invicem

527 1866 673 1950 humeris
696 1882 915 1949 adhaerentes
939 1890 978 1949 ut
1000 1882 1173 1950 efforment
1196 1886 1289 1968 quasi
1312 1903 1432 1970 corpus
1454 1903 1566 1949 unum.

615 1992 647 2057 9.
672 1991 735 2066 Qui
759 1991 902 2057 clericus
919 1991 1073 2077 fungitur
1088 1990 1195 2057 officio
1210 1991 1411 2057 accendendi
1427 2012 1527 2078 super
1542 1992 1651 2057 altare
1667 2010 1746 2056 can·

431 2079 434 2089 ¹
527 2099 630 2176 delas,
654 2100 790 2185 incipiat
812 2118 868 2164 eas
891 2098 1074 2178 accendere
1097 2100 1237 2185 primum
1260 2118 1281 2163 a
1302 2117 1407 2163 cornu
1431 2098 1601 2185 Epistolae
1624 2097 1742 2163 deinde

512 2208 612 2274 'alias
635 2227 655 2272 a
677 2227 783 2273 cornu
807 2206 997 2293 Evangelii;
1022 2212 1057 2271 et
1079 2207 1107 2271 si
1130 2205 1289 2271 candelae
1311 2206 1426 2292 plures
1449 2206 1583 2271 suntab
1600 2212 1743 2289 utraque

529 2318 623 2401 parte
647 2312 886 2389 accendendae
911 2314 1041 2378 initium
1065 2317 1174 2378 sumat
1196 2313 1237 2378 ab
1260 2311 1321 2377 illa
1350 2332 1433 2396 quae
1463 2312 1563 2380 Cruci
1593 2315 1744 2399 proxima

526 2426 590 2497 θεῖ,
621 2426 691 2485 tum
715 2419 863 2485 ordinem
894 2419 1057 2485 servando
1088 2418 1248 2485 accendat
1277 2419 1361 2484 alias
1387 2426 1467 2503 quot
1494 2424 1673 2505 supersunt
1702 2417 1743 2484 ab

530 2525 648 2593 eodem
671 2526 788 2592 latere.
813 2527 884 2592 Hoc
907 2526 997 2592 facto
1020 2532 1171 2591 transeat
1192 2526 1234 2590 ad
1250 2544 1356 2591 cornu
1371 2526 1557 2611 Evangelii,
1574 2533 1609 2591 et
1630 2525 1744 2591 eodem

529 2635 655 2711 ordine,
670 2654 735 2718 quo
751 2635 991 2720 praescriptum
1008 2640 1059 2699 est
1075 2653 1095 2697 a
1110 2635 1256 2709 sinistra,
1273 2634 1434 2700 accendat
1448 2655 1468 2700 a
1484 2634 1624 2700 dextera
1639 2640 1744 2721 parte.

531 2744 569 2808 in
591 2740 827 2827 extinguendis
849 2748 960 2807 autem
983 2740 1131 2807 candelis
1155 2740 1304 2806 ordinem
1327 2742 1524 2807 invertendo
1551 2742 1746 2807 exordiatur

530 2850 671 2937 primum
693 2867 714 2913 a
736 2854 841 2914 cornu
866 2829 1040 2934 Evangelii
1065 2847 1292 2933 extinguendo
1315 2854 1393 2914 ante
1416 2849 1499 2914 alias
1515 2849 1608 2914 illam
1624 2868 1709 2933 quae
1724 2870 1746 2914 a

531 2958 639 3025 Gruce
655 2956 789 3041 longius
803 2957 913 3032 abest;
930 2962 1001 3021 tum
1017 2955 1154 3021 accedat
1170 2955 1210 3021 ad
1228 2963 1356 3042 partem
1372 2955 1542 3041 Epistolae
1558 2964 1592 3021 et
1608 2957 1745 3022 eandem

532 3065 682 3150 regulam
706 3068 829 3129 servet.
855 3063 888 3128 Si
912 3063 1071 3128 candelae
1087 3063 1238 3148 pluribus
1255 3063 1424 3129 ordinibus
1440 3070 1540 3128 erunt
1558 3064 1745 3150 dispositae,

531 3181 598 3240 tam
620 3174 655 3237 in
677 3170 906 3247 accendendis,
932 3191 1028 3256 quam
1053 3173 1087 3236 in
1111 3171 1344 3256 extinguendis
1375 3167 1595 3259 incipiendum
1626 3179 1677 3237 est
1705 3173 1746 3238 ab

474 3301 477 3306 ‘
531 3280 646 3347 ordine
670 3279 846 3366 superiori3
871 3299 936 3362 quo
959 3278 1059 3354 facto,
1084 3277 1223 3363 gradum
1247 3279 1349 3344 faciat
1378 3278 1419 3344 ad
1449 3280 1630 3345 secuudum
1661 3279 1747 3346 ordi·

532 3409 617 3465 nem,
642 3393 741 3471 atque
764 3387 811 3451 ita
834 3385 988 3472 deinceps
1012 3405 1117 3469 usque
1141 3385 1182 3450 ad
1205 3387 1315 3450 imum.
1340 3386 1373 3451 Si
1396 3385 1437 3450 ad
1461 3387 1686 3453 accendendas
1713 3394 1748 3452 et

531 3493 774 3580 extinguendas
792 3494 919 3579 pariter
934 3494 968 3558 in
983 3493 1096 3558 Alteri
1111 3492 1267 3558 candelas
1284 3493 1438 3559 destinati
1455 3496 1521 3559 sint
1536 3495 1649 3559 clerici
1670 3494 1746 3569 duo,

532 3609 571 3669 ut
585 3604 620 3667 in
636 3602 737 3667 Missa
752 3600 893 3666 solemni
906 3599 1107 3685 delegantur
1121 3599 1291 3685 Acolythi
1304 3606 1445 3683 uterque
1460 3620 1480 3665 a
1495 3606 1663 3687 partesue
1677 3602 1748 3666 sive

534 3708 714 3794 Epistolae,
732 3709 801 3773 sive
818 3707 994 3792 Evangelii
1010 3708 1064 3784 sit,
1081 3706 1265 3772 accendant
1279 3714 1338 3772 aut
1353 3709 1553 3792 extinguant
1568 3727 1667 3790 quam
1683 3728 1749 3774 ma·

533 3817 621 3881 xime
643 3820 781 3902 possunt
796 3816 1019 3901 symmetrice‚
1037 3819 1210 3879 servantes
1235 3814 1385 3899 regulam
1408 3814 1558 3900 superius
1582 3814 1747 3887 traditam.

623 3922 674 3991 10.
699 3920 762 3996 Qui
778 3941 848 3987 rem
864 3922 1008 4005 aliquam
1025 3920 1197 3987 Sacerdoti
1214 3920 1397 3986 celebranti
1413 3921 1664 3986 ministraturus
1687 3928 1747 3998 est,

406 4059 409 4065 *
532 4052 561 4097 θ.
586 4049 617 4115 g.
648 4029 801 4104 biretum,
832 4027 1041 4094 thuribulum
1073 4034 1108 4093 et
1136 4027 1203 4092 alia
1233 4026 1428 4103 huiusmodi,
1457 4028 1549 4113 prius
1580 4026 1750 4094 deoscula-

533 4136 623 4203 bitur
646 4135 677 4202 id
700 4134 787 4220 quod
810 4135 861 4199 illi
884 4133 991 4212 offert,
1007 4133 1126 4200 deiude
1148 4152 1281 4198 manum
1305 4132 1526 4198 Celebrantis:
1551 4140 1586 4197 at
1609 4136 1642 4198 in
1660 4137 1748 4201 reci-

535 4244 654 4331 pienda
677 4263 714 4309 re
737 4242 850 4308 oblata
872 4241 1122 4308 deosculabitur
1144 4240 1283 4326 primum
1308 4239 1516 4305 Gelebrautis
1533 4261 1676 4318 manum,
1693 4241 1749 4307 de·
1786 4295 1790 4303 .

535 4351 611 4417 inde
635 4373 705 4418 rem
727 4370 824 4435 quam
847 4353 982 4438 recepit.
1007 4347 1195 4414 Notandum
1218 4352 1327 4411 tamen
1343 4346 1495 4431 estquod
1512 4349 1545 4412 in
1563 4350 1748 4419 Missisaut

534 4459 762 4526 functionibus
785 4458 932 4525 funereis
956 4463 991 4522 θῖ
1013 4475 1088 4521 cum
1111 4456 1143 4520 in
1166 4454 1267 4519 altari
1283 4454 1326 4520 sit
1340 4454 1448 4541 palam
1465 4458 1652 4541 expositum
1669 4459 1749 4524 San-

538 4566 718 4633 ctissimum
742 4566 1003 4636 Sacramentum,
1027 4562 1105 4625 item
1126 4561 1159 4625 in
1175 4560 1402 4627 functionibus
1416 4560 1480 4627 diei
1497 4563 1695 4641 Parascere,
1713 4573 1747 4633 ut
