4175 5717
918 811 1026 860 inoex
1428 795 1494 862 259

365 917 497 975 CAPUT
519 918 568 975 XI.
646 920 690 976 De
711 918 843 992 exequiis
861 918 1012 975 infantium
1075 960 1349 973 .......
1386 920 1458 990 Peg.
1533 923 1583 976 1711

364 1009 495 1066 CAPUT
515 1008 577 1066 llll.
642 1011 686 1066 De
707 1009 892 1073 matrimonio
904 1010 1061 1080 ¹celebrato
1085 1017 1154 1065 aute
1181 1007 1348 1064 Perochum
1375 1008 1438 1064 sive

716 1102 842 1159 alterurn
861 1101 1053 1160 Sacerdotem
1073 1101 1112 1158 ab
1132 1117 1169 1158 eo
1188 1098 1285 1155 veleb
1299 1098 1439 1173 episeopo

720 1191 870 1248 ordinario
888 1191 1066 1263 delegatum,
1078 1207 1146 1247 cum
1159 1189 1328 1263 nuptiarum
1349 1189 1441 1246 bene-

718 1280 845 1338 dictione
893 1321 1388 1338 ............
1425 1298 1440 1329 »
1536 1284 1584 1336 175

366 1368 497 1426 CAPUT
517 1369 595 1427 Xlll.
645 1371 690 1426 De
709 1371 920 1428 Benedictione
940 1370 1071 1443 primarii
1091 1369 1195 1441 lapidis
1217 1386 1313 1425 novae
1338 1370 1438 1426 eccle·

717 1460 788 1524 siae,
809 1476 828 1515 a
846 1459 1010 1518 Sacerdote
1029 1476 1068 1516 ex
1084 1458 1222 1516 mandato
1236 1457 1373 1530 Episcopi
1387 1475 1440 1531 pe-

719 1549 852 1621 ragenda
895 1585 1391 1605 ............
1429 1564 1444 1598 1
1535 1553 1583 1604 1711

364 1638 496 1696 CAPUT
516 1638 594 1695 xlv.
644 1640 688 1696 De
713 1637 926 1696 Benedictione
954 1656 1049 1696 norae
1078 1637 1227 1695 ecclesiae
1255 1637 1303 1693 vel
1331 1637 1438 1710 publici

717 1728 839 1786 oratorii
858 1745 876 1785 a
894 1728 1058 1786 Sacerdote
1080 1744 1119 1786 ex
1137 1726 1275 1800 Episcopi
1298 1727 1441 1782 mandato

719 1817 909 1891 exsequenda
938 1860 1257 1874 ........
1273 1839 1301 1871 ·.
1340 1861 1346 1871 .
1385 1861 1390 1871 .
1427 1836 1442 1867 ›
1538 1820 1585 1872 11121

357 1908 497 1965 >CAPUT
517 1908 582 1965 XV.
647 1909 691 1965 De
711 1908 951 1965 reconciliatione
964 1907 1121 1965 Ecclesiae
1134 1907 1261 1964 nondum
1276 1923 1438 1963 consecra-

717 2006 765 2056 tee
783 2015 850 2054 curn
870 1997 1052 2055 coemeterio
1072 1998 1261 2071 exsequenda
1286 2013 1304 2052 e
1329 1999 1438 2054 Sacer-

716 2087 783 2144 dote
804 2130 1389 2146 ..............
1425 2105 1439 2135 »
1535 2090 1582 2141 1117

362 2177 493 2235 CAPUT
513 2178 593 2234 xvi.
644 2180 687 2236 De
700 2178 905 2236 benedictione
918 2178 1090 2237 coemeterii
1104 2196 1123 2235 a
1136 2179 1299 2236 Sacerdote
1314 2195 1351 2234 ex
1374 2176 1441 2249 Epi-

713 2267 797 2340 scopi
817 2268 956 2325 mendeto
974 2267 1148 2342 peragenda
1204 2311 1387 2322 .....
1425 2286 1439 2317 ›
1535 2272 1582 2322 1911

361 2359 493 2416 CAPUT
513 2359 605 2416 xvu.
641 2359 686 2415 De
705 2357 950 2416 reconciliatione
969 2357 1141 2416 coemeterii
1161 2357 1363 2430 peragendae
1381 2360 1437 2415 Se·

714 2448 837 2526 cerdote
857 2465 896 2505 ex
914 2447 1053 2520 Episcopi
1072 2446 1209 2503 mandato
1248 2490 1254 2501 .
1292 2490 1298 2503 .
1337 2491 1343 2502 .
1381 2491 1386 2501 .
1425 2466 1440 2497 ›
1549 2455 1571 2502 .:

362 2537 565 2594 APPENDIX
585 2538 605 2594 1.
642 2538 688 2594 De
707 2537 859 2595 Mensuris
878 2536 1006 2611 propriis
1034 2553 1139 2593 sacrae
1167 2535 1376 2608 suppellectilis
1403 2538 1438 2591 nd

714 2628 839 2686 Missam
858 2626 1137 2699 congruentioribus
1158 2669 1385 2681 ......
1423 2646 1438 2676 »

432 2736 447 2770 »
521 2736 536 2770 »
645 2719 691 2776 De
708 2718 823 2783 Nitore‚
843 2726 873 2775 et
890 2715 1038 2775 Munditie
1056 2732 1162 2773 sacrae
1182 2714 1374 2788 supellectilis
1423 2735 1438 2766 ›

361 2808 565 2866 APPEMDIX
584 2809 618 2866 ll.
643 2810 689 2867 De
707 2808 793 2874 tonis,
812 2809 874 2865 sive
894 2806 1047 2865 tenoribus
1066 2806 1241 2870 orationum,
1261 2813 1291 2862 et
1315 2805 1439 2862 eliorum

715 2898 854 2962 omnium,
863 2913 939 2969 quae
951 2896 1030 2953 intre
1042 2902 1134 2952 totum
1148 2911 1257 2952 annum
1268 2893 1440 2950 solemniter

714 2987 861 3044 cantanda
879 2994 947 3044 sunt
980 3027 1386 3042 ..........
1424 3002 1439 3034 »

645 3077 689 3134 De
708 3085 812 3133 tenore
832 3075 1053 3133 conclusionum
1111 3117 1385 3130 .......
1424 3091 1438 3123 ›
1528 3113 1545 3128 ψ

642 3169 686 3222 Dc
706 3175 775 3222 tono
803 3166 976 3231 orationum,
1001 3182 1077 3237 queo
1103 3170 1260 3220 cantantur
1285 3164 1312 3217 in
1339 3162 1438 3218 Missis

716 3272 771 3326 pro
790 3254 935 3311 defunctis
982 3295 1387 3310 ..........
1425 3270 1439 3301 »

645 3348 689 3402 De
709 3352 777 3401 tono
798 3344 1021 3401 versiculorum.
1034 3356 1062 3400 et
1082 3342 1265 3402 orationum,
1276 3359 1351 3414 quer
1366 3360 1437 3397 ren-

715 3443 821 3493 tantur.
843 3452 899 3488 non
920 3434 947 3489 in
968 3434 1076 3494 Missis.
1097 3431 1150 3488 sed
1169 3432 1323 3503 vesperis,
1338 3433 1438 3487 Metu·

714 3523 850 3596 tinisque,
871 3532 899 3579 et
920 3523 1032 3581 Officiis
1052 3541 1106 3594 pro
1126 3521 1297 3577 defunctis.
1337 3566 1342 3575 .
1380 3565 1386 3575 .
1424 3541 1437 3569 »
1528 3526 1570 3575 ’μ’

643 3615 687 3669 Dc
708 3622 777 3669 tono
797 3612 960 3668 orationum
981 3613 1008 3667 in
1030 3611 1130 3677 Missis
1160 3610 1310 3666 ferialibus
1335 3608 1437 3665 solum.

716 3711 746 3759 et
765 3720 823 3759 non
844 3703 871 3758 in
891 3702 995 3758 officiis
1021 3743 1384 3756 .........
1422 3718 1437 3748 »

644 3795 687 3851 De
716 3800 829 3852 tenore.
854 3801 884 3848 et
911 3809 1035 3849 numero
1061 3790 1225 3847 orationum
1254 3788 1436 3848 solemnium,

712 3898 787 3954 quae
808 3881 950 3938 ferialiter
969 3890 1126 3936 cantentur
1145 3880 1173 3933 in
1193 3878 1319 3935 diversis
1333 3877 1435 3933 officiis

713 3988 768 4044 per
787 3980 878 4028 totum
898 3987 1006 4026 annum
1069 4010 1384 4024 ........
1421 3985 1436 4017 s

641 4063 685 4119 De
704 4062 789 4127 tonis,
809 4062 913 4135 quibus
941 4067 1078 4117 cantatur
1104 4059 1234 4132 Epistola
1263 4058 1292 4113 in
1324 4057 1438 4130 capella

715 4154 814 4224 Papae

643 4243 686 4297 De
707 4251 775 4296 tono
796 4241 949 4310 Evangelii
979 4280 1382 4295 ..........
1421 4253 1436 4285 s

643 4333 686 4387 De
706 4332 797 4389 Tonis
817 4349 964 4395 versuum,
984 4341 1012 4386 et
1043 4329 1200 4385 lectionum
1230 4328 1258 4382 in
1288 4325 1436 4381 matutinis

715 4421 808 4476 noctis
829 4421 933 4477 natalis
952 4419 1068 4475 Domini
1088 4416 1178 4473 nostri
1200 4418 1266 4473 lesu
1287 4414 1393 4472 Christi
1419 4431 1434 4462 ›

643 4511 686 4565 Dc
708 4521 775 4565 tono
794 4510 961 4567 lectionum.
981 4520 1009 4565 et
1031 4506 1314 4576 Evengrliorum,ac
1329 4503 1433 4558 Homi-

715 4598 817 4654 liarum
839 4597 1049 4654 matutinalium
