4175 5717
519 658 561 722 84
982 682 1048 729 ma.
1074 683 1095 729 r.

472 894 503 966 §-
531 892 562 955 8.
587 892 631 957 In
662 892 833 976 Vesparta
857 896 1033 963 Matutino
1057 903 1089 963 et
1112 894 1295 962 Laudibus
1313 915 1383 979 pro
1409 899 1598 988 defunctis

515 1076 568 1169 51'.
594 1106 630 1169 ln
654 1106 745 1173 hisce
767 1107 882 1174 officiis
908 1113 1059 1194 quamvis
1083 1111 1294 1186 solemnibus,
1312 1117 1446 1176 nonest
1463 1111 1641 1178 thurifera·

433 1215 482 1277 rio
505 1213 609 1278 locus.

693 1434 724 1513 ξ.
753 1432 783 1494 9.
809 1432 852 1497 lu
876 1432 990 1497 Missa
1013 1434 1160 1498 solemni
1180 1433 1224 1498 de
1246 1435 1378 1518 requie.

516 1643 569 1708 52.
595 1644 631 1707 ln
655 1663 791 1709 accessu
814 1644 855 1709 ad
880 1645 997 1710 Altare
1028 1666 1064 1711 se
1092 1646 1249 1732 adiunget
1276 1647 1497 1722 ceroferariis,
1525 1648 1644 1732 quibus

431 1749 579 1833 praeibit.
687 1740 689 1744 ’

517 1858 570 1923 53.
597 1859 646 1923 Ad
673 1857 790 1923 Altare
813 1880 913 1943 quum
937 1866 1074 1924 ventum
1098 1862 1172 1936 erit,
1197 1866 1274 1925 ante
1301 1863 1407 1947 ipsum
1438 1860 1558 1926 efficiet
1588 1879 1643 1945 ge·

433 1962 653 2029 uuflexionem
678 1986 841 2031 unacum
865 1959 1032 2054 acolythis
1055 1969 1224 2051 sacrisque
1248 1968 1418 2045 Ministris,
1443 1975 1478 2033 et
1510 1966 1645 2032 recedet

431 2071 473 2135 ad
496 2093 590 2136 suum
614 2075 647 2136 in
672 2074 774 2137 choro
798 2074 922 2137 locum:
948 2076 975 2137 si
998 2074 1121 2138 charus
1144 2093 1210 2138 nen
1235 2075 1309 2151 erit,
1334 2094 1407 2140 sese
1441 2074 1540 2140 addet
1571 2093 1647 2139 αοο-

433 2179 539 2265 lythis
562 2180 647 2266 apud
672 2181 818 2245 abacum.

516 2286 569 2352 54.
594 2287 644 2351 Ad
668 2288 841 2351 introitum
864 2294 899 2352 et
921 2288 997 2353 dum
1021 2290 1155 2354 canitur
1177 2288 1399 2374 Evangelium
1434 2307 1643 2373 nequaquam

431 2393 607 2458 adhibetur
627 2395 807 2458 incensum.

518 2500 571 2565 55.
598 2502 764 2586 Principio
792 2497 952 2566 offertorii
985 2508 1094 2567 sumet
1121 2503 1329 2568 thuribulum
1358 2524 1434 2569 cum
1468 2503 1642 2576 navicula,

431 2614 547 2692 perget
569 2607 611 2673 ad
634 2608 753 2674 Altare
776 2615 811 2673 et
834 2610 866 2672 in
891 2610 990 2694 plano
1013 2609 1149 2702 laterali
1171 2611 1272 2695 ipsius
1301 2611 1459 2676 subsistet
1480 2609 1521 2675 ad
1552 2611 1643 2675 latus

432 2715 612 2801 Epistulae.

519 2822 572 2886 56.
598 2823 704 2898 Quum
729 2822 966 2899 subdiaconus,
991 2825 1102 2890 infusa
1125 2825 1158 2887 in
1183 2824 1327 2890 Calicem
1351 2844 1445 2909 aqua,
1469 2824 1509 2890 de
1532 2824 1643 2890 Altari

430 2929 617 3004 descendet,
642 2922 798 2995 ascendet
821 2930 1070 3004 thuriferarius,
1094 2932 1147 3013 qui
1173 2931 1295 2995 tradita
1319 2932 1463 2995 Diaceuc
1486 2933 1644 2997 navicula

433 3036 561 3100 obiiciat
593 3037 783 3102 Celebranti
818 3037 1026 3101 thuribulum
1055 3044 1216 3122 apertum.
1249 3040 1426 3121 Postquam
1463 3038 1643 3103 Celebrans

432 3147 600 3209 incensum
625 3147 796 3220 immiserit
819 3147 852 3210 in
875 3145 1084 3210 thuribulum
1108 3153 1142 3210 et
1165 3146 1381 3221 benedixerit,
1406 3146 1643 3212 thuriferarius

430 3256 630 3320 ministrabit
652 3254 862 3319 thuribulum
886 3255 1039 3321 Diacenc.
1065 3276 1084 3318 a
1108 3275 1172 3337 quo
1196 3255 1383 3320 nauiculam
1400 3256 1552 3339 recipiet;
1570 3262 1642 3319 tum

431 3363 609 3428 descendet
632 3363 671 3426 de
696 3361 816 3437 Altari,
841 3363 1028 3426 naviculam
1054 3363 1222 3445 relinquet
1244 3362 1471 3446 superabam,
1488 3361 1644 3426 transibit

369 3459 371 3462 ⁵
432 3471 472 3536 ad
496 3471 637 3534 alteram
661 3469 788 3534 Altaris
813 3457 939 3554 partem
965 3476 1002 3533 ut
1024 3474 1177 3533 amoveat
1192 3469 1294 3553 legile
1311 3490 1368 3533 seu
1385 3470 1551 3533 cussinum
1569 3487 1643 3532 cum

431 3578 568 3653 blissali‚
593 3579 762 3661 ipsumque
780 3583 917 3661 reponat
933 3583 1007 3661 pest
1022 3574 1287 3651 turificaticnern,
1305 3578 1333 3639 si
1349 3594 1445 3640 neme
1460 3575 1546 3639 alius
1563 3575 1645 3641 atle-

435 3689 478 3751 rit
501 3688 556 3769 qui
580 3686 643 3750 hcc
667 3683 773 3748 efficio
797 3685 967 3769 iungatur.

520 3796 573 3859 57.
603 3794 734 3859 ltedibit
757 3793 902 3858 adlatus
920 3792 1100 3879 Epistulae,
1118 3793 1325 3857 thuribulum
1342 3813 1361 3856 a
1379 3791 1532 3868 Diacono,
1549 3801 1644 3877 pust-

433 3927 529 3991 quam
554 3906 607 3968 hic
632 3905 855 3969 incensaverit
879 3903 1121 3975 Celebrantern,
1147 3902 1294 3986 recipiet,
1311 3921 1350 3964 ac
1373 3900 1498 3964 referet
1513 3898 1554 3965 ad
1570 3901 1645 3966 aba·

434 4034 508 4081 cum
532 4014 587 4078 vel
612 4011 653 4076 ad
676 4014 868 4077 sacrarium.
1548 4012 1552 4020 “

521 4121 574 4185 58.
600 4120 650 4185 Ad
675 4121 858 4203 Trisagiunr
875 4118 1019 4203 pulsabit
1035 4117 1274 4202 campanulum,
1292 4116 1409 4181 deinde
1422 4118 1558 4202 recipiet
1569 4119 1645 4184 thu-

434 4229 589 4308 ribulum,
602 4226 687 4311 qued
703 4227 744 4290 ad
757 4227 875 4291 Altare
892 4226 1021 4291 deferet
1036 4246 1135 4309 quum
1150 4224 1330 4290 Celebrans
1342 4225 1526 4289 oratioh'ent
1539 4223 1643 4293 Hauc

433 4338 545 4420 ipitur
567 4343 631 4401 etc.
657 4336 819 4400 recitabit.

521 4442 573 4507 59.
599 4442 736 4506 Curabit
759 4449 796 4505 ut
818 4461 838 4504 a
862 4441 1127 4506 Caeremoniario
1143 4441 1213 4503 sive
1228 4439 1296 4503 alio
1313 4438 1444 4504 Clericc
1462 4437 1641 4525 (nunquam

435 4571 513 4613 veru
549 4570 568 4612 a
600 4547 817 4632 Subdiacenc)
852 4548 1048 4611 immittatur
1083 4547 1263 4617 incensum,
1296 4547 1404 4611 tradet
1435 4548 1640 4614 thuribulum
