4175 5717
518 735 584 800 210
988 751 1053 802 arn.
1079 753 1113 800 rr.

439 867 563 938 utetur,
588 868 622 927 et
645 867 784 947 reponet
798 879 871 926 eam
888 879 988 946 super
1011 860 1159 926 abacum.
1184 857 1480 932 Gaeremoniariue,
1498 857 1554 922 rel
1570 855 1660 924 aliae

433 973 507 1036 loco
531 971 633 1046 illius,
658 969 769 1036 tradet
792 968 1000 1036 Subdiacono
1023 967 1271 1053 Epistolarium,
1289 967 1344 1051 qui
1364 971 1440 1053 post
1461 967 1660 1032 orationem,

432 1080 551 1144 ritibus
575 1078 683 1144 solitis
706 1097 746 1144 ac
775 1082 855 1142 tono
887 1074 1057 1163 Epistolae
1088 1075 1237 1140 cantabit
1266 1073 1445 1140 lectionem
1468 1073 1513 1142 ln
1535 1073 1660 1144 diebu

434 1188 514 1255 illis:
537 1187 630 1254 dicit
653 1185 824 1252 maninus
847 1184 895 1250 ad
917 1183 1066 1270 Moysen
1089 1189 1153 1248 etc.
1178 1181 1359 1248 Celebrans
1383 1181 1547 1248 submissa
1575 1199 1659 1248 voce

434 1297 611 1362 lectionem
634 1294 726 1380 leget
748 1299 782 1358 et
805 1298 960 1358 tractum.

520 1403 575 1468 29.
599 1403 671 1468 Hoc
693 1407 841 1486 tempore
865 1401 898 1465 in
922 1401 1070 1466 sacrario
1093 1405 1163 1466 tres
1194 1399 1327 1464 Diaconi
1352 1402 1509 1464 cantores
1529 1397 1662 1464 Passio·

432 1515 492 1586 nis,
508 1511 740 1578 adiuvantibus
763 1511 832 1574 suis
855 1508 1070 1594 cappellanis.
1095 1527 1130 1572 se
1153 1505 1659 1595 parabuntarnictu‚a1ba.cin·

432 1621 523 1706 gulo,
546 1616 714 1704 manipulo
738 1623 772 1682 et
795 1615 884 1682 stola
906 1615 1071 1682 diaconali
1094 1615 1182 1700 nigri
1206 1614 1329 1680 coloris
1359 1619 1394 1680 et
1428 1617 1660 1698 exsequentur

432 1747 515 1811 quae
539 1725 662 1790 tradita
685 1730 764 1790 sunt
798 1723 838 1790 de
868 1729 969 1788 cantu
1001 1723 1169 1790 Passionis
1198 1725 1231 1788 in
1262 1722 1433 1788 Dominica
1463 1721 1662 1790 Palmarum

434 1855 504 1920 cap.
530 1834 637 1898 XXII.
663 1853 750 1896 num.
775 1832 828 1897 90.

519 1944 572 2010 30.
597 1945 776 2026 Postquam
804 1939 1031 2006 Subdiaconus
1065 1941 1225 2006 cecinerit·
1256 1940 1443 2014 lectionem,
1473 1937 1596 2005 redibit
1625 1939 1662 2005 in

434 2051 575 2116 medium
598 2057 676 2114 ante
701 2049 830 2124 Altera,
854 2045 1057 2134 genuflectet
1079 2047 1121 2112 ad
1146 2048 1286 2114 Crucem
1310 2052 1344 2113 et
1371 2047 1450 2131 quin
1474 2052 1569 2132 petat
1599 2047 1663 2114 be-

432 2158 653 2224 nedictionem
677 2161 711 2222 et
734 2176 866 2221 manum
886 2156 1096 2222 Celebrant-is
1113 2155 1296 2230 osculetur,
1314 2155 1374 2220 ibit
1389 2174 1490 2243 propa
1506 2155 1663 2234 abacum,

432 2266 552 2330 librum
577 2264 693 2330 reddet
717 2263 992 2338 Gaeremoniario‚
1018 2263 1176 2328 induetur
1194 2262 1235 2329 ab
1252 2262 1421 2348 Acelytbo
1445 2263 1584 2348 planeta
1599 2263 1664 2350 pli·

431 2381 515 2450 cata,
540 2375 567 2438 si
591 2375 640 2439 uti
662 2373 786 2448 licebit,
810 2378 845 2438 et
867 2371 908 2436 ad
932 2371 1042 2437 lacurn
1067 2392 1163 2437 suum
1179 2371 1266 2458 apud
1289 2369 1408 2437 ditare
1424 2371 1464 2436 ad
1481 2371 1662 2440 dexteram

431 2483 569 2564 ⁴Diaconi
594 2480 724 2547 redibit.

521 2589 573 2655 31.
601 2587 762 2654 cantores
787 2593 931 2656 tractum
955 2587 1065 2672 Eripe
1090 2608 1154 2665 me,
1180 2588 1335 2663 Domine,
1366 2593 1429 2654 etc.
1461 2587 1665 2656 cantabant

519 2697 572 2762 32.
597 2696 631 2762 Si
656 2696 836 2764 Celebrans
859 2696 975 2763 sedere
997 2696 1113 2772 vellet,
1134 2694 1191 2760 flet
1208 2701 1246 2760 ut
1261 2695 1376 2781 paullo
1393 2696 1547 2780 superius
1566 2715 1662 2766 num.

431 2807 484 2872 24.
510 2805 667 2871 traditum
690 2810 741 2872 est
757 2811 791 2872 et
807 2806 868 2872 snb
884 2806 1011 2870 exitum
1028 2810 1156 2870 tractus
1175 2804 1300 2870 anati
1316 2803 1358 2870 ad
1376 2802 1494 2870 Altare
1510 2823 1531 2868 a
1548 2803 1664 2874 latere

434 2918 635 2982 revertetur.

519 3022 571 3088 33.
597 3021 759 3089 cantores
783 3021 950 3086 Passionis
974 3021 1148 3086 intrabunt
1170 3023 1202 3086 in
1218 3021 1465 3108 presbyterium
1488 3043 1549 3089 seu
1574 3023 1665 3092 cho-

434 3153 507 3196 rum
531 3151 630 3216 quum
653 3129 843 3196 cantabitur
866 3130 1070 3214 penult-imus
1094 3129 1147 3196 vel
1173 3131 1271 3195 etiam
1296 3130 1434 3196 ultimus
1465 3131 1664 3200 versiculus

431 3245 461 3302 et
489 3243 650 3325 peragent
673 3237 828 3323 quidquid
845 3239 1089 3324 praescriptum
1106 3237 1171 3303 fuit
1187 3237 1257 3303 eod.
1275 3257 1345 3324 cap.
1363 3239 1471 3305 XXII.
1488 3259 1580 3304 num.
1603 3240 1662 3308 93.

434 3353 468 3412 ct.
492 3367 580 3432 seqq.

520 3455 573 3520 34.
600 3453 781 3522 celebrans
805 3456 838 3521 in
861 3475 967 3522 cornu
991 3454 1162 3541 Epistolae
1186 3455 1348 3520 submissa
1372 3474 1454 3520 voce
1469 3455 1564 3541 leget
1579 3457 1665 3526 Pas-

430 3566 566 3636 sionem,
592 3569 629 3628 ut
650 3563 820 3649 praedicto
843 3567 951 3651 capite
974 3563 1182 3630 declaratum
1205 3569 1265 3640 est,
1297 3569 1331 3630 et
1362 3569 1541 3648 antequam
1572 3585 1662 3632 con-

431 3676 586 3736 vertatur
602 3671 643 3736 ad
658 3671 821 3738 Diaconos
838 3679 1003 3749 cantores,
1017 3671 1173 3738 recitabit
1188 3673 1287 3736 etiam
1305 3672 1444 3740 Munda
1459 3693 1522 3740 cor
1537 3679 1663 3743 meum

433 3785 561 3846 tanturn
585 3785 620 3846 et
643 3779 733 3863 leget
757 3780 907 3845 ultimam
930 3781 1099 3846 Passionis
1122 3785 1260 3865 partem,
1285 3800 1381 3864 quam
1406 3780 1562 3868 deinceps
1579 3801 1663 3850 can·

432 3889 515 3954 tabit
546 3887 711 3954 Diaconos
745 3888 946 3954 minist-rans.
978 3888 1025 3953 De
1056 3886 1186 3972 reliquo
1215 3887 1407 3964 Oelebrans,
1439 3889 1587 3956 Ministri
1625 3895 1662 3958 et

431 3996 555 4061 chorus
578 3995 803 4060 observabunt
832 4015 916 4079 quae
939 3996 1014 4061 loco
1045 3995 1159 4062 eodem
1189 4001 1268 4062 sunt
1298 3995 1473 4084 descripta,
1498 4003 1661 4083 praeter·

431 4123 529 4188 quam
552 4100 637 4187 quod
662 4102 803 4187 palmam
826 4101 968 4168 dextera
991 4124 1057 4169 non
1082 4103 1294 4170 sustinebunt
1317 4099 1375 4190 (α).

519 4209 571 4275 35.
596 4209 919 4290 Passione,cantata.
945 4209 1126 4278 Celebrans
1150 4217 1367 4278 convertetur
1384 4233 1501 4278 versus
1517 4212 1658 4282 Missale

432 4319 510 4402 quin
533 4317 574 4383 de
597 4337 658 4382 suo
680 4317 755 4381 loco
777 4316 934 4394 discedat,
956 4324 990 4383 et
1013 4325 1167 4386 cantores
1191 4321 1359 4386 Passionis
1383 4319 1423 4386 de
1446 4320 1550 4386 choro
1572 4341 1656 4407 pro-

503 4461 544 4528 (α)
564 4463 661 4534 Super
681 4460 737 4516 ritu
757 4460 920 4516 cantandae
940 4462 1089 4518 Passionis
1108 4461 1299 4535 inspiciantur
1327 4461 1559 4528 obseruationes,
1578 4479 1653 4536 quas

434 4547 598 4607 notavimus
618 4549 645 4606 in
666 4549 864 4625 praecedente
891 4550 1045 4610 Dominica
1076 4552 1242 4610 Palmarum
1261 4551 1290 4608 in
1319 4550 1436 4609 adiecta
1462 4551 1651 4610 adnotatione

434 4652 512 4694 num.
531 4641 573 4695 93.
