4175 5717
518 721 584 785 302
972 738 1039 788 nra.
1065 737 1098 784 11.

432 849 543 935 phona
565 844 715 911 Exaudi
733 863 798 912 nos
821 844 968 912 Domine
991 851 1054 911 etc.
1079 853 1255 930 antequam
1280 849 1476 934 principium
1500 845 1559 914 flat
1575 869 1653 936 pro·

431 955 601 1028 cessionis,
626 971 732 1036 neque
763 959 928 1018 canentur
958 954 1126 1039 perviam
1159 954 1305 1031 litaniae,
1330 953 1388 1020 sed
1419 954 1567 1041 hymnus
1602 955 1653 1024 Te

432 1063 546 1129 Deam
568 1070 602 1127 et
626 1059 743 1147 psalmi
766 1059 900 1126 indicati
924 1067 959 1126 et
981 1062 1178 1148 praescripti
1201 1063 1235 1126 in
1259 1061 1397 1128 Rituali.

520 1171 550 1234 6.
576 1170 612 1233 ln
636 1169 846 1254 processione
869 1189 930 1254 pro
952 1169 1176 1235 translatione
1199 1168 1339 1235 solemni
1363 1189 1536 1236 sacrarum
1560 1169 1655 1238 Reli·

430 1280 582 1362 quiarum
606 1277 793 1362 insignium
818 1295 918 1359 quum
943 1295 1009 1341 non
1033 1277 1230 1361 frequenter
1253 1276 1352 1343 detur
1382 1279 1512 1344 occasio
1545 1277 1655 1364 ipsam
1710 1329 1715 1338 .

430 1385 619 1472 peragendi,
644 1391 678 1448 et
701 1403 783 1468 opus
807 1385 851 1448 sit
873 1385 1076 1448 auctoritaie
1101 1385 1254 1471 Episcopi
1270 1405 1330 1471 pro
1347 1383 1522 1452 identitate
1539 1391 1574 1452 et
1593 1406 1657 1453 au·

430 1494 641 1558 theuticitate
666 1493 811 1577 ipsarum
836 1490 1075 1575 Reliquiarum,
1093 1512 1193 1578 penes
1210 1512 1284 1558 eum
1302 1494 1400 1558 etiam
1417 1492 1483 1559 erit
1497 1499 1655 1560 statuere
1747 1511 1749 1516 ·

432 1601 622 1669 methodum
646 1598 853 1674 servandam,
878 1619 978 1682 quum
1002 1599 1087 1685 apud
1113 1600 1236 1666 multos
1266 1601 1446 1688 scriptores
1472 1599 1656 1688 liturgicus

432 1712 607 1786 indicetur,
631 1729 715 1793 quae
739 1706 983 1773 accomodando
1007 1709 1107 1773 etiam
1132 1709 1195 1775 erit
1221 1707 1361 1776 dirersis
1389 1711 1656 1776 circumstantiis

433 1819 691 1902 uniuscuiusque
715 1817 790 1883 loci.

520 1928 550 1990 7.
576 1925 692 1991 Solent
716 1927 814 1991 etiam
838 1925 871 1988 in
896 1923 1090 2008 quibusdam
1114 1923 1197 1988 locis
1223 1923 1386 1990 celebrari
1418 1925 1657 2010 processiones

433 2035 466 2100 in
490 2035 576 2100 festo
601 2033 714 2098 Sancti
738 2032 876 2097 Patroni
900 2031 955 2096 rel
979 2030 1066 2097 alius
1091 2029 1215 2106 Sancti,
1240 2032 1295 2116 qui
1327 2051 1445 2117 magna
1475 2051 1495 2098 a
1527 2031 1657 2120 populo

433 2142 594 2227 religione
617 2141 752 2206 colitur.

519 2251 549 2314 8.
574 2250 611 2315 ln
634 2250 701 2314 hac·
721 2249 933 2335 processione
956 2248 1132 2313 anteibunt
1164 2249 1475 2324 confraternitates,
1504 2269 1658 2334 sequen-

431 2368 488 2424 tur
512 2357 708 2444 Regulares,
733 2363 900 2442 postremo
924 2355 1044 2422 clerus
1069 2357 1254 2422 saecularis
1279 2356 1395 2422 ordine
1417 2356 1594 2424 declarato
1623 2358 1660 2424 in'

432 2466 643 2550 processione
667 2463 807 2529 solemni
831 2463 988 2549 Corporis
1020 2463 1158 2528 Domini.
1184 2463 1334 2548 Aequum
1366 2469 1464 2540 esset,
1496 2467 1535 2530 ut
1571 2485 1661 2532 unu·

433 2573 588 2657 squisque
611 2571 719 2637 ferret
742 2567 914 2636 candelam
938 2555 1009 2636 sive
1026 2572 1230 2637 intorticium
1247 2591 1433 2638 accensum.
1452 2570 1574 2640 clerus
1600 2593 1660 2640 au-

432 2685 510 2756 tem,
535 2698 733 2763 quamquam
755 2676 797 2742 ad
821 2676 1054 2743 cathedralem
1089 2679 1283 2763 pertineret,
1308 2697 1375 2744 non
1409 2677 1570 2746 induetur
1603 2699 1661 2768 pa·
1726 2743 1729 2750 .

433 2788 590 2852 ramentis
614 2787 727 2862 sacris,
751 2805 836 2870 quae
860 2786 1095 2871 praerogativa
1118 2791 1248 2851 tantum
1264 2791 1316 2851 est
1332 2787 1553 2872 processionis
1574 2787 1657 2876 Gor·

433 2895 521 2980 poris
545 2893 685 2969 Domini,
703 2897 736 2957 et
753 2893 861 2978 capite
876 2891 985 2958 bireto
1002 2899 1159 2977 cooperto
1176 2891 1317 2958 incedet.
1336 2891 1453 2958 Aderit
1469 2891 1658 2964 celebrans

434 3007 570 3086 paratus
593 3000 733 3085 pluviali
758 3005 792 3063 et
815 3000 922 3084 parati
948 3001 1047 3064 etiam
1072 2999 1236 3064 Diaconus
1260 3005 1294 3065 et
1326 2999 1564 3078 subdiaconus,
1600 3005 1658 3088 qui

436 3107 628 3174 celebranti
651 3107 817 3172 assistent.
843 3106 877 3171 Si
902 3107 1084 3173 Celebrans
1107 3107 1251 3192 gestabit
1268 3107 1436 3192 Reliquias
1452 3107 1508 3174 vel
1534 3109 1660 3198 imagi-

434 3237 510 3281 nem
535 3215 658 3290 Sancti,
684 3215 816 3280 incedet
839 3235 914 3280 cum
938 3215 1099 3280 Ministris
1124 3216 1249 3282 nudato
1280 3217 1397 3301 capite,
1422 3235 1488 3282 uno
1520 3222 1658 3286 tantum

434 3323 652 3388 thuriferario
675 3342 750 3387 cum
785 3321 958 3388 thuribulo
988 3327 1171 3410 praeeunte
1201 3324 1255 3408 qui
1285 3322 1408 3388 leviter
1440 3322 1657 3394 thuribulum

434 3433 563 3516 agitans
588 3431 622 3494 in
645 3430 764 3496 itinere
788 3431 958 3516 Reliquias
982 3451 1042 3496 seu
1067 3432 1240 3516 imaginem
1265 3429 1379 3496 Sancti
1402 3428 1562 3508 adolebit;
1593 3451 1660 3502 nec

435 3538 578 3603 deerunt
601 3544 676 3602 octo
700 3536 821 3602 saltem
846 3534 1042 3604 Sacerdotes
1066 3539 1121 3604 rel
1146 3539 1261 3604 clerici
1286 3557 1360 3604 cum
1375 3539 1555 3606 interliciis
1575 3545 1659 3608 ante

437 3644 617 3729 Reliquias,
650 3645 677 3709 si
709 3645 827 3711 Glerus
858 3645 1030 3712 candelam
1062 3648 1116 3712 rel
1147 3647 1351 3712 intorticium
1383 3666 1562 3714 accensum
1587 3668 1660 3716 non

435 3754 588 3838 gestabit.
1114 3831 1119 3844 Ι

523 3861 553 3926 9.
579 3862 766 3947 Antequam
789 3867 932 3929 exeatur
961 3862 1184 3940 deecclesia,
1215 3861 1397 3930 Celebrans
1430 3864 1543 3930 veniet
1575 3869 1660 3932 ante

436 3969 565 4045 Altare‚
592 3971 623 4033 in
647 3989 711 4052 quo
736 3971 907 4055 expositae
930 3975 1027 4036 erunt
1054 3971 1227 4055 Reliquiae
1252 3970 1428 4036 ueletiam
1453 3971 1575 4066 imago,
1601 3975 1660 4040 in-

435 4098 580 4154 censum,
606 4078 815 4142 ministrante
839 4078 993 4155 Diacono,
1019 4080 1053 4143 in
1078 4079 1285 4144 thuribulum
1309 4078 1434 4144 iniiciet
1461 4085 1564 4164 atqua
1595 4101 1660 4148 ac-

435 4190 529 4271 cepto
553 4205 573 4248 a
597 4184 741 4249 Diacono
764 4184 939 4251 thuribulo
964 4186 1134 4270 Reliquias
1160 4186 1213 4251 vel
1239 4187 1413 4272 imaginem
1429 4192 1522 4252 stans
1542 4187 1661 4256 adole·

434 4294 480 4357 bit
505 4294 629 4378 triplici
647 4292 759 4368 ductu,
776 4294 974 4378 profundam
992 4315 1177 4379 exsequens
1195 4296 1418 4360 reverentiam
1433 4301 1512 4362 ante
1527 4301 1563 4362 et
1580 4303 1661 4384 post-

434 4399 918 4467 thurificationem.Ascendet
950 4401 1069 4468 deinde
1093 4403 1257 4467 Diaconus
1288 4401 1328 4467 ad
1353 4401 1481 4481 Altare,
1513 4405 1660 4491 accipiet

438 4506 606 4590 Reliquias
630 4529 688 4574 seu
722 4509 896 4594 imaginem
928 4516 963 4575 et
992 4509 1105 4574 tradet
1136 4509 1338 4584 Celebranti,
1362 4528 1402 4574 ac
1431 4511 1659 4596 processionis

436 4613 566 4676 init-ium
590 4613 645 4678 fiet
670 4615 845 4681 dummodo
871 4618 975 4681 maior
998 4618 1101 4702 ipsius
1125 4637 1202 4702 pars
1226 4618 1287 4680 iam
1312 4615 1464 4682 ordinata
1487 4623 1587 4694 esset,
1618 4625 1659 4688 ut

437 4716 510 4783 fieri
533 4719 669 4786 deberet
692 4725 718 4787 si
745 4743 921 4791 numerosa
944 4730 1041 4791 esset.
