4175 5717
515 717 559 780 :tn
971 735 1038 786 nne.
1064 737 1111 783 111.

437 843 626 930 procumbet
654 859 755 928 super
776 842 900 926 gradus
918 841 1054 916 Altaris,
1072 861 1197 928 ponens
1213 849 1314 928 caput
1330 851 1364 908 et
1381 845 1519 909 brachia
1536 845 1568 908 iu
1586 844 1660 930 pul-

430 952 509 1014 vino
534 951 577 1015 ibi
602 955 809 1036 praeparato,
834 951 882 1014 sic
905 957 1059 1035 perstans
1083 949 1208 1014 orando
1232 950 1304 1015 fere
1327 951 1435 1036 spatio
1458 951 1558 1017 unius
1583 951 1657 1018 Mi-

430 1077 560 1125 serere.

517 1166 570 1231 32.
595 1165 726 1236 Clerici,
753 1165 841 1230 facta
864 1172 903 1229 ut
936 1183 1039 1250 supra
1073 1184 1148 1230 curn
1185 1165 1385 1230 celebrante
1418 1161 1658 1250 genuflexione

430 1280 570 1358 pergent
594 1273 634 1338 ad
658 1273 806 1342 attacum.
832 1273 865 1336 in
900 1291 965 1356 quo
999 1271 1166 1338 secundus
1201 1271 1344 1358 deponet
1379 1273 1525 1338 biretum
1557 1271 1659 1340 Gele-

430 1382 569 1446 brantis.

520 1492 573 1557 33.
599 1491 748 1556 Clericus
773 1493 898 1575 primus
921 1491 1062 1576 accipiet
1085 1489 1215 1555 Altaris
1247 1489 1413 1556 tobaleam
1444 1509 1587 1578 eamque
1617 1491 1659 1558 ad

427 1601 547 1668 Altera
570 1597 698 1664 deforet
722 1605 756 1663 et
778 1597 959 1662 adiuvante
982 1595 1102 1672 altero,
1126 1597 1287 1664 extendet
1310 1599 1412 1684 ipsam
1436 1599 1470 1664 in
1501 1597 1658 1686 longitu-

430 1711 540 1776 dinem
562 1728 681 1774 uersus
704 1705 843 1792 gradum
867 1703 1146 1770 candelabrorum
1171 1707 1217 1771 ita
1241 1709 1279 1771 ut
1301 1704 1472 1792 duplicata
1496 1707 1539 1772 sit
1564 1707 1659 1774 ultra

430 1818 599 1886 dimidium
621 1837 765 1882 mensae.

520 1929 573 1992 34.
599 1926 733 1990 Tertius
757 1923 896 2008 accipiet
931 1920 1033 2007 legile
1061 1941 1136 1986 cum
1172 1920 1300 1986 Missali
1334 1927 1451 2008 aperto
1466 1967 1470 1976 -
1485 1940 1525 1987 ac
1558 1927 1662 2008 ponet
1727 1931 1733 1944 ·

431 2039 537 2120 ipsum
561 2035 595 2098 in
618 2051 725 2098 cornu
748 2029 930 2116 Epistulae.

519 2143 572 2207 35.
598 2142 770 2208 Secundus
793 2159 832 2205 ac
855 2139 976 2204 tertius
1001 2155 1111 2222 genua
1135 2138 1330 2204 submittent
1354 2157 1374 2202 a
1396 2135 1563 2204 lateribus
1595 2137 1664 2205 Ge-

432 2251 603 2327 lebrantis,
628 2253 754 2337 primus
777 2255 888 2314 autem
912 2246 1027 2334 paullo
1052 2249 1185 2333 propius
1209 2248 1325 2333 ipsum.

520 2359 572 2424 36.
598 2358 779 2424 Celebrans
802 2361 953 2440 surgete
969 2356 1194 2442 prostratione
1210 2353 1405 2420 atalaricus
1421 2355 1548 2440 primus
1573 2373 1665 2420 amo-

435 2467 525 2532 vebit
548 2466 588 2532 de
612 2464 769 2551 gradibus
794 2464 967 2551 pulvinum
991 2463 1188 2536 violaceum,
1214 2481 1310 2546 quem
1334 2467 1435 2547 ponet
1458 2482 1562 2548 prope
1586 2461 1667 2528 aba·

436 2597 522 2642 cum.
547 2574 636 2640 Idem
660 2574 806 2638 clericus
829 2579 922 2638 stans
945 2570 1104 2637 subsistet
1127 2591 1230 2658 prope
1252 2571 1391 2636 abacum
1415 2573 1532 2658 ipsum.

524 2684 577 2748 37.
603 2682 785 2748 Celebrans
808 2679 967 2745 ascendet
991 2680 1024 2744 in
1040 2678 1297 2767 suppedaneum,
1315 2679 1523 2744 osculabitur
1540 2679 1667 2748 Altare

435 2795 467 2858 in
492 2791 598 2857 medio
622 2795 657 2855 et
679 2786 816 2854 accedet
839 2785 881 2852 ad
905 2786 1042 2852 blissale
1066 2787 1100 2852 in
1124 2806 1230 2852 cornu
1254 2787 1452 2872 Epistulae.-

521 2901 574 2964 38.
599 2899 672 2963 Duo
696 2898 809 2963 clerici
833 2903 1040 2983 consurgent
1063 2897 1171 2981 ibique
1195 2897 1341 2962 stabunt.

521 3009 574 3072 39.
600 3006 783 3074 Celebrans
807 3003 847 3070 ad
872 3004 1008 3070 blissalc
1031 3005 1123 3069 elata
1147 3025 1227 3070 voce
1251 3005 1344 3090 leget
1375 3006 1514 3092 primam
1546 3006 1667 3074 lectio-

434 3139 508 3182 nem
533 3135 607 3180 cum
633 3119 743 3179 tractu
768 3114 930 3197 sequenti,
955 3111 1106 3178 manibus
1131 3112 1257 3178 Missali
1281 3114 1448 3201 appositis
1466 3119 1503 3180 ut
1528 3115 1561 3180 in
1580 3115 1666 3202 Epi·

434 3225 522 3288 stola
546 3224 675 3288 Missae.
699 3219 833 3297 Deinde,
859 3222 953 3284 utin
978 3221 1089 3294 Missa,
1122 3220 1210 3286 dicet
1247 3219 1395 3289 Oremua
1427 3227 1462 3288 et
1493 3221 1667 3308 genuflec-

433 3338 507 3398 tens
531 3330 710 3414 subiunget
734 3328 934 3395 Plectcmus
953 3347 1075 3412 penae
1098 3335 1133 3392 et
1162 3329 1202 3394 ab
1227 3329 1378 3395 omnibus
1401 3327 1664 3415 genuflectetur.

434 3438 606 3505 Secundus
630 3438 774 3538 clericus
797 3455 977 3520 assurgens
1001 3435 1090 3501 dicet
1105 3437 1233 3504 Levate
1256 3443 1290 3502 et
1306 3457 1419 3504 ornnes
1443 3445 1663 3526 consurgent.

435 3546 616 3612 Celebrans
640 3546 764 3631 apertis
789 3541 940 3609 manibus
963 3542 1118 3608 recitabit
1141 3545 1325 3610 orationem
1349 3545 1455 3622 Deus,
1479 3565 1501 3610 a
1526 3565 1600 3632 quo
1632 3555 1665 3616 et

433 3653 548 3721 chcs
570 3658 634 3718 etc.

525 3762 576 3826 40.
601 3761 707 3845 Legat
730 3757 847 3825 deinde
871 3758 1050 3824 secundam
1074 3759 1251 3824 lectionem
1276 3780 1351 3825 cum
1384 3765 1508 3838 tractu,
1544 3769 1664 3848 postea

435 3870 638 3944 Passionem,
663 3868 784 3933 iunctis
809 3865 970 3943 manibus,
996 3868 1029 3930 in
1054 3868 1124 3954 ipso
1148 3867 1256 3932 latere
1282 3867 1462 3954 Epistulae.
1488 3867 1571 3934 Post
1595 3869 1665 3936 leo·

434 3985 502 4042 tam
526 3977 728 4051 Passionem,
752 3972 867 4040 eodem
891 3975 925 4038 in
950 3974 1026 4038 loco
1050 3973 1206 4040 recitabit
1229 3973 1368 4042 Munda
1384 3993 1579 4044 cormeum
1595 3982 1661 4044 etc.

433 4091 512 4150 ante
536 4084 682 4154 Missale,
707 4083 799 4167 leget
823 4081 973 4147 ultimam
998 4082 1167 4156 Passionis
1191 4089 1331 4168 partem,
1355 4082 1413 4148 sed
1437 4084 1469 4148 in
1494 4081 1559 4149 dne
1591 4104 1660 4172 non

434 4191 641 4258 osculabitur
665 4191 797 4254 librum.

522 4300 574 4363 41.
600 4298 632 4364 Si
657 4303 729 4384 post
754 4299 875 4363 lectam
901 4298 1092 4364 Passionem
1116 4298 1288 4364 habendus
1312 4305 1399 4365 esset
1422 4319 1531 4363 sermo
1556 4319 1661 4386 super

434 4408 512 4492 ipsa.
537 4407 716 4473 descendet
738 4427 758 4471 a
782 4407 889 4472 latere
913 4406 952 4471 de
977 4407 1088 4472 Alteri
1112 4417 1146 4474 et
1170 4416 1288 4494 perget
1302 4407 1342 4471 ad
1359 4406 1543 4472 scabellum
1564 4427 1662 4494 prae-

433 4520 594 4597 paratum,
619 4522 657 4580 ut
680 4536 790 4602 supra,
814 4515 924 4600 ibique
948 4516 1076 4583 sedebit
1098 4536 1138 4582 ac
1160 4516 1269 4580 bireto
1292 4520 1392 4600 caput
1415 4515 1595 4602 cooperiet.

522 4622 573 4684 42.
599 4623 676 4688 Post
704 4644 899 4698 sermonem,
924 4624 1057 4711 deteget
1082 4630 1190 4710 caput.
1215 4631 1381 4709 assurget,
1406 4623 1526 4688 redibit
1560 4643 1581 4688 a
1611 4623 1662 4690 la-

438 4733 509 4791 tere
533 4727 572 4791 ad
599 4729 716 4796 Aliana
740 4733 772 4798 in
797 4753 901 4800 cornu
926 4733 1097 4821 Epistulae
1121 4753 1180 4820 pro
1204 4731 1419 4798 <nationibus
1444 4736 1482 4796 ut
1513 4731 1612 4800 infra.
