4175 5717
525 703 587 766 176
978 719 1043 764 nis,
1069 717 1103 765 rr.

438 833 486 896 do
509 847 573 896 eor
595 845 712 894 meam
735 833 799 892 etc.
824 847 900 892 cum
923 824 1018 902 Iade,
1043 825 1199 896 Domine.
1217 831 1280 890 etc.
1298 824 1526 892 subdiaconus
1543 845 1669 892 ascen-

434 938 489 1002 det
514 937 555 1001 ad
579 935 708 1012 Altero,
733 935 875 1020 accipiet
899 932 1034 998 Missale
1052 953 1126 998 cum
1144 934 1277 1010 cussino
1294 953 1353 999 seu
1369 931 1464 1018 legili
1480 938 1514 999 et
1529 932 1667 1000 deferet

437 1042 520 1109 illud
545 1045 579 1108 in
604 1062 709 1108 cornu
733 1041 919 1126 Evangelii.
945 1041 1111 1106 Diaconus
1146 1040 1326 1106 descendet
1356 1039 1397 1105 ad
1428 1040 1579 1118 abacum,
1614 1041 1672 1108 di-

436 1154 545 1216 mittet
567 1150 737 1237 planetam
762 1147 929 1234 plicatam,
954 1149 982 1212 si
1006 1154 1132 1226 utetur,
1158 1146 1221 1213 sibi
1239 1147 1355 1214 induet
1371 1148 1492 1214 stolam
1508 1148 1673 1216 latiorem

434 1265 467 1323 et
490 1264 656 1342 sumptum
685 1255 957 1340 Evangeliarium
980 1254 1023 1319 ad
1048 1254 1166 1320 Altare
1190 1249 1308 1320 afferet
1331 1255 1399 1320 ritu
1424 1257 1559 1321 usitato.

524 1366 596 1430 102.
622 1366 755 1429 Interea
779 1363 962 1430 celebrans
987 1363 1138 1428 ultimam
1163 1364 1333 1429 Passionis
1364 1369 1492 1450 partem
1523 1383 1594 1430 non
1630 1385 1670 1432 se

431 1477 566 1558 signans
590 1472 692 1556 leget,
717 1471 775 1536 sed
801 1472 833 1535 in
858 1469 924 1536 dne
947 1471 1049 1555 ipsius
1075 1469 1302 1536 Subdiaconus
1327 1471 1541 1558 respondebit
1565 1471 1670 1542 Laus

435 1582 504 1654 tibi,
535 1581 683 1647 Christe.
709 1579 849 1644 Praesto
874 1579 938 1643 erit
962 1580 1061 1643 etiam
1097 1576 1334 1644 thuriferarius
1365 1599 1439 1643 cum
1474 1579 1669 1652 thuribulo.

524 1688 595 1752 103.
626 1685 735 1760 Quum
771 1685 953 1752 celebrans
985 1686 1109 1771 legerit
1139 1685 1290 1751 ultimam
1321 1693 1449 1772 partem
1481 1687 1668 1764 Passionis,

434 1795 553 1861 redibit
575 1794 616 1859 ad
643 1791 785 1858 medium
810 1793 929 1858 Altare
963 1799 997 1858 et
1020 1793 1186 1860 Diaconus
1211 1795 1241 1859 ei
1264 1793 1464 1860 minist-rabit
1488 1795 1668 1862 incensum

431 1901 516 1987 quod
542 1902 601 1966 ille
625 1907 726 1986 ponet
749 1903 782 1964 in
814 1900 987 1965 thuribulo
1019 1921 1094 1966 cum
1127 1900 1365 1966 benedictione.
1403 1901 1667 1972 Thuriferarius

429 2011 530 2076 coibit
554 2029 628 2074 cum
654 2008 841 2093 Acolythis
867 2009 921 2092 qui
948 2007 1130 2092 procedent
1154 2010 1275 2074 iunctis
1300 2010 1460 2087 manibus,
1485 2027 1564 2074 nam
1595 2029 1668 2078 nou

431 2117 611 2203 gestabunt
634 2115 845 2192 candelabra,
870 2122 904 2180 et
940 2121 1018 2180 ante
1052 2115 1171 2181 Altare
1205 2117 1397 2182 subsistent:
1430 2117 1668 2186 Subdiacouus

432 2231 511 2290 ante
535 2223 655 2289 Altare
679 2222 866 2289 descendet:
892 2223 1057 2289 Diaconus
1084 2224 1238 2289 recitabit
1262 2225 1404 2292 Munda
1438 2245 1500 2293 cor
1530 2247 1666 2308 mmm,

431 2333 571 2418 accipiet
596 2332 730 2405 librum,
755 2331 1018 2396 benedictionem
1052 2350 1071 2395 a
1103 2331 1302 2398 Gelebrante
1332 2339 1425 2420 petet
1458 2339 1492 2400 et
1525 2333 1666 2404 additus

437 2440 655 2515 subdiacone,
681 2439 859 2524 Acolythis
883 2457 923 2504 ac
957 2438 1185 2518 thuriferario,
1217 2442 1407 2526 praemissis
1441 2440 1484 2508 ad
1517 2443 1666 2510 chorum

435 2547 640 2622 reverentiis,
666 2544 825 2631 procedet
847 2545 886 2610 ad
912 2546 1063 2611 ultimam
1087 2548 1255 2614 Passionis
1279 2555 1406 2636 partem
1431 2555 1511 2615 tono
1542 2550 1667 2618 livan-

432 2654 511 2740 gelii
534 2653 745 2719 cantandam:
771 2659 972 2718 nontamen
996 2655 1140 2740 signabit
1163 2655 1287 2721 librum
1310 2677 1372 2723 nec
1403 2658 1557 2744 seipsum,
1593 2677 1666 2726 uon

434 2764 522 2828 dicet
546 2763 718 2829 Dominae
739 2759 928 2838 vobiscum,
960 2782 1023 2828 nec
1059 2762 1249 2849 Sequentia
1280 2771 1343 2830 etc.
1375 2763 1432 2831 sed
1465 2764 1666 2834 thurificato

433 2872 528 2949 libro,
553 2871 687 2957 incipiet
710 2870 821 2934 statim
845 2889 967 2934 canere
990 2871 1113 2938 Altero
1136 2878 1254 2940 autem
1277 2874 1333 2939 die
1355 2877 1418 2940 etc.

525 2979 596 3043 104.
623 2978 805 3044 Celebrans
829 2983 1049 3044 convertetur
1072 2979 1113 3044 ad
1138 2980 1318 3048 Diaconum
1353 2986 1387 3045 et
1420 2980 1666 3052 Caeremonia-

433 3090 503 3153 rius
527 3090 556 3152 ei
581 3086 671 3152 dabit
694 3085 849 3173 palmam.
875 3087 994 3154 Oleros
1018 3094 1201 3173 consurget
1223 3094 1258 3153 et
1281 3089 1424 3176 palmam
1447 3091 1592 3178 recipiet
1621 3094 1665 3161 ad

433 3197 534 3261 verba
558 3195 735 3282 praedicta.
754 3194 862 3270 Quum
880 3194 1045 3260 Diaconus
1061 3215 1183 3260 canere
1200 3195 1344 3273 desierit,
1364 3197 1547 3264 celebrans
1563 3219 1664 3268 suam

433 3305 575 3392 palmam
599 3304 709 3370 tradet
734 3304 1012 3380 Caeremoniario;
1037 3305 1181 3389 itemque
1199 3306 1318 3372 Clerus
1335 3308 1370 3371 in
1386 3307 1489 3372 choro
1513 3308 1666 3395 deponet

433 3414 586 3501 palmam,
611 3433 695 3498 quae
719 3433 819 3478 manu
842 3411 984 3498 amplius
999 3431 1067 3476 non
1084 3414 1303 3479 sustinebitur
1319 3433 1361 3480 ne
1377 3414 1418 3480 ad
1434 3414 1665 3484 elevationem

436 3521 575 3605 quidem.
601 3520 829 3586 Subdiaconus
853 3525 983 3587 textum
1009 3521 1185 3608 Evangelii
1209 3521 1425 3590 osculandum
1449 3519 1568 3590 afferet
1595 3523 1665 3592 Ge-

436 3629 591 3704 lebranti‚
616 3631 671 3713 qui
694 3635 808 3716 postea
831 3649 851 3694 a
874 3631 1019 3695 Diacono
1043 3630 1300 3696 thurificabitur.

524 3738 596 3803 105.
624 3737 725 3803 Nulla
749 3745 859 3803 autem
883 3741 917 3804 in
940 3740 1004 3805 hac
1028 3739 1132 3804 Missa
1166 3740 1305 3804 solemni
1332 3740 1479 3806 notanda
1513 3745 1664 3810 variatio

433 3847 591 3922 occurrit,
616 3847 677 3910 nisi
701 3845 787 3930 quod
812 3847 844 3910 in
869 3849 938 3933 ipsa
962 3847 1087 3932 legitur
1110 3848 1264 3912 ultimum
1289 3847 1510 3933 Evangelium
1527 3871 1543 3914 s
1560 3849 1665 3918 Joan·

433 3956 483 4018 nis
508 3955 583 4018 loco
607 3954 747 4018 alterius
772 3955 805 4018 in
828 3953 938 4018 Missis
961 3955 1059 4019 lectis
1083 3955 1290 4042 praescripti,
1315 3954 1401 4039 quod
1426 3955 1664 4028 iniunctione

432 4059 671 4126 benedictionis
696 4059 881 4146 palmarum
905 4066 1075 4126 cantatum
1100 4065 1160 4126 est.
1644 4089 1646 4094 ·

982 4313 1105 4326 ιιι-ι...
