4175 5717
917 870 989 917 cnr.
1009 870 1030 916 1.
1470 853 1491 917 7

304 952 314 972 ⁵
361 976 461 1052 ciem;
480 973 665 1041 vibrabitur
680 978 734 1053 ita,
752 985 790 1041 ut
805 997 866 1042 sua
881 978 1032 1042 inferiori
1049 981 1144 1062 parte
1160 977 1282 1041 lineam
1299 996 1435 1042 curvam
1452 978 1579 1044 descri-

363 1081 430 1158 bat,
453 1102 553 1166 quam
576 1082 740 1177 distincte¹
754 1084 977 1150 Mathematici
1003 1084 1194 1170 parabolam
1217 1084 1397 1169 appellant,
1422 1084 1580 1172 deprime-

362 1195 431 1264 tur,
454 1190 585 1256 scilicet
607 1190 774 1257 referetur
797 1191 909 1257 eodem
933 1212 973 1257 ac
995 1197 1094 1256 antea
1117 1191 1191 1256 loco
1214 1193 1309 1256 iuxta
1332 1191 1508 1258 dexterum
1533 1192 1580 1258 fe·

364 1316 449 1360 mur.
467 1297 605 1365 Ductus
619 1300 770 1381 simplem
780 1306 960 1385 peragetur
976 1298 1120 1364 tenendo
1136 1299 1345 1364 thuribulum
1357 1299 1471 1365 eodem
1483 1306 1579 1386 pacto

366 1423 431 1487 quo
454 1403 497 1468 de
519 1404 643 1491 duplici
673 1406 774 1471 ductu
805 1405 988 1482 docuimus;
1020 1405 1077 1470 sed
1110 1426 1175 1470 uno
1206 1411 1335 1470 tantum
1363 1413 1440 1471 actu
1472 1407 1581 1471 eleva·

366 1510 467 1589 bitur,
492 1513 677 1579 vibrabitur
699 1533 739 1578 ac
762 1513 974 1600 deprimetur,
989 1521 1026 1579 ut
1048 1520 1161 1579 antea:
1178 1533 1245 1578 non
1261 1521 1372 1578 tamen
1393 1515 1580 1579 elevabitur
1601 1573 1603 1577 ,

365 1617 408 1683 ad
432 1619 548 1685 vultus
570 1620 628 1686 sed
650 1620 691 1686 ad
714 1623 857 1708 pectoris
881 1620 1100 1687 altitudinem.
1125 1621 1268 1686 Notetur
1282 1628 1460 1707 ,postremo
1494 1620 1580 1705 quod

368 1724 489 1790 ductus
511 1725 636 1812 duplex
658 1726 730 1793 fleri
754 1733 862 1813 potest
884 1735 919 1793 et
941 1729 1008 1793 alio
1031 1727 1136 1804 modo,
1160 1727 1246 1793 idest
1272 1726 1399 1793 duobus
1428 1727 1581 1794 ductibus

365 1832 578 1918 simplicibus,
613 1836 668 1918 qui
698 1834 884 1901 immediate
914 1836 1003 1901 alter
1033 1835 1178 1900 alterum
1209 1835 1463 1919 subsequantur,
1495 1833 1581 1919 quod

368 1940 441 2005 iere
464 1942 620 2026 congruit
641 1961 715 2007 cum
739 1941 888 2026 eoquod
912 1962 1018 2028 nuper
1050 1942 1174 2007 dictum
1205 1949 1269 2019 est;
1302 1948 1439 2008 notatur
1470 1949 1580 2011 autem

367 2046 505 2112 illorum
527 2049 645 2133 gratia
671 2049 788 2132 quibus
812 2049 926 2115 modus
949 2051 1102 2135 superius
1125 2049 1268 2114 traditus
1292 2048 1434 2115 difficilis
1457 2050 1554 2116 soret.

914 2301 1042 2314 nnn-—

624 2477 676 2533 nn
697 2477 811 2534 nouo
832 2478 1056 2543 incensum,
1076 2454 1317 2562 nssrsrnunr,

704 2585 839 2650 arcun
858 2586 1037 2643 exnunnr
1060 2586 1083 2642 n
1103 2586 1248 2643 cuono

871 2912 1012 2978 CAPUT
1038 2912 1076 2975 ll.

372 3218 404 3281 l.
430 3135 595 3295 Clerici
620 3218 675 3300 qui
699 3218 732 3280 in
751 3216 895 3281 Chorum
912 3223 990 3281 sunt
1006 3216 1182 3282 ordinatim
1199 3220 1394 3302 processuri,
1413 3219 1518 3283 induti
1534 3238 1589 3283 ve-

368 3331 423 3388 ste
448 3323 559 3398 talari,
583 3344 658 3388 cum
682 3323 925 3409 superpelliceo
942 3329 976 3387 et
990 3324 1097 3388 bireto
1113 3331 1245 3408 praesto
1262 3331 1362 3389 erunt
1379 3327 1411 3389 in
1433 3325 1586 3434 §aerario

369 3430 484 3495 debita
507 3451 580 3496 cum
604 3430 815 3495 observantia
837 3450 877 3494 ac
900 3430 1033 3495 silentio
1059 3433 1091 3495 in
1115 3431 1190 3496 loco
1214 3433 1291 3517 ipsis
1323 3435 1516 3507 constituto;
1545 3431 1586 3496 ad

369 3537 589 3622 campanulae
612 3539 741 3622 signum
766 3557 783 3602 e
808 3535 963 3601 Sacrario
987 3538 1127 3602 exibunt
1157 3538 1224 3601 bini
1256 3540 1301 3602 ita
1334 3540 1514 3624 compositi,
1551 3545 1587 3603 ut

369 3647 530 3710 humerus
565 3644 684 3710 dexter
720 3645 817 3709 unius
848 3651 941 3708 recta
971 3651 1136 3728 congruat
1170 3664 1244 3709 cum
1279 3646 1415 3709 sinistro
1449 3645 1587 3710 humero

369 3753 529 3828 alterius;
558 3752 739 3838 procedent
768 3752 898 3815 incessu
930 3753 1025 3834 gravi
1056 3758 1090 3816 et
1124 3753 1231 3836 capite
1261 3759 1388 3836 aperto,
1419 3758 1588 3836 gestantes

371 3867 515 3943 utraque
538 3879 636 3924 manu
661 3859 803 3923 biretum
827 3858 916 3921 infra
939 3865 1071 3942 pectus;
1097 3858 1351 3943 unumquodque
1375 3879 1434 3945 par
1459 3858 1589 3924 incedet

369 3967 505 4053 aequali
527 3967 568 4032 ab
591 3966 700 4031 altero
723 3965 936 4049 subsequenti
961 3964 1120 4030 distantia
1144 3966 1202 4053 (a).

448 4201 488 4268 (a)
501 4198 600 4254 Vestis
613 4214 632 4253 a
644 4195 761 4253 clericis
775 4195 804 4250 in
818 4194 916 4253 Choro
930 4201 1016 4268 atque
1032 4195 1060 4250 in
1074 4212 1226 4252 sacrarum
1240 4198 1419 4252 functionum
1430 4197 1590 4253 ministerio

372 4290 521 4347 induenda
539 4297 584 4345 est
605 4287 695 4344 vestis
715 4285 815 4343 talaris
835 4294 864 4340 et
883 4285 1140 4357 superpelliceum.

447 4379 562 4438 Talaris
582 4378 671 4434 vestis
690 4376 900 4432 adhaerentem
920 4374 1065 4446 quondam
1086 4374 1210 4430 babebat
1232 4376 1352 4431 fasciam
1381 4377 1495 4436 lineam,
1516 4394 1590 4448 quae

374 4488 453 4528 nunc
472 4469 560 4540 vulgo
579 4467 684 4523 dieitur
704 4466 859 4523 cellerium
883 4464 979 4535 prouti
998 4464 1144 4533 colligitur
1163 4482 1200 4520 ex
1220 4465 1346 4521 decretis
1370 4465 1494 4537 plurium
1514 4467 1592 4523 Cun-

371 4562 507 4617 citiorum
527 4557 756 4632 provincialium,
776 4572 810 4610 ac
833 4554 1076 4610 dioecesanarum
1097 4555 1284 4626 synodorum,
1305 4573 1378 4627 quae
1409 4556 1590 4613 consuetudo

372 4652 453 4721 viget
472 4650 561 4706 ctiam
581 4665 658 4705 nunc
677 4647 705 4702 in
724 4645 1009 4716 Congregationibus
1032 4646 1277 4715 presbyterorum
1306 4647 1434 4701 Oratorii
1464 4657 1493 4703 et
1522 4648 1593 4703 Mis-

376 4742 474 4800 sionis
484 4740 532 4813 qui
546 4739 694 4811 antiquum
716 4735 794 4793 Cleri
816 4734 943 4789 habiturn
965 4735 1156 4791 retinuerunt.
1176 4736 1327 4792 Conrrnuni
1348 4736 1434 4791 niodo
1454 4754 1508 4792 usu
1527 4753 1592 4791 san·
