4175 5717
524 764 584 831 122
968 785 1033 833 tm.
1059 785 1105 834 rv.

432 891 529 975 capiti
553 893 679 976 primae
701 891 916 978 baptizandae
940 901 974 957 et
997 891 1086 956 dicet
1110 893 1146 957 N.
1171 893 1208 956 N.
1233 889 1463 978 inprecatam·
1487 891 1527 958 ia
1555 897 1642 958 tan·

428 1002 531 1080 pluto
554 1000 620 1065 Dei
640 1009 703 1066 eto.
728 1001 836 1075 Quum
860 1001 975 1085 plures
999 1001 1066 1064 sint
1091 998 1273 1085 baptizandi
1290 999 1435 1064 infantes
1454 997 1594 1064 masculi
1610 1001 1644 1062 et

433 1107 604 1184 foeminae,
630 1110 754 1194 primus
778 1115 947 1193 compater
970 1113 1005 1172 et
1028 1108 1133 1192 prima
1156 1113 1337 1200 commater
1359 1125 1461 1172 manu
1483 1103 1645 1172 tenebunt

431 1215 561 1291 stolam,
586 1216 722 1282 secundi
745 1221 780 1281 et
803 1215 968 1282 secundae
991 1221 1177 1300 compatres
1200 1223 1235 1280 et
1258 1221 1455 1280 commatres
1481 1233 1581 1278 manu
1599 1219 1647 1278 te-

432 1323 559 1388 nebunt
589 1325 711 1408 primos
741 1331 776 1388 et
806 1325 938 1408 primas,
970 1333 1004 1387 et
1034 1323 1083 1386 sic
1114 1322 1154 1386 de
1185 1323 1322 1398 ceteris;
1347 1328 1382 1387 et
1412 1321 1590 1388 intrabunt
1611 1321 1646 1386 iu

431 1433 616 1497 ecclesiam.
641 1431 752 1496 Mares
775 1430 886 1496 locum
910 1437 1042 1495 sument
1065 1450 1086 1493 a
1109 1428 1266 1505 dexteris,
1283 1430 1447 1496 foeminae
1464 1449 1486 1494 a
1502 1429 1645 1494 sinistris

433 1540 586 1605 Parochi.

517 1647 570 1711 22.
597 1647 767 1711 Parochus
792 1646 982 1712 introducet
1006 1665 1062 1710 eos
1087 1646 1120 1709 in
1144 1645 1318 1711 ecclesiam
1341 1643 1397 1710 vel
1421 1645 1455 1710 in
1484 1643 1645 1730 baptiste-

431 1757 526 1831 rium,
543 1763 577 1820 et
593 1754 670 1819 dum
686 1753 867 1839 procedent
878 1752 920 1818 ad
933 1753 1058 1818 fontem
1071 1753 1311 1837 baptismalem,
1325 1752 1519 1820 recitabunt
1532 1751 1644 1820 credo

432 1868 464 1927 et
489 1862 598 1928 Pater
620 1867 749 1927 noster.
775 1860 965 1945 Gompatres
989 1866 1024 1924 et
1047 1859 1249 1926 commatres
1273 1865 1432 1945 poterunt
1455 1857 1542 1924 haec
1566 1859 1645 1924 reci·

431 1978 503 2035 tare
528 1969 659 2054 vulgari
683 1987 845 2034 sermone.
1643 1989 1645 1994 ·

517 2077 571 2142 23.
595 2075 772 2160 Progressi
795 2079 874 2139 ante
897 2074 1067 2140 cancellos
1084 2075 1184 2140 fontis
1200 2081 1299 2140 extra
1315 2073 1563 2159 baptisterium,
1580 2091 1645 2138 ma-

432 2205 485 2248 res
509 2189 543 2248 et
565 2184 729 2248 foeminae
753 2181 935 2248 subsistent
957 2181 1072 2246 eodem
1089 2181 1213 2259 ordine,
1231 2201 1295 2266 quo
1312 2180 1445 2246 stabant
1462 2181 1498 2244 in
1514 2181 1645 2266 porticu

429 2313 488 2356 scu
512 2296 610 2356 extra
633 2295 762 2375 portam
785 2288 958 2354 ecclesiae.

517 2399 571 2462 24.
597 2398 767 2462 Parochus
795 2402 972 2480 antequam
1004 2396 1212 2482 ingrediatur
1235 2398 1268 2461 in
1293 2395 1537 2481 baptisterium,
1566 2393 1645 2460 sub-

431 2509 526 2572 sistet
550 2504 593 2571 ibi
616 2505 762 2570 humeris
785 2504 826 2569 ad
842 2504 968 2569 fontem
985 2505 1102 2580 versis,
1120 2511 1154 2568 et
1169 2521 1351 2569 conversus
1367 2502 1408 2567 ad
1428 2499 1643 2587 baptizandos
1686 2549 1690 2558 -

431 2613 519 2678 dicet
541 2613 667 2698 plurali
691 2631 829 2676 numero
853 2613 1076 2676 exorcismum
1099 2610 1277 2678 Emorcizo
1303 2618 1334 2678 te
1356 2617 1421 2674 etc.

519 2720 572 2786 23.
597 2719 668 2784 Hoc
685 2726 832 2804 tempore
847 2717 991 2783 clericus
1007 2720 1041 2782 in
1059 2725 1212 2803 promptu
1228 2717 1361 2783 habebit
1376 2715 1554 2782 vasculum
1571 2717 1646 2784 Olei

432 2831 538 2894 sancti
562 2827 884 2895 catechumenorum
908 2828 940 2891 in
964 2826 1133 2912 pelvicula
1157 2831 1191 2891 et
1213 2825 1434 2910 aliqantulum
1460 2819 1599 2912 gossipii
1613 2831 1647 2892 et

431 2936 575 3002 arlsfabit
598 2934 749 2999 Parocho
773 2954 792 2998 a
815 2933 954 2999 deutris.

518 3044 572 3108 att.
597 3043 748 3108 Recitato
778 3040 904 3126 plurali
933 3059 1072 3106 numero
1101 3041 1271 3126 praedicto
1293 3043 1492 3120 exorcismo,
1517 3043 1646 3128 primus

430 3153 607 3236 ¹Compater
630 3169 704 3214 cum
728 3147 922 3234 baptizando
945 3148 1187 3234 approximabit
1209 3149 1250 3214 ad
1275 3149 1481 3226 Parochum;
1505 3151 1564 3234 qui
1583 3169 1647 3216 ex-

432 3261 600 3325 tremitate
623 3256 753 3343 pollicis
777 3255 917 3330 dexteri,
933 3261 1072 3340 accepta
1088 3276 1130 3320 ex
1147 3275 1205 3322 ore
1222 3277 1281 3322 suo
1298 3257 1511 3340 aliquantula
1527 3257 1645 3334 saliva,

435 3374 549 3450 tanget
571 3385 670 3430 aures
694 3371 729 3428 et
751 3382 849 3428 nares
874 3362 1078 3447 baptizandi:
1103 3369 1243 3446 tangens
1266 3382 1382 3428 aurem
1406 3364 1583 3430 dexteram
1603 3365 1649 3432 di-

433 3483 486 3540 cet
508 3473 692 3555 Epdpbetc
722 3471 890 3536 sinistram
923 3470 1019 3554 quod
1049 3477 1099 3536 est
1122 3470 1333 3552 adaperire;
1360 3477 1501 3556 tangens
1531 3492 1647 3538 narem

432 3581 603 3646 (dextoram
627 3579 839 3654 madorem,
864 3578 1031 3642 sinistram
1056 3577 1259 3654 miscitat&
1285 3583 1319 3643 et
1337 3584 1563 3662 prosequetur
1578 3579 1648 3646 fon

433 3688 555 3752 mulam
579 3687 691 3751 dicens
719 3692 758 3752 tu
787 3692 905 3752 caton
935 3688 1106 3770 effapare,
1138 3685 1284 3763 diabole,
1315 3685 1649 3772 approquinquabit

432 3797 524 3862 enim
548 3795 719 3860 iudicium
740 3792 816 3858 Dei.

518 3903 571 3964 27.
595 3899 743 3966 Recedet
763 3901 889 3985 primus
914 3900 1089 3988 Gompater
1115 3921 1189 3966 cum
1213 3899 1419 3986 baptizando,
1445 3906 1480 3966 et
1509 3899 1649 3968 accedet

431 4009 595 4074 secundus
625 4007 667 4072 ad
691 4006 888 4084 Parochum,
906 4011 960 4092 qui
977 4016 1115 4095 peraget
1139 4008 1252 4075 eadem
1275 4029 1315 4074 ac
1339 4009 1454 4093 primo,
1478 4014 1515 4074 et
1538 4009 1587 4074 sic
1608 4007 1649 4076 de

432 4118 553 4181 ceteris
576 4122 706 4200 etpost
729 4135 785 4180 eos
808 4113 849 4178 de
872 4115 1035 4181 foeminis.

520 4225 572 4287 28.
598 4223 705 4297 Quum
722 4222 893 4287 Parochus
910 4223 1015 4288 saliva
1032 4223 1181 4304 tetigerit
1192 4243 1295 4301 ¹aures
1313 4229 1347 4288 et
1363 4242 1463 4289 nares
1479 4222 1649 4310 baptizan-

433 4329 550 4395 dorum
574 4331 728 4407 omnium,
761 4350 878 4394 rursus
909 4350 945 4394 se
975 4330 1071 4392 sistet
1100 4331 1177 4389 ante
1208 4349 1283 4394 eum
1313 4332 1438 4416 primus
1467 4330 1646 4416 Gompaler

433 4458 507 4500 cum
532 4437 667 4512 infante,
693 4443 726 4500 ot
750 4435 921 4499 Parochus
943 4432 1162 4518 pronuntians
1194 4453 1312 4500 nomen
1337 4435 1525 4521 baptizandi
1549 4439 1646 4504 istius

434 4545 653 4628 interrogabit
675 4544 787 4608 dicens
812 4541 848 4604 N.
872 4537 1103 4606 abrenuntias
1127 4535 1299 4606 Seterrae?
1317 4543 1493 4628 compater
1510 4563 1648 4631 respon·

434 4648 523 4716 ilebit
545 4651 753 4718 abrenuntio
778 4647 964 4712 Parochus:
989 4642 1033 4708 Et
1056 4645 1216 4713 crucibus
1239 4649 1405 4730 operibus
1429 4649 1527 4718 eiusl
1552 4651 1647 4720 Gom⁴
