<?xml version="1.0" encoding="UTF-8"?>
<!DOCTYPE html PUBLIC "-//W3C//DTD XHTML 1.0 Transitional//EN"
    "http://www.w3.org/TR/xhtml1/DTD/xhtml1-transitional.dtd">
<html xmlns="http://www.w3.org/1999/xhtml" xml:lang="en" lang="en">
 <head>
  <title>
</title>
<meta http-equiv="Content-Type" content="text/html;charset=utf-8" />
  <meta name='ocr-system' content='tesseract 3.04.00' />
  <meta name='ocr-capabilities' content='ocr_page ocr_carea ocr_par ocr_line ocrx_word'/>
</head>
<body>
  <div class='ocr_page' id='page_1' title='image "./manualesacrarum00martgoog_0984.png"; bbox 0 0 4175 5717; ppageno 0'>
   <div class='ocr_carea' id='block_1_1' title="bbox 571 725 1163 810">
    <p class='ocr_par' dir='ltr' id='par_1_1' title="bbox 571 725 1163 810">
     <span class='ocr_line' id='line_1_1' title="bbox 571 725 1163 810; baseline -0.002 -17"><span class='ocrx_word' id='word_1_1' title='bbox 571 725 636 793; x_wconf 72' lang='lat'>252</span> <span class='ocrx_word' id='word_1_2' title='bbox 842 783 844 788; x_wconf 93' lang='lat'><em>.</em></span> <span class='ocrx_word' id='word_1_3' title='bbox 1024 744 1090 810; x_wconf 81' lang='lat' dir='ltr'>um.</span> <span class='ocrx_word' id='word_1_4' title='bbox 1117 746 1163 795; x_wconf 84' lang='lat' dir='ltr'>iv.</span> 
     </span>
    </p>
   </div>
   <div class='ocr_carea' id='block_1_2' title="bbox 476 853 1706 1592">
    <p class='ocr_par' dir='ltr' id='par_1_2' title="bbox 476 853 1706 1592">
     <span class='ocr_line' id='line_1_2' title="bbox 569 853 1706 943; baseline -0.001 -21"><span class='ocrx_word' id='word_1_5' title='bbox 569 856 725 922; x_wconf 83' lang='lat' dir='ltr'>Ceterum</span> <span class='ocrx_word' id='word_1_6' title='bbox 760 856 961 922; x_wconf 88' lang='lat' dir='ltr'>Missionarii</span> <span class='ocrx_word' id='word_1_7' title='bbox 997 876 1064 922; x_wconf 93' lang='lat' dir='ltr'>non</span> <span class='ocrx_word' id='word_1_8' title='bbox 1101 858 1258 922; x_wconf 85' lang='lat' dir='ltr'>omittant</span> <span class='ocrx_word' id='word_1_9' title='bbox 1293 855 1433 943; x_wconf 89' lang='lat' dir='ltr'>populos</span> <span class='ocrx_word' id='word_1_10' title='bbox 1468 853 1529 929; x_wconf 88' lang='lat' dir='ltr'>sibi</span> <span class='ocrx_word' id='word_1_11' title='bbox 1560 853 1706 922; x_wconf 86' lang='lat' dir='ltr'>creditos</span> 
     </span>
     <span class='ocr_line' id='line_1_3' title="bbox 478 956 1706 1050; baseline 0.002 -23"><span class='ocrx_word' id='word_1_12' title='bbox 478 956 577 1046; x_wconf 82' lang='lat' dir='ltr'>etiam</span> <span class='ocrx_word' id='word_1_13' title='bbox 601 964 742 1039; x_wconf 80' lang='lat' dir='ltr'>hortari,</span> <span class='ocrx_word' id='word_1_14' title='bbox 761 984 805 1028; x_wconf 90' lang='lat' dir='ltr'>un</span> <span class='ocrx_word' id='word_1_15' title='bbox 824 962 1117 1030; x_wconf 82' lang='lat' dir='ltr'>Confirmationem</span> <span class='ocrx_word' id='word_1_16' title='bbox 1142 963 1253 1029; x_wconf 87' lang='lat' dir='ltr'>debito</span> <span class='ocrx_word' id='word_1_17' title='bbox 1277 971 1428 1049; x_wconf 89' lang='lat' dir='ltr'>tempore</span> <span class='ocrx_word' id='word_1_18' title='bbox 1452 965 1626 1050; x_wconf 78' lang='lat' dir='ltr'>recipiant,</span> <span class='ocrx_word' id='word_1_19' title='bbox 1644 983 1706 1032; x_wconf 89' lang='lat' dir='ltr'>nac</span> 
     </span>
     <span class='ocr_line' id='line_1_4' title="bbox 479 1069 1706 1150; baseline 0.003 -14"><span class='ocrx_word' id='word_1_20' title='bbox 479 1091 545 1136; x_wconf 89' lang='lat' dir='ltr'>non</span> <span class='ocrx_word' id='word_1_21' title='bbox 571 1078 607 1136; x_wconf 92' lang='lat' dir='ltr'>ut</span> <span class='ocrx_word' id='word_1_22' title='bbox 631 1072 795 1138; x_wconf 88' lang='lat' dir='ltr'>Parentes</span> <span class='ocrx_word' id='word_1_23' title='bbox 819 1069 905 1136; x_wconf 84' lang='lat' dir='ltr'>filios</span> <span class='ocrx_word' id='word_1_24' title='bbox 937 1092 1016 1137; x_wconf 90' lang='lat' dir='ltr'>suos</span> <span class='ocrx_word' id='word_1_25' title='bbox 1049 1070 1241 1137; x_wconf 86' lang='lat' dir='ltr'>confirmari</span> <span class='ocrx_word' id='word_1_26' title='bbox 1271 1079 1402 1150; x_wconf 89' lang='lat' dir='ltr'>curent;</span> <span class='ocrx_word' id='word_1_27' title='bbox 1426 1074 1490 1138; x_wconf 88' lang='lat' dir='ltr'>etsi</span> <span class='ocrx_word' id='word_1_28' title='bbox 1522 1074 1609 1138; x_wconf 89' lang='lat' dir='ltr'>enim</span> <span class='ocrx_word' id='word_1_29' title='bbox 1641 1072 1706 1140; x_wconf 88' lang='lat' dir='ltr'>hoc</span> 
     </span>
     <span class='ocr_line' id='line_1_5' title="bbox 478 1179 1705 1272; baseline -0.002 -25"><span class='ocrx_word' id='word_1_30' title='bbox 478 1180 731 1272; x_wconf 73' lang='lat' dir='ltr'>Sacramentum</span> <span class='ocrx_word' id='word_1_31' title='bbox 755 1200 822 1246; x_wconf 89' lang='lat' dir='ltr'>non</span> <span class='ocrx_word' id='word_1_32' title='bbox 847 1182 891 1247; x_wconf 88' lang='lat' dir='ltr'>sit</span> <span class='ocrx_word' id='word_1_33' title='bbox 914 1180 954 1246; x_wconf 89' lang='lat' dir='ltr'>de</span> <span class='ocrx_word' id='word_1_34' title='bbox 983 1183 1185 1248; x_wconf 84' lang='lat' dir='ltr'>necessitate</span> <span class='ocrx_word' id='word_1_35' title='bbox 1215 1180 1313 1247; x_wconf 89' lang='lat' dir='ltr'>medii</span> <span class='ocrx_word' id='word_1_36' title='bbox 1344 1179 1387 1248; x_wconf 90' lang='lat' dir='ltr'>ad</span> <span class='ocrx_word' id='word_1_37' title='bbox 1415 1182 1569 1257; x_wconf 90' lang='lat' dir='ltr'>salutem,</span> <span class='ocrx_word' id='word_1_38' title='bbox 1592 1187 1705 1246; x_wconf 86' lang='lat' dir='ltr'>tamen</span> 
     </span>
     <span class='ocr_line' id='line_1_6' title="bbox 476 1285 1704 1378; baseline 0.001 -26"><span class='ocrx_word' id='word_1_39' title='bbox 476 1290 548 1354; x_wconf 88' lang='lat' dir='ltr'>sine</span> <span class='ocrx_word' id='word_1_40' title='bbox 571 1288 686 1375; x_wconf 73' lang='lat' dir='ltr'>gravis</span> <span class='ocrx_word' id='word_1_41' title='bbox 709 1290 838 1374; x_wconf 87' lang='lat' dir='ltr'>peccati</span> <span class='ocrx_word' id='word_1_42' title='bbox 861 1294 960 1355; x_wconf 86' lang='lat' dir='ltr'>reatu</span> <span class='ocrx_word' id='word_1_43' title='bbox 984 1291 1096 1375; x_wconf 81' lang='lat' dir='ltr'>respui</span> <span class='ocrx_word' id='word_1_44' title='bbox 1122 1309 1188 1355; x_wconf 90' lang='lat' dir='ltr'>non</span> <span class='ocrx_word' id='word_1_45' title='bbox 1213 1297 1333 1375; x_wconf 88' lang='lat' dir='ltr'>potest,</span> <span class='ocrx_word' id='word_1_46' title='bbox 1350 1312 1390 1358; x_wconf 89' lang='lat' dir='ltr'>ac</span> <span class='ocrx_word' id='word_1_47' title='bbox 1407 1290 1534 1378; x_wconf 81' lang='lat' dir='ltr'>negligi</span> <span class='ocrx_word' id='word_1_48' title='bbox 1552 1285 1611 1375; x_wconf 79' lang='lat' dir='ltr'>(a),</span> <span class='ocrx_word' id='word_1_49' title='bbox 1629 1307 1704 1356; x_wconf 89' lang='lat' dir='ltr'>cum</span> 
     </span>
     <span class='ocr_line' id='line_1_7' title="bbox 476 1379 1706 1484; baseline 0.003 -24"><span class='ocrx_word' id='word_1_50' title='bbox 476 1395 562 1462; x_wconf 91' lang='lat' dir='ltr'>illud</span> <span class='ocrx_word' id='word_1_51' title='bbox 586 1379 785 1484; x_wconf 74' lang='lat' dir='ltr'>suscipie‘ndi</span> <span class='ocrx_word' id='word_1_52' title='bbox 810 1404 998 1484; x_wconf 88' lang='lat' dir='ltr'>opportuna</span> <span class='ocrx_word' id='word_1_53' title='bbox 1022 1396 1118 1462; x_wconf 86' lang='lat' dir='ltr'>adest</span> <span class='ocrx_word' id='word_1_54' title='bbox 1142 1400 1283 1464; x_wconf 80' lang='lat' dir='ltr'>occasio.</span> <span class='ocrx_word' id='word_1_55' title='bbox 1309 1400 1418 1465; x_wconf 92' lang='lat' dir='ltr'>Porro</span> <span class='ocrx_word' id='word_1_56' title='bbox 1441 1399 1525 1465; x_wconf 89' lang='lat' dir='ltr'>baec</span> <span class='ocrx_word' id='word_1_57' title='bbox 1541 1397 1706 1476; x_wconf 80' lang='lat' dir='ltr'>doctrina,</span> 
     </span>
     <span class='ocr_line' id='line_1_8' title="bbox 476 1487 1704 1592; baseline 0.002 -27"><span class='ocrx_word' id='word_1_58' title='bbox 476 1505 503 1568; x_wconf 82' lang='lat' dir='ltr'>si</span> <span class='ocrx_word' id='word_1_59' title='bbox 520 1524 580 1592; x_wconf 91' lang='lat' dir='ltr'>pro</span> <span class='ocrx_word' id='word_1_60' title='bbox 597 1504 758 1581; x_wconf 89' lang='lat' dir='ltr'>omnibus,</span> <span class='ocrx_word' id='word_1_61' title='bbox 772 1506 827 1592; x_wconf 90' lang='lat' dir='ltr'>qui</span> <span class='ocrx_word' id='word_1_62' title='bbox 851 1507 931 1572; x_wconf 92' lang='lat' dir='ltr'>sunt</span> <span class='ocrx_word' id='word_1_63' title='bbox 947 1503 1104 1590; x_wconf 86' lang='lat' dir='ltr'>undique,</span> <span class='ocrx_word' id='word_1_64' title='bbox 1118 1503 1400 1573; x_wconf 78' lang='lat' dir='ltr'>christifidelibus</span> <span class='ocrx_word' id='word_1_65' title='bbox 1418 1487 1500 1572; x_wconf 86' lang='lat' dir='ltr'>vera</span> <span class='ocrx_word' id='word_1_66' title='bbox 1516 1511 1578 1582; x_wconf 90' lang='lat' dir='ltr'>est,</span> <span class='ocrx_word' id='word_1_67' title='bbox 1596 1502 1704 1569; x_wconf 90' lang='lat' dir='ltr'>multo</span> 
     </span>
    </p>
   </div>
   <div class='ocr_carea' id='block_1_3' title="bbox 477 1611 1802 1699">
    <p class='ocr_par' dir='ltr' id='par_1_3' title="bbox 477 1611 1802 1699">
     <span class='ocr_line' id='line_1_9' title="bbox 477 1611 1802 1699; baseline 0.002 -24"><span class='ocrx_word' id='word_1_68' title='bbox 477 1613 580 1697; x_wconf 85' lang='lat' dir='ltr'>magis</span> <span class='ocrx_word' id='word_1_69' title='bbox 605 1612 716 1694; x_wconf 88' lang='lat' dir='ltr'>locum</span> <span class='ocrx_word' id='word_1_70' title='bbox 738 1611 840 1679; x_wconf 85' lang='lat' dir='ltr'>habet</span> <span class='ocrx_word' id='word_1_71' title='bbox 856 1614 889 1677; x_wconf 91' lang='lat' dir='ltr'>in</span> <span class='ocrx_word' id='word_1_72' title='bbox 910 1612 990 1689; x_wconf 89' lang='lat' dir='ltr'>illis,</span> <span class='ocrx_word' id='word_1_73' title='bbox 1008 1614 1064 1698; x_wconf 91' lang='lat' dir='ltr'>qui</span> <span class='ocrx_word' id='word_1_74' title='bbox 1089 1614 1122 1678; x_wconf 91' lang='lat' dir='ltr'>in</span> <span class='ocrx_word' id='word_1_75' title='bbox 1147 1614 1261 1680; x_wconf 86' lang='lat' dir='ltr'>Terris</span> <span class='ocrx_word' id='word_1_76' title='bbox 1284 1613 1412 1699; x_wconf 85' lang='lat' dir='ltr'>degunt</span> <span class='ocrx_word' id='word_1_77' title='bbox 1435 1614 1703 1696; x_wconf 87' lang='lat' dir='ltr'>Haereticorum,</span> <span class='ocrx_word' id='word_1_78' title='bbox 1799 1631 1802 1638; x_wconf 86' lang='grc'><strong>’</strong></span> 
     </span>
    </p>
   </div>
   <div class='ocr_carea' id='block_1_4' title="bbox 473 1719 1705 4179">
    <p class='ocr_par' dir='ltr' id='par_1_4' title="bbox 475 1719 1705 2238">
     <span class='ocr_line' id='line_1_10' title="bbox 477 1719 1705 1807; baseline -0.001 -23"><span class='ocrx_word' id='word_1_79' title='bbox 477 1719 532 1786; x_wconf 85' lang='lat' dir='ltr'>rel</span> <span class='ocrx_word' id='word_1_80' title='bbox 557 1720 781 1806; x_wconf 81' lang='lat' dir='ltr'>Paganorum,</span> <span class='ocrx_word' id='word_1_81' title='bbox 798 1721 832 1786; x_wconf 89' lang='lat' dir='ltr'>in</span> <span class='ocrx_word' id='word_1_82' title='bbox 855 1720 987 1806; x_wconf 77' lang='lat' dir='ltr'>quibua,</span> <span class='ocrx_word' id='word_1_83' title='bbox 1005 1719 1203 1806; x_wconf 89' lang='lat' dir='ltr'>quandoque</span> <span class='ocrx_word' id='word_1_84' title='bbox 1226 1720 1390 1788; x_wconf 86' lang='lat' dir='ltr'>adversus</span> <span class='ocrx_word' id='word_1_85' title='bbox 1415 1721 1607 1790; x_wconf 79' lang='lat' dir='ltr'>Catholicos</span> <span class='ocrx_word' id='word_1_86' title='bbox 1623 1737 1705 1807; x_wconf 86' lang='lat' dir='ltr'>per-</span> 
     </span>
     <span class='ocr_line' id='line_1_11' title="bbox 476 1827 1705 1917; baseline 0.001 -26"><span class='ocrx_word' id='word_1_87' title='bbox 476 1830 665 1896; x_wconf 86' lang='lat' dir='ltr'>secutiones</span> <span class='ocrx_word' id='word_1_88' title='bbox 686 1830 860 1914; x_wconf 82' lang='lat' dir='ltr'>ingruunt,</span> <span class='ocrx_word' id='word_1_89' title='bbox 878 1827 968 1894; x_wconf 90' lang='lat' dir='ltr'>unde</span> <span class='ocrx_word' id='word_1_90' title='bbox 984 1849 1066 1914; x_wconf 86' lang='lat' dir='ltr'>opus</span> <span class='ocrx_word' id='word_1_91' title='bbox 1090 1834 1142 1894; x_wconf 86' lang='lat' dir='ltr'>est</span> <span class='ocrx_word' id='word_1_92' title='bbox 1166 1835 1204 1910; x_wconf 79' lang='lat' dir='ltr'>ut</span> <span class='ocrx_word' id='word_1_93' title='bbox 1228 1827 1438 1914; x_wconf 87' lang='lat' dir='ltr'>Septiformis</span> <span class='ocrx_word' id='word_1_94' title='bbox 1463 1829 1607 1917; x_wconf 82' lang='lat' dir='ltr'>Spiritus</span> <span class='ocrx_word' id='word_1_95' title='bbox 1631 1828 1705 1892; x_wconf 90' lang='lat' dir='ltr'>vir-</span> 
     </span>
     <span class='ocr_line' id='line_1_12' title="bbox 476 1932 1705 2022; baseline -0.001 -21"><span class='ocrx_word' id='word_1_96' title='bbox 476 1942 549 2002; x_wconf 87' lang='lat' dir='ltr'>tute</span> <span class='ocrx_word' id='word_1_97' title='bbox 574 1936 870 2022; x_wconf 68' lang='lat' dir='ltr'>roborenturque</span> <span class='ocrx_word' id='word_1_98' title='bbox 894 1956 959 2001; x_wconf 91' lang='lat' dir='ltr'>non</span> <span class='ocrx_word' id='word_1_99' title='bbox 985 1935 1094 2001; x_wconf 87' lang='lat' dir='ltr'>solum</span> <span class='ocrx_word' id='word_1_100' title='bbox 1119 1935 1220 2003; x_wconf 92' lang='lat' dir='ltr'>corde</span> <span class='ocrx_word' id='word_1_101' title='bbox 1245 1935 1386 2003; x_wconf 89' lang='lat' dir='ltr'>credaut</span> <span class='ocrx_word' id='word_1_102' title='bbox 1401 1935 1442 2002; x_wconf 89' lang='lat' dir='ltr'>ad</span> <span class='ocrx_word' id='word_1_103' title='bbox 1460 1938 1632 2010; x_wconf 88' lang='lat' dir='ltr'>iustitiam,</span> <span class='ocrx_word' id='word_1_104' title='bbox 1645 1932 1705 2002; x_wconf 88' lang='lat' dir='ltr'>sed</span> 
     </span>
     <span class='ocr_line' id='line_1_13' title="bbox 476 2042 1704 2130; baseline 0 -23"><span class='ocrx_word' id='word_1_105' title='bbox 476 2044 576 2108; x_wconf 86' lang='lat' dir='ltr'>etiam</span> <span class='ocrx_word' id='word_1_106' title='bbox 600 2063 660 2109; x_wconf 91' lang='lat' dir='ltr'>ore</span> <span class='ocrx_word' id='word_1_107' title='bbox 684 2044 929 2110; x_wconf 84' lang='lat' dir='ltr'>confessionem</span> <span class='ocrx_word' id='word_1_108' title='bbox 945 2044 1073 2112; x_wconf 83' lang='lat' dir='ltr'>iaciant</span> <span class='ocrx_word' id='word_1_109' title='bbox 1095 2043 1136 2108; x_wconf 91' lang='lat' dir='ltr'>ad</span> <span class='ocrx_word' id='word_1_110' title='bbox 1161 2043 1317 2121; x_wconf 89' lang='lat' dir='ltr'>salutem,</span> <span class='ocrx_word' id='word_1_111' title='bbox 1335 2064 1437 2128; x_wconf 87' lang='lat' dir='ltr'>seque</span> <span class='ocrx_word' id='word_1_112' title='bbox 1453 2051 1588 2130; x_wconf 87' lang='lat' dir='ltr'>paratos</span> <span class='ocrx_word' id='word_1_113' title='bbox 1604 2042 1704 2109; x_wconf 77' lang='lat' dir='ltr'>exto-</span> 
     </span>
     <span class='ocr_line' id='line_1_14' title="bbox 475 2151 1344 2238; baseline 0.001 -24"><span class='ocrx_word' id='word_1_114' title='bbox 475 2151 577 2217; x_wconf 91' lang='lat' dir='ltr'>beant</span> <span class='ocrx_word' id='word_1_115' title='bbox 599 2171 660 2237; x_wconf 89' lang='lat' dir='ltr'>pro</span> <span class='ocrx_word' id='word_1_116' title='bbox 684 2151 820 2220; x_wconf 75' lang='lat' dir='ltr'>cbristo</span> <span class='ocrx_word' id='word_1_117' title='bbox 844 2153 943 2218; x_wconf 87' lang='lat' dir='ltr'>etiam</span> <span class='ocrx_word' id='word_1_118' title='bbox 968 2152 1166 2238; x_wconf 86' lang='lat' dir='ltr'>sanguinem</span> <span class='ocrx_word' id='word_1_119' title='bbox 1191 2151 1344 2218; x_wconf 86' lang='lat' dir='ltr'>fundere.</span> 
     </span>
    </p>

    <p class='ocr_par' dir='ltr' id='par_1_5' title="bbox 473 2258 1703 2990">
     <span class='ocr_line' id='line_1_15' title="bbox 539 2258 1703 2342; baseline 0.004 -23"><span class='ocrx_word' id='word_1_120' title='bbox 539 2313 542 2319; x_wconf 92' lang='lat'>.</span> <span class='ocrx_word' id='word_1_121' title='bbox 566 2258 648 2326; x_wconf 88' lang='lat' dir='ltr'>Cum</span> <span class='ocrx_word' id='word_1_122' title='bbox 672 2259 736 2324; x_wconf 88' lang='lat' dir='ltr'>hoc</span> <span class='ocrx_word' id='word_1_123' title='bbox 760 2259 1013 2342; x_wconf 83' lang='lat' dir='ltr'>Sacramentum</span> <span class='ocrx_word' id='word_1_124' title='bbox 1039 2259 1255 2325; x_wconf 83' lang='lat' dir='ltr'>indelebilem</span> <span class='ocrx_word' id='word_1_125' title='bbox 1281 2262 1313 2326; x_wconf 93' lang='lat' dir='ltr'>in</span> <span class='ocrx_word' id='word_1_126' title='bbox 1339 2261 1450 2325; x_wconf 90' lang='lat' dir='ltr'>anima</span> <span class='ocrx_word' id='word_1_127' title='bbox 1472 2259 1703 2325; x_wconf 87' lang='lat' dir='ltr'>characterem</span> 
     </span>
     <span class='ocr_line' id='line_1_16' title="bbox 475 2363 1703 2454; baseline -0.002 -23"><span class='ocrx_word' id='word_1_128' title='bbox 475 2369 650 2452; x_wconf 89' lang='lat' dir='ltr'>imprimat,</span> <span class='ocrx_word' id='word_1_129' title='bbox 668 2369 823 2432; x_wconf 85' lang='lat' dir='ltr'>reiterari</span> <span class='ocrx_word' id='word_1_130' title='bbox 849 2388 916 2434; x_wconf 88' lang='lat' dir='ltr'>non</span> <span class='ocrx_word' id='word_1_131' title='bbox 939 2366 1048 2444; x_wconf 87' lang='lat' dir='ltr'>debet,</span> <span class='ocrx_word' id='word_1_132' title='bbox 1069 2374 1104 2432; x_wconf 89' lang='lat' dir='ltr'>et</span> <span class='ocrx_word' id='word_1_133' title='bbox 1127 2374 1308 2454; x_wconf 83' lang='lat' dir='ltr'>propterea</span> <span class='ocrx_word' id='word_1_134' title='bbox 1331 2369 1387 2452; x_wconf 92' lang='lat' dir='ltr'>qui</span> <span class='ocrx_word' id='word_1_135' title='bbox 1410 2373 1463 2434; x_wconf 87' lang='lat' dir='ltr'>est</span> <span class='ocrx_word' id='word_1_136' title='bbox 1486 2363 1703 2432; x_wconf 85' lang='lat' dir='ltr'>confirmatus</span> 
     </span>
     <span class='ocr_line' id='line_1_17' title="bbox 475 2474 1703 2570; baseline -0.001 -32"><span class='ocrx_word' id='word_1_137' title='bbox 475 2474 515 2538; x_wconf 91' lang='lat' dir='ltr'>ad</span> <span class='ocrx_word' id='word_1_138' title='bbox 540 2474 624 2541; x_wconf 91' lang='lat' dir='ltr'>illud</span> <span class='ocrx_word' id='word_1_139' title='bbox 650 2474 877 2570; x_wconf 85' lang='lat' dir='ltr'>recipiendum</span> <span class='ocrx_word' id='word_1_140' title='bbox 903 2495 967 2542; x_wconf 89' lang='lat' dir='ltr'>non</span> <span class='ocrx_word' id='word_1_141' title='bbox 992 2474 1115 2542; x_wconf 86' lang='lat' dir='ltr'>audeat</span> <span class='ocrx_word' id='word_1_142' title='bbox 1142 2474 1314 2551; x_wconf 86' lang='lat' dir='ltr'>accedere,</span> <span class='ocrx_word' id='word_1_143' title='bbox 1339 2476 1440 2542; x_wconf 88' lang='lat' dir='ltr'>sicuti</span> <span class='ocrx_word' id='word_1_144' title='bbox 1471 2494 1534 2539; x_wconf 90' lang='lat' dir='ltr'>nec</span> <span class='ocrx_word' id='word_1_145' title='bbox 1564 2493 1703 2539; x_wconf 87' lang='lat' dir='ltr'>excom-</span> 
     </span>
     <span class='ocr_line' id='line_1_18' title="bbox 476 2581 1703 2658; baseline 0.001 -13"><span class='ocrx_word' id='word_1_146' title='bbox 476 2581 899 2658; x_wconf 82' lang='lat' dir='ltr'>manicatus,interdictus,</span> <span class='ocrx_word' id='word_1_147' title='bbox 920 2584 954 2647; x_wconf 93' lang='lat' dir='ltr'>in</span> <span class='ocrx_word' id='word_1_148' title='bbox 980 2583 1108 2647; x_wconf 77' lang='lat' dir='ltr'>llirinis</span> <span class='ocrx_word' id='word_1_149' title='bbox 1132 2584 1381 2648; x_wconf 88' lang='lat' dir='ltr'>communicans</span> <span class='ocrx_word' id='word_1_150' title='bbox 1406 2603 1480 2648; x_wconf 94' lang='lat' dir='ltr'>cum</span> <span class='ocrx_word' id='word_1_151' title='bbox 1505 2581 1703 2657; x_wconf 83' lang='lat' dir='ltr'>Haeretiois,</span> 
     </span>
     <span class='ocr_line' id='line_1_19' title="bbox 473 2688 1703 2776; baseline -0.002 -21"><span class='ocrx_word' id='word_1_152' title='bbox 473 2695 532 2755; x_wconf 90' lang='lat' dir='ltr'>aut</span> <span class='ocrx_word' id='word_1_153' title='bbox 556 2689 793 2765; x_wconf 82' lang='lat' dir='ltr'>Schismaticis‚</span> <span class='ocrx_word' id='word_1_154' title='bbox 818 2690 874 2758; x_wconf 83' lang='lat' dir='ltr'>vel</span> <span class='ocrx_word' id='word_1_155' title='bbox 899 2691 955 2773; x_wconf 88' lang='lat' dir='ltr'>qui</span> <span class='ocrx_word' id='word_1_156' title='bbox 979 2691 1065 2756; x_wconf 88' lang='lat' dir='ltr'>ritus</span> <span class='ocrx_word' id='word_1_157' title='bbox 1090 2689 1325 2756; x_wconf 86' lang='lat' dir='ltr'>Idololatricos</span> <span class='ocrx_word' id='word_1_158' title='bbox 1357 2696 1508 2776; x_wconf 84' lang='lat' dir='ltr'>usurpat,</span> <span class='ocrx_word' id='word_1_159' title='bbox 1533 2691 1602 2754; x_wconf 84' lang='lat' dir='ltr'>sive</span> <span class='ocrx_word' id='word_1_160' title='bbox 1634 2688 1703 2753; x_wconf 89' lang='lat' dir='ltr'>alio</span> 
     </span>
     <span class='ocr_line' id='line_1_20' title="bbox 475 2796 1703 2886; baseline -0.002 -24"><span class='ocrx_word' id='word_1_161' title='bbox 475 2797 570 2862; x_wconf 91' lang='lat' dir='ltr'>modo</span> <span class='ocrx_word' id='word_1_162' title='bbox 595 2797 727 2883; x_wconf 88' lang='lat' dir='ltr'>publice</span> <span class='ocrx_word' id='word_1_163' title='bbox 749 2804 875 2884; x_wconf 84' lang='lat' dir='ltr'>peccat;</span> <span class='ocrx_word' id='word_1_164' title='bbox 901 2799 980 2862; x_wconf 86' lang='lat' dir='ltr'>item</span> <span class='ocrx_word' id='word_1_165' title='bbox 997 2799 1052 2882; x_wconf 93' lang='lat' dir='ltr'>qui</span> <span class='ocrx_word' id='word_1_166' title='bbox 1071 2798 1292 2886; x_wconf 82' lang='lat' dir='ltr'>Praeceptum</span> <span class='ocrx_word' id='word_1_167' title='bbox 1314 2799 1480 2865; x_wconf 88' lang='lat' dir='ltr'>Pascbale</span> <span class='ocrx_word' id='word_1_168' title='bbox 1505 2818 1570 2864; x_wconf 90' lang='lat' dir='ltr'>non</span> <span class='ocrx_word' id='word_1_169' title='bbox 1596 2796 1703 2864; x_wconf 90' lang='lat' dir='ltr'>adim-</span> 
     </span>
     <span class='ocr_line' id='line_1_21' title="bbox 476 2906 631 2990; baseline -0.006 -21"><span class='ocrx_word' id='word_1_170' title='bbox 476 2906 631 2990; x_wconf 79' lang='lat' dir='ltr'>plererit.</span> 
     </span>
    </p>

    <p class='ocr_par' dir='ltr' id='par_1_6' title="bbox 473 3011 1704 3726">
     <span class='ocr_line' id='line_1_22' title="bbox 564 3011 1704 3101; baseline 0 -22"><span class='ocrx_word' id='word_1_171' title='bbox 564 3013 714 3079; x_wconf 85' lang='lat' dir='ltr'>Gaveant</span> <span class='ocrx_word' id='word_1_172' title='bbox 738 3011 962 3079; x_wconf 76' lang='lat' dir='ltr'>confirmandi</span> <span class='ocrx_word' id='word_1_173' title='bbox 987 3034 1029 3078; x_wconf 91' lang='lat' dir='ltr'>ne</span> <span class='ocrx_word' id='word_1_174' title='bbox 1054 3014 1188 3080; x_wconf 90' lang='lat' dir='ltr'>sordida</span> <span class='ocrx_word' id='word_1_175' title='bbox 1211 3015 1324 3081; x_wconf 83' lang='lat' dir='ltr'>fronte</span> <span class='ocrx_word' id='word_1_176' title='bbox 1349 3013 1406 3101; x_wconf 82' lang='lat' dir='ltr'>(b),</span> <span class='ocrx_word' id='word_1_177' title='bbox 1424 3014 1622 3101; x_wconf 87' lang='lat' dir='ltr'>capillisque</span> <span class='ocrx_word' id='word_1_178' title='bbox 1646 3014 1704 3080; x_wconf 90' lang='lat' dir='ltr'>im·</span> 
     </span>
     <span class='ocr_line' id='line_1_23' title="bbox 474 3120 1703 3206; baseline 0.001 -20"><span class='ocrx_word' id='word_1_179' title='bbox 474 3122 568 3206; x_wconf 87' lang='lat' dir='ltr'>pexis</span> <span class='ocrx_word' id='word_1_180' title='bbox 592 3120 632 3186; x_wconf 88' lang='lat' dir='ltr'>ad</span> <span class='ocrx_word' id='word_1_181' title='bbox 657 3122 721 3186; x_wconf 87' lang='lat' dir='ltr'>hoe</span> <span class='ocrx_word' id='word_1_182' title='bbox 745 3120 998 3187; x_wconf 84' lang='lat' dir='ltr'>Sacramentum</span> <span class='ocrx_word' id='word_1_183' title='bbox 1033 3123 1206 3199; x_wconf 88' lang='lat' dir='ltr'>accedant,</span> <span class='ocrx_word' id='word_1_184' title='bbox 1232 3123 1381 3189; x_wconf 83' lang='lat' dir='ltr'>restibus</span> <span class='ocrx_word' id='word_1_185' title='bbox 1412 3130 1523 3189; x_wconf 91' lang='lat' dir='ltr'>tamen</span> <span class='ocrx_word' id='word_1_186' title='bbox 1556 3123 1624 3194; x_wconf 87' lang='lat' dir='ltr'>sint</span> <span class='ocrx_word' id='word_1_187' title='bbox 1648 3122 1703 3187; x_wconf 93' lang='lat' dir='ltr'>in-</span> 
     </span>
     <span class='ocr_line' id='line_1_24' title="bbox 474 3228 1701 3316; baseline 0.001 -23"><span class='ocrx_word' id='word_1_188' title='bbox 474 3228 555 3306; x_wconf 90' lang='lat' dir='ltr'>duti,</span> <span class='ocrx_word' id='word_1_189' title='bbox 589 3228 864 3313; x_wconf 83' lang='lat' dir='ltr'>quemadmodum</span> <span class='ocrx_word' id='word_1_190' title='bbox 896 3237 931 3295; x_wconf 88' lang='lat' dir='ltr'>et</span> <span class='ocrx_word' id='word_1_191' title='bbox 963 3230 1104 3305; x_wconf 77' lang='lat' dir='ltr'>patrini,</span> <span class='ocrx_word' id='word_1_192' title='bbox 1133 3230 1347 3316; x_wconf 70' lang='lat' dir='ltr'>simplicibus</span> <span class='ocrx_word' id='word_1_193' title='bbox 1372 3236 1407 3296; x_wconf 88' lang='lat' dir='ltr'>et</span> <span class='ocrx_word' id='word_1_194' title='bbox 1436 3228 1477 3294; x_wconf 90' lang='lat' dir='ltr'>ad</span> <span class='ocrx_word' id='word_1_195' title='bbox 1507 3228 1701 3294; x_wconf 84' lang='lat' dir='ltr'>modestiam</span> 
     </span>
     <span class='ocr_line' id='line_1_25' title="bbox 473 3311 1700 3425; baseline 0.001 -24"><span class='ocrx_word' id='word_1_196' title='bbox 473 3338 673 3423; x_wconf 86' lang='lat' dir='ltr'>compositis.</span> <span class='ocrx_word' id='word_1_197' title='bbox 699 3336 860 3404; x_wconf 82' lang='lat' dir='ltr'>Mulieres</span> <span class='ocrx_word' id='word_1_198' title='bbox 877 3311 958 3403; x_wconf 56' lang='lat' dir='ltr'>iero</span> <span class='ocrx_word' id='word_1_199' title='bbox 977 3337 1062 3403; x_wconf 91' lang='lat' dir='ltr'>illud</span> <span class='ocrx_word' id='word_1_200' title='bbox 1080 3345 1307 3425; x_wconf 84' lang='lat' dir='ltr'>suscepturae,</span> <span class='ocrx_word' id='word_1_201' title='bbox 1325 3346 1359 3405; x_wconf 89' lang='lat' dir='ltr'>et</span> <span class='ocrx_word' id='word_1_202' title='bbox 1375 3357 1459 3422; x_wconf 90' lang='lat' dir='ltr'>quae</span> <span class='ocrx_word' id='word_1_203' title='bbox 1478 3337 1700 3405; x_wconf 85' lang='lat' dir='ltr'>llatrinarum</span> 
     </span>
     <span class='ocr_line' id='line_1_26' title="bbox 474 3442 1700 3522; baseline 0.004 -18"><span class='ocrx_word' id='word_1_204' title='bbox 474 3442 617 3508; x_wconf 84' lang='lat' dir='ltr'>officium</span> <span class='ocrx_word' id='word_1_205' title='bbox 642 3443 860 3520; x_wconf 83' lang='lat' dir='ltr'>exercebunt,</span> <span class='ocrx_word' id='word_1_206' title='bbox 878 3464 944 3512; x_wconf 91' lang='lat' dir='ltr'>non</span> <span class='ocrx_word' id='word_1_207' title='bbox 969 3447 1063 3510; x_wconf 87' lang='lat' dir='ltr'>sein</span> <span class='ocrx_word' id='word_1_208' title='bbox 1089 3445 1244 3510; x_wconf 81' lang='lat' dir='ltr'>Ecclesia</span> <span class='ocrx_word' id='word_1_209' title='bbox 1267 3466 1341 3510; x_wconf 88' lang='lat' dir='ltr'>cum</span> <span class='ocrx_word' id='word_1_210' title='bbox 1367 3445 1461 3509; x_wconf 90' lang='lat' dir='ltr'>vanis</span> <span class='ocrx_word' id='word_1_211' title='bbox 1485 3446 1700 3522; x_wconf 84' lang='lat' dir='ltr'>ornamentis,</span> 
     </span>
     <span class='ocr_line' id='line_1_27' title="bbox 474 3550 1701 3639; baseline 0.002 -25"><span class='ocrx_word' id='word_1_212' title='bbox 474 3556 533 3615; x_wconf 87' lang='lat' dir='ltr'>aut</span> <span class='ocrx_word' id='word_1_213' title='bbox 556 3551 672 3628; x_wconf 83' lang='lat' dir='ltr'>fucata</span> <span class='ocrx_word' id='word_1_214' title='bbox 693 3551 789 3626; x_wconf 76' lang='lat' dir='ltr'>facie.</span> <span class='ocrx_word' id='word_1_215' title='bbox 814 3550 871 3618; x_wconf 90' lang='lat' dir='ltr'>sed</span> <span class='ocrx_word' id='word_1_216' title='bbox 896 3572 971 3620; x_wconf 86' lang='lat' dir='ltr'>oum</span> <span class='ocrx_word' id='word_1_217' title='bbox 996 3553 1084 3618; x_wconf 91' lang='lat' dir='ltr'>omni</span> <span class='ocrx_word' id='word_1_218' title='bbox 1116 3552 1286 3627; x_wconf 88' lang='lat' dir='ltr'>modestia,</span> <span class='ocrx_word' id='word_1_219' title='bbox 1312 3558 1347 3616; x_wconf 89' lang='lat' dir='ltr'>et</span> <span class='ocrx_word' id='word_1_220' title='bbox 1378 3554 1569 3618; x_wconf 83' lang='lat' dir='ltr'>reverentia</span> <span class='ocrx_word' id='word_1_221' title='bbox 1600 3572 1701 3639; x_wconf 88' lang='lat' dir='ltr'>prae·</span> 
     </span>
     <span class='ocr_line' id='line_1_28' title="bbox 474 3664 1387 3726; baseline 0.005 -6"><span class='ocrx_word' id='word_1_222' title='bbox 474 3664 622 3726; x_wconf 81' lang='lat' dir='ltr'>sentent.</span> <span class='ocrx_word' id='word_1_223' title='bbox 1383 3668 1387 3676; x_wconf 88' lang='lat'>&#39;</span> 
     </span>
    </p>

    <p class='ocr_par' dir='ltr' id='par_1_7' title="bbox 474 3767 1700 3967">
     <span class='ocr_line' id='line_1_29' title="bbox 562 3767 1700 3856; baseline -0.002 -22"><span class='ocrx_word' id='word_1_224' title='bbox 562 3767 597 3834; x_wconf 88' lang='lat' dir='ltr'>Si</span> <span class='ocrx_word' id='word_1_225' title='bbox 620 3770 693 3854; x_wconf 88' lang='lat' dir='ltr'>quis</span> <span class='ocrx_word' id='word_1_226' title='bbox 717 3788 759 3833; x_wconf 81' lang='lat' dir='ltr'>ex</span> <span class='ocrx_word' id='word_1_227' title='bbox 785 3767 1028 3838; x_wconf 76' lang='lat' dir='ltr'>confirmandis</span> <span class='ocrx_word' id='word_1_228' title='bbox 1052 3776 1152 3856; x_wconf 86' lang='lat' dir='ltr'>turpe</span> <span class='ocrx_word' id='word_1_229' title='bbox 1176 3788 1307 3844; x_wconf 90' lang='lat' dir='ltr'>nomen,</span> <span class='ocrx_word' id='word_1_230' title='bbox 1332 3769 1388 3834; x_wconf 90' lang='lat' dir='ltr'>vel</span> <span class='ocrx_word' id='word_1_231' title='bbox 1421 3769 1611 3836; x_wconf 85' lang='lat' dir='ltr'>Christiano</span> <span class='ocrx_word' id='word_1_232' title='bbox 1635 3768 1700 3834; x_wconf 91' lang='lat' dir='ltr'>ho·</span> 
     </span>
     <span class='ocr_line' id='line_1_30' title="bbox 474 3875 1698 3967; baseline 0.001 -26"><span class='ocrx_word' id='word_1_233' title='bbox 474 3879 552 3942; x_wconf 87' lang='lat' dir='ltr'>mini</span> <span class='ocrx_word' id='word_1_234' title='bbox 569 3897 636 3946; x_wconf 89' lang='lat' dir='ltr'>non</span> <span class='ocrx_word' id='word_1_235' title='bbox 652 3878 866 3954; x_wconf 85' lang='lat' dir='ltr'>conveniens,</span> <span class='ocrx_word' id='word_1_236' title='bbox 879 3877 1029 3954; x_wconf 88' lang='lat' dir='ltr'>baberet,</span> <span class='ocrx_word' id='word_1_237' title='bbox 1043 3876 1137 3943; x_wconf 92' lang='lat' dir='ltr'>aliud</span> <span class='ocrx_word' id='word_1_238' title='bbox 1154 3878 1187 3942; x_wconf 90' lang='lat' dir='ltr'>in</span> <span class='ocrx_word' id='word_1_239' title='bbox 1206 3875 1464 3948; x_wconf 80' lang='lat' dir='ltr'>Confirmat-ione</span> <span class='ocrx_word' id='word_1_240' title='bbox 1481 3883 1630 3945; x_wconf 72' lang='lat' dir='ltr'>assumat</span> <span class='ocrx_word' id='word_1_241' title='bbox 1643 3877 1698 3967; x_wconf 82' lang='lat' dir='ltr'>(c).</span> 
     </span>
    </p>

    <p class='ocr_par' dir='ltr' id='par_1_8' title="bbox 473 3984 1700 4179">
     <span class='ocr_line' id='line_1_31' title="bbox 561 3984 1699 4072; baseline 0.001 -22"><span class='ocrx_word' id='word_1_242' title='bbox 561 3984 767 4072; x_wconf 79' lang='lat' dir='ltr'>Quamquam</span> <span class='ocrx_word' id='word_1_243' title='bbox 791 3984 832 4050; x_wconf 91' lang='lat' dir='ltr'>de</span> <span class='ocrx_word' id='word_1_244' title='bbox 857 3987 1056 4054; x_wconf 88' lang='lat' dir='ltr'>necessitate</span> <span class='ocrx_word' id='word_1_245' title='bbox 1079 3986 1179 4051; x_wconf 89' lang='lat' dir='ltr'>buius</span> <span class='ocrx_word' id='word_1_246' title='bbox 1203 3985 1413 4052; x_wconf 88' lang='lat' dir='ltr'>Sacramenti</span> <span class='ocrx_word' id='word_1_247' title='bbox 1437 4004 1501 4054; x_wconf 89' lang='lat' dir='ltr'>non</span> <span class='ocrx_word' id='word_1_248' title='bbox 1528 3987 1581 4063; x_wconf 90' lang='lat' dir='ltr'>sit,</span> <span class='ocrx_word' id='word_1_249' title='bbox 1605 3987 1699 4052; x_wconf 90' lang='lat' dir='ltr'>utin</span> 
     </span>
     <span class='ocr_line' id='line_1_32' title="bbox 473 4092 1700 4179; baseline -0.001 -20"><span class='ocrx_word' id='word_1_250' title='bbox 473 4114 520 4164; x_wconf 84' lang='lat' dir='ltr'>eo¹</span> <span class='ocrx_word' id='word_1_251' title='bbox 536 4093 727 4179; x_wconf 84' lang='lat' dir='ltr'>recipiendo</span> <span class='ocrx_word' id='word_1_252' title='bbox 751 4094 921 4162; x_wconf 81' lang='lat' dir='ltr'>Petrinus.</span> <span class='ocrx_word' id='word_1_253' title='bbox 942 4093 997 4159; x_wconf 86' lang='lat' dir='ltr'>rel</span> <span class='ocrx_word' id='word_1_254' title='bbox 1022 4094 1170 4160; x_wconf 88' lang='lat' dir='ltr'>Matrina</span> <span class='ocrx_word' id='word_1_255' title='bbox 1193 4092 1403 4169; x_wconf 62' lang='lat' dir='ltr'>adhibeatur:</span> <span class='ocrx_word' id='word_1_256' title='bbox 1429 4092 1460 4156; x_wconf 94' lang='lat' dir='ltr'>id</span> <span class='ocrx_word' id='word_1_257' title='bbox 1485 4100 1596 4159; x_wconf 89' lang='lat' dir='ltr'>tamen</span> <span class='ocrx_word' id='word_1_258' title='bbox 1621 4093 1700 4159; x_wconf 88' lang='lat' dir='ltr'>lau-</span> 
     </span>
    </p>
   </div>
   <div class='ocr_carea' id='block_1_5' title="bbox 544 4363 1698 4527">
    <p class='ocr_par' dir='ltr' id='par_1_9' title="bbox 544 4363 1698 4527">
     <span class='ocr_line' id='line_1_33' title="bbox 545 4363 1698 4434; baseline -0.001 -14"><span class='ocrx_word' id='word_1_259' title='bbox 545 4366 587 4434; x_wconf 85' lang='lat' dir='ltr'>(o)</span> <span class='ocrx_word' id='word_1_260' title='bbox 608 4363 718 4419; x_wconf 83' lang='lat' dir='ltr'>Benod.</span> <span class='ocrx_word' id='word_1_261' title='bbox 738 4365 817 4419; x_wconf 86' lang='lat' dir='ltr'>XIV.</span> <span class='ocrx_word' id='word_1_262' title='bbox 833 4363 860 4417; x_wconf 90' lang='lat' dir='ltr'>in</span> <span class='ocrx_word' id='word_1_263' title='bbox 876 4364 997 4420; x_wconf 87' lang='lat' dir='ltr'>Constit.</span> <span class='ocrx_word' id='word_1_264' title='bbox 1012 4364 1078 4421; x_wconf 70' lang='lat' dir='ltr'>Etsi</span> <span class='ocrx_word' id='word_1_265' title='bbox 1092 4365 1263 4421; x_wconf 79' lang='lat' dir='ltr'>Posterolis</span> <span class='ocrx_word' id='word_1_266' title='bbox 1279 4370 1304 4430; x_wconf 75' lang='lat'>§-</span> <span class='ocrx_word' id='word_1_267' title='bbox 1319 4368 1345 4419; x_wconf 88' lang='lat'>3.</span> <span class='ocrx_word' id='word_1_268' title='bbox 1360 4382 1436 4420; x_wconf 82' lang='lat' dir='ltr'>nurn.</span> <span class='ocrx_word' id='word_1_269' title='bbox 1455 4364 1660 4422; x_wconf 69' lang='lat' dir='ltr'>tentarem.</span> <span class='ocrx_word' id='word_1_270' title='bbox 1677 4365 1698 4419; x_wconf 88' lang='lat'>1.</span> 
     </span>
     <span class='ocr_line' id='line_1_34' title="bbox 544 4454 1410 4527; baseline 0 -18"><span class='ocrx_word' id='word_1_271' title='bbox 544 4455 584 4524; x_wconf 88' lang='lat' dir='ltr'>(b)</span> <span class='ocrx_word' id='word_1_272' title='bbox 604 4454 715 4512; x_wconf 89' lang='lat' dir='ltr'>Concil.</span> <span class='ocrx_word' id='word_1_273' title='bbox 735 4457 874 4527; x_wconf 84' lang='lat' dir='ltr'>Aquense</span> <span class='ocrx_word' id='word_1_274' title='bbox 894 4471 940 4509; x_wconf 88' lang='lat' dir='ltr'>an.</span> <span class='ocrx_word' id='word_1_275' title='bbox 958 4457 1032 4511; x_wconf 76' lang='lat'>1585.</span> <span class='ocrx_word' id='word_1_276' title='bbox 1053 4455 1211 4511; x_wconf 84' lang='lat' dir='ltr'>instructio</span> <span class='ocrx_word' id='word_1_277' title='bbox 1230 4454 1410 4527; x_wconf 86' lang='lat' dir='ltr'>supradicta.</span> 
     </span>
    </p>
   </div>
   <div class='ocr_carea' id='block_1_6' title="bbox 473 4543 1698 4707">
    <p class='ocr_par' dir='ltr' id='par_1_10' title="bbox 473 4543 1698 4707">
     <span class='ocr_line' id='line_1_35' title="bbox 543 4543 1698 4617; baseline -0.001 -16"><span class='ocrx_word' id='word_1_278' title='bbox 543 4545 581 4614; x_wconf 88' lang='lat' dir='ltr'>(c)</span> <span class='ocrx_word' id='word_1_279' title='bbox 602 4543 712 4601; x_wconf 85' lang='lat' dir='ltr'>Concil.</span> <span class='ocrx_word' id='word_1_280' title='bbox 733 4547 873 4617; x_wconf 85' lang='lat' dir='ltr'>Aquense</span> <span class='ocrx_word' id='word_1_281' title='bbox 901 4561 947 4600; x_wconf 88' lang='lat' dir='ltr'>au.</span> <span class='ocrx_word' id='word_1_282' title='bbox 970 4548 1045 4600; x_wconf 70' lang='lat'>1585.</span> <span class='ocrx_word' id='word_1_283' title='bbox 1067 4543 1177 4602; x_wconf 74' lang='lat' dir='ltr'>Concil,</span> <span class='ocrx_word' id='word_1_284' title='bbox 1198 4545 1337 4602; x_wconf 78' lang='lat' dir='ltr'>Tolosan.</span> <span class='ocrx_word' id='word_1_285' title='bbox 1358 4545 1425 4600; x_wconf 75' lang='lat' dir='ltr'>:roni</span> <span class='ocrx_word' id='word_1_286' title='bbox 1452 4547 1528 4599; x_wconf 71' lang='lat' dir='ltr'>tatur.</span> <span class='ocrx_word' id='word_1_287' title='bbox 1548 4546 1577 4601; x_wconf 87' lang='lat' dir='ltr'>S.</span> <span class='ocrx_word' id='word_1_288' title='bbox 1599 4545 1698 4603; x_wconf 85' lang='lat' dir='ltr'>Curet.</span> 
     </span>
     <span class='ocr_line' id='line_1_36' title="bbox 473 4634 1027 4707; baseline 0.005 -21"><span class='ocrx_word' id='word_1_289' title='bbox 473 4635 558 4688; x_wconf 77' lang='lat' dir='ltr'>llorr.</span> <span class='ocrx_word' id='word_1_290' title='bbox 581 4634 607 4688; x_wconf 82' lang='lat' dir='ltr'>io</span> <span class='ocrx_word' id='word_1_291' title='bbox 629 4636 664 4689; x_wconf 87' lang='lat' dir='ltr'>V.</span> <span class='ocrx_word' id='word_1_292' title='bbox 686 4636 804 4707; x_wconf 69' lang='lat' dir='ltr'>Synodo</span> <span class='ocrx_word' id='word_1_293' title='bbox 827 4634 1027 4690; x_wconf 61' lang='lat' dir='ltr'>nuntiatarum.</span> 
     </span>
    </p>
   </div>
   <div class='ocr_carea' id='block_1_7' title="bbox 0 0 2092 5717">
    <p class='ocr_par' dir='ltr' id='par_1_11' title="bbox 0 0 2092 5717">
     <span class='ocr_line' id='line_1_37' title="bbox 0 0 2092 5717; baseline 0 3"><span class='ocrx_word' id='word_1_294' title='bbox 0 0 2092 5717; x_wconf 95' lang='lat' dir='ltr'> </span> 
     </span>
    </p>
   </div>
  </div>
 </body>
</html>
