4175 5717
521 799 583 864 lto
974 821 1040 870 nto.
1066 821 1112 868 tv.

433 925 554 994 (Ji-cdo.
577 923 732 992 dicentur
765 930 912 994 secunda
934 949 974 992 ac
1005 930 1107 992 tertia
1137 929 1253 1002 oratio
1285 935 1323 992 ut
1353 923 1588 1012 praescribunt
1614 923 1646 990 'tn

430 1033 538 1098 Missis
563 1037 684 1099 sotis-ts
707 1037 883 1120 generales
903 1037 1075 1102 Rubi-icae
1099 1035 1242 1100 Missalis
1265 1034 1316 1100 tit.
1341 1033 1418 1098 Vll.
1435 1051 1529 1098 num.
1543 1031 1575 1098 a
1590 1031 1650 1098 Be·

432 1141 635 1208 neceam
659 1143 807 1210 Βοινιίηο
829 1144 863 1207 in
888 1141 954 1208 flne
976 1153 1012 1208 et
1034 1141 1256 1228 Evangelium
1279 1163 1306 1206 s.
1328 1141 1470 1206 loannis
1494 1139 1540 1206 let
1555 1139 1652 1224 pras

429 1249 520 1332 ‹upio
543 1257 607 1314 etc.
631 1249 726 1324 Quod
749 1253 776 1314 si
801 1249 973 1316 remanda
995 1251 1062 1315 erit
1085 1249 1186 1315 Missa
1208 1247 1416 1334 respondens
1445 1245 1566 1324 officio,
1592 1247 1651 1314 nd·

433 1365 587 1422 vertatur
609 1358 695 1442 quod
718 1361 827 1424 oratio
846 1377 917 1442 pro
939 1375 1069 1440 spem
1093 1365 1125 1423 ct
1147 1375 1279 1440 spem
1308 1375 1376 1420 non
1399 1365 1454 1420 est
1489 1353 1653 1442 iungenda

432 1463 492 1530 sub
516 1465 614 1530 unica
635 1467 852 1532 conclusione
873 1485 950 1530 cnm
973 1466 1080 1551 prima
1102 1465 1263 1538 oratione,
1287 1461 1346 1528 scd
1376 1461 1554 1528 recitanda
1583 1471 1653 1550 post

431 1591 545 1638 omnes
568 1575 746 1648 orationes,
770 1593 830 1639 scu
856 1573 1186 1638 commemorationes
1216 1589 1236 1634 a
1265 1569 1401 1636 rubrica
1429 1569 1653 1658 praescriptae

432 1689 464 1744 et
487 1689 566 1744 ente
589 1680 751 1746 collectas
773 1699 795 1744 a
817 1681 989 1765 superiore
1013 1681 1201 1764 imperatas.

522 1785 571 1850 15.
595 1786 630 1852 Si
654 1787 775 1852 mulier
797 1787 900 1852 luerit
922 1784 1032 1854 vidua
1058 1785 1231 1850 omittetur
1253 1785 1447 1870 nuptiarum
1468 1783 1653 1852 benedictio

430 1896 501 1959 sice
523 1895 693 1959 curationes
709 1907 783 1980 post
801 1895 911 1962 Pater
925 1899 1047 1960 noster
1062 1899 1096 1958 et
1111 1899 1190 1958 ante
1207 1889 1473 1958 benedictionem
1489 1893 1524 1958 in
1546 1891 1653 1958 Minu.

522 2003 572 2066 lii.
597 2001 632 2066 Si
655 2021 721 2086 qua
743 2001 784 2066 de
803 2021 927 2068 caussa
942 2021 963 2066 a
979 2003 1154 2087 superiore
1168 1998 1351 2086 approbata
1366 1999 1574 2066 Matrimonii
1585 1999 1654 2066 inn-

432 2111 500 2174 ctio
522 2109 723 2175 celebranda
745 2117 833 2174 esset
858 2111 973 2195 primis
996 2109 1088 2173 horis
1120 2107 1302 2182 nocturnis,
1334 2107 1512 2173 Parocbus
1543 2107 1653 2176 induet

434 2216 496 2280 sibi
518 2216 799 2302 superpelliceum
822 2227 857 2282 et
879 2216 1000 2282 stolam
1023 2215 1091 2280 albi
1115 2215 1249 2282 coloris.
1277 2233 1382 2298 caque
1412 2217 1526 2280 omnia
1557 2235 1653 2282 exeo-

433 2337 566 2404 qnetur,
600 2343 685 2408 quae
718 2325 871 2410 superius
906 2324 1029 2389 tradita
1068 2333 1146 2388 sunt
1182 2341 1284 2406 usque
1317 2321 1359 2386 nd
1394 2319 1672 2390 celebrationem¹

436 2429 567 2496 llissae.

525 2538 575 2603 lt.
600 2537 697 2605 Ritus
721 2539 785 2608 hic.
810 2539 985 2624 inquibus
1009 2539 1092 2604 locis
1116 2538 1233 2603 nullus
1260 2536 1348 2602 alius
1380 2536 1533 2622 legitime
1562 2539 1654 2604 inre·

435 2661 510 2712 ctus
531 2647 608 2720 erit,
631 2666 676 2711 ex
698 2665 738 2712 eo
761 2646 848 2730 quod
871 2646 1066 2732 praescribit
1099 2643 1236 2710 Sacrum
1268 2643 1455 2711 Concilium
1488 2645 1653 2714 Tridenti-

437 2771 524 2818 nnm.
548 2772 687 2839 prorsus
709 2753 953 2820 observabitur.

472 3074 523 3130 DE
544 3075 838 3133 ssnxnnlcttos'n
858 3077 1039 3134 pisinnan
1062 3077 1216 3134 LAPlDlS
1235 3077 1374 3134 NOVAE
1394 3077 1620 3142 ECCLESlAR

528 3183 809 3242 asncnnootss
828 3184 884 3242 Ex
903 3183 1102 3242 nasonto
1123 3185 1301 3244 nrtscot’l
1322 3185 1571 3246 penneltum

917 3495 1063 3562 CAPUT
1087 3495 1176 3562 Xlll.

443 3709 470 3771 l.
496 3631 719 3793 Postquam
741 3711 924 3797 Episcopus
946 3731 987 3777 ca
1008 3713 1121 3777 omnia
1136 3715 1359 3786 constituerit,
1375 3733 1464 3798 quae
1480 3737 1567 3802 opus
1580 3725 1656 3784 sunt

435 3814 476 3879 ad
499 3834 608 3881 not-ae
630 3817 793 3884 ecclesiae
807 3817 1080 3894 aedificationem,
1099 3818 1260 3886 Sacerdos
1275 3819 1318 3886 ab
1335 3839 1375 3886 eo
1390 3821 1656 3910 delegatosque

437 3921 512 3986 loco
534 3921 732 4008 erigendum
753 3927 819 3990 crit
842 3925 964 3992 Altero
986 3927 1191 4012 primarium,
1215 3940 1314 4012 ponet
1339 3927 1396 3994 sel
1425 3931 1505 4015 poni
1536 3929 1658 3998 iubebit

438 4027 578 4095 Crucem
601 4029 747 4116 ligneam
769 4033 906 4098 maioris
930 4033 1067 4108 formae.
1094 4051 1130 4100 ut
1153 4035 1298 4118 conspici
1322 4035 1437 4118 possit.

523 4137 1077 4214 2.Sunstruenturtundamen1a
1101 4142 1156 4208 rel
1186 4143 1286 4208 etiam
1318 4141 1418 4208 lineis
1449 4145 1659 4214 describetur
1686 4191 1688 4196 -

438 4264 554 4309 eornm
581 4245 686 4310 locus.

524 4353 556 4417 3.
582 4353 851 4440 Quandoquidem
876 4363 909 4423 in
933 4357 1236 4424 substructionibus
1260 4359 1337 4442 ipsis
1354 4361 1539 4428 statuenda
1554 4365 1662 4450 εἰη»-

439 4475 492 4524 tra
514 4459 785 4530 fundamentalis.
809 4464 911 4532 fossio
935 4465 989 4531 liet
1013 4487 1079 4550 quo
1103 4467 1178 4532 loco
1202 4468 1271 4551 ipsa
1294 4465 1358 4530 erit
1381 4464 1598 4548 collocanda,
1618 4471 1663 4536 vi·

438 4563 558 4630 delicet
585 4569 617 4632 in
641 4570 767 4654 angulo
789 4569 930 4638 dextero
960 4573 1103 4640 absidae.
1136 4575 1189 4658 qui
1223 4573 1318 4638 locus
1350 4575 1535 4662 respondet
1565 4577 1663 4648 lateri

440 4671 615 4760 Evangelii
637 4675 766 4744 Altaris
791 4679 949 4766 primarii.
1686 4679 1689 4686 ’
