<?xml version="1.0" encoding="UTF-8"?>
<!DOCTYPE html PUBLIC "-//W3C//DTD XHTML 1.0 Transitional//EN"
    "http://www.w3.org/TR/xhtml1/DTD/xhtml1-transitional.dtd">
<html xmlns="http://www.w3.org/1999/xhtml" xml:lang="en" lang="en">
 <head>
  <title>
</title>
<meta http-equiv="Content-Type" content="text/html;charset=utf-8" />
  <meta name='ocr-system' content='tesseract 3.04.00' />
  <meta name='ocr-capabilities' content='ocr_page ocr_carea ocr_par ocr_line ocrx_word'/>
</head>
<body>
  <div class='ocr_page' id='page_1' title='image "./manualesacrarum00martgoog_0632.png"; bbox 0 0 4175 5717; ppageno 0'>
   <div class='ocr_carea' id='block_1_1' title="bbox 515 781 1093 846">
    <p class='ocr_par' dir='ltr' id='par_1_1' title="bbox 515 781 1093 846">
     <span class='ocr_line' id='line_1_1' title="bbox 515 781 1093 846; baseline -0.003 -2"><span class='ocrx_word' id='word_1_1' title='bbox 515 781 580 846; x_wconf 79' lang='lat'>242</span> <span class='ocrx_word' id='word_1_2' title='bbox 968 799 1034 846; x_wconf 84' lang='lat' dir='ltr'>ma.</span> <span class='ocrx_word' id='word_1_3' title='bbox 1060 801 1093 844; x_wconf 78' lang='grc' dir='ltr'>ιι.</span> 
     </span>
    </p>
   </div>
   <div class='ocr_carea' id='block_1_2' title="bbox 428 887 1657 2709">
    <p class='ocr_par' dir='ltr' id='par_1_2' title="bbox 428 887 1655 1207">
     <span class='ocr_line' id='line_1_2' title="bbox 506 887 1641 992; baseline -0.005 -22"><span class='ocrx_word' id='word_1_4' title='bbox 506 887 566 970; x_wconf 83' lang='lat'>¹93.</span> <span class='ocrx_word' id='word_1_5' title='bbox 591 905 737 972; x_wconf 88' lang='lat' dir='ltr'>Sacrista</span> <span class='ocrx_word' id='word_1_6' title='bbox 759 927 834 972; x_wconf 90' lang='lat' dir='ltr'>curn</span> <span class='ocrx_word' id='word_1_7' title='bbox 863 907 996 971; x_wconf 77' lang='lat' dir='ltr'><strong>clericis</strong></span> <span class='ocrx_word' id='word_1_8' title='bbox 1026 912 1158 992; x_wconf 87' lang='lat' dir='ltr'>praesto</span> <span class='ocrx_word' id='word_1_9' title='bbox 1193 911 1293 970; x_wconf 88' lang='lat' dir='ltr'>crunt</span> <span class='ocrx_word' id='word_1_10' title='bbox 1326 901 1412 991; x_wconf 90' lang='lat' dir='ltr'>apud</span> <span class='ocrx_word' id='word_1_11' title='bbox 1444 901 1562 968; x_wconf 79' lang='lat' dir='ltr'>Altera</span> <span class='ocrx_word' id='word_1_12' title='bbox 1598 899 1641 964; x_wconf 88' lang='lat' dir='ltr'>ad</span> 
     </span>
     <span class='ocr_line' id='line_1_3' title="bbox 428 1007 1655 1090; baseline -0.006 -11"><span class='ocrx_word' id='word_1_13' title='bbox 428 1013 609 1079; x_wconf 80' lang='lat' dir='ltr'>amovenda</span> <span class='ocrx_word' id='word_1_14' title='bbox 632 1021 826 1079; x_wconf 87' lang='lat' dir='ltr'>ornamenta</span> <span class='ocrx_word' id='word_1_15' title='bbox 848 1014 1006 1090; x_wconf 86' lang='lat' dir='ltr'>violacea,</span> <span class='ocrx_word' id='word_1_16' title='bbox 1031 1019 1069 1078; x_wconf 91' lang='lat' dir='ltr'>ut</span> <span class='ocrx_word' id='word_1_17' title='bbox 1092 1013 1188 1077; x_wconf 84' lang='lat' dir='ltr'>infra.</span> <span class='ocrx_word' id='word_1_18' title='bbox 1220 1010 1504 1079; x_wconf 89' lang='lat' dir='ltr'>Caercmoniarius</span> <span class='ocrx_word' id='word_1_19' title='bbox 1530 1007 1655 1084; x_wconf 79' lang='lat' dir='ltr'>bireta·</span> 
     </span>
     <span class='ocr_line' id='line_1_4' title="bbox 429 1120 1500 1207; baseline -0.006 -21"><span class='ocrx_word' id='word_1_20' title='bbox 429 1121 635 1188; x_wconf 90' lang='lat' dir='ltr'>Celebrantis</span> <span class='ocrx_word' id='word_1_21' title='bbox 658 1128 693 1188; x_wconf 92' lang='lat' dir='ltr'>et</span> <span class='ocrx_word' id='word_1_22' title='bbox 714 1123 943 1187; x_wconf 86' lang='lat' dir='ltr'>Ministrorum</span> <span class='ocrx_word' id='word_1_23' title='bbox 966 1123 1106 1207; x_wconf 82' lang='lat' dir='ltr'>accipiet</span> <span class='ocrx_word' id='word_1_24' title='bbox 1128 1127 1205 1186; x_wconf 89' lang='lat' dir='ltr'>ante</span> <span class='ocrx_word' id='word_1_25' title='bbox 1228 1127 1259 1195; x_wconf 69' lang='lat' dir='ltr'>t.</span> <span class='ocrx_word' id='word_1_26' title='bbox 1285 1120 1500 1187; x_wconf 76' lang='lat' dir='ltr'><em>Peccatores.</em></span> 
     </span>
    </p>

    <p class='ocr_par' dir='ltr' id='par_1_3' title="bbox 428 1223 1651 2068">
     <span class='ocr_line' id='line_1_5' title="bbox 516 1223 1643 1312; baseline -0.004 -19"><span class='ocrx_word' id='word_1_27' title='bbox 516 1227 568 1296; x_wconf 81' lang='lat' dir='ltr'>et.</span> <span class='ocrx_word' id='word_1_28' title='bbox 594 1227 702 1303; x_wconf 84' lang='lat' dir='ltr'>Quum</span> <span class='ocrx_word' id='word_1_29' title='bbox 725 1228 914 1295; x_wconf 85' lang='lat' dir='ltr'>cantabitur</span> <span class='ocrx_word' id='word_1_30' title='bbox 936 1235 969 1302; x_wconf 73' lang='lat' dir='ltr'>t.</span> <span class='ocrx_word' id='word_1_31' title='bbox 994 1228 1209 1304; x_wconf 80' lang='lat' dir='ltr'><strong><em>Peccatores,</em></strong></span> <span class='ocrx_word' id='word_1_32' title='bbox 1238 1234 1442 1312; x_wconf 85' lang='lat' dir='ltr'>consurgent</span> <span class='ocrx_word' id='word_1_33' title='bbox 1457 1223 1643 1292; x_wconf 83' lang='lat' dir='ltr'>Celebrans</span> 
     </span>
     <span class='ocr_line' id='line_1_6' title="bbox 428 1333 1643 1422; baseline -0.003 -22"><span class='ocrx_word' id='word_1_34' title='bbox 428 1345 462 1400; x_wconf 91' lang='lat' dir='ltr'>et.</span> <span class='ocrx_word' id='word_1_35' title='bbox 485 1336 637 1410; x_wconf 81' lang='lat' dir='ltr'>llinistri,</span> <span class='ocrx_word' id='word_1_36' title='bbox 655 1357 736 1420; x_wconf 85' lang='lat' dir='ltr'>quos</span> <span class='ocrx_word' id='word_1_37' title='bbox 752 1336 956 1402; x_wconf 80' lang='lat' dir='ltr'>adiuvabant</span> <span class='ocrx_word' id='word_1_38' title='bbox 971 1336 1131 1422; x_wconf 84' lang='lat' dir='ltr'>Acolythi</span> <span class='ocrx_word' id='word_1_39' title='bbox 1148 1343 1181 1401; x_wconf 90' lang='lat' dir='ltr'>et</span> <span class='ocrx_word' id='word_1_40' title='bbox 1198 1335 1492 1408; x_wconf 89' lang='lat' dir='ltr'>Caeremoniarius,</span> <span class='ocrx_word' id='word_1_41' title='bbox 1508 1333 1535 1398; x_wconf 91' lang='lat' dir='ltr'>si</span> <span class='ocrx_word' id='word_1_42' title='bbox 1558 1351 1643 1418; x_wconf 84' lang='lat' dir='ltr'>opus</span> 
     </span>
     <span class='ocr_line' id='line_1_7' title="bbox 430 1439 1645 1530; baseline -0.002 -22"><span class='ocrx_word' id='word_1_43' title='bbox 430 1445 540 1508; x_wconf 83' lang='lat' dir='ltr'>luerit.</span> <span class='ocrx_word' id='word_1_44' title='bbox 565 1443 744 1509; x_wconf 88' lang='lat' dir='ltr'>Celebrans</span> <span class='ocrx_word' id='word_1_45' title='bbox 768 1446 1000 1520; x_wconf 89' lang='lat' dir='ltr'>reverentiam,</span> <span class='ocrx_word' id='word_1_46' title='bbox 1025 1447 1129 1510; x_wconf 90' lang='lat' dir='ltr'>ceteri</span> <span class='ocrx_word' id='word_1_47' title='bbox 1152 1443 1416 1530; x_wconf 81' lang='lat' dir='ltr'>genuflexionem</span> <span class='ocrx_word' id='word_1_48' title='bbox 1440 1443 1567 1508; x_wconf 84' lang='lat' dir='ltr'>facient</span> <span class='ocrx_word' id='word_1_49' title='bbox 1601 1439 1645 1506; x_wconf 90' lang='lat' dir='ltr'>ad</span> 
     </span>
     <span class='ocr_line' id='line_1_8' title="bbox 430 1545 1647 1624; baseline -0.003 -8"><span class='ocrx_word' id='word_1_50' title='bbox 430 1549 568 1616; x_wconf 83' lang='lat' dir='ltr'>Crucem</span> <span class='ocrx_word' id='word_1_51' title='bbox 590 1551 717 1616; x_wconf 88' lang='lat' dir='ltr'>altaris:</span> <span class='ocrx_word' id='word_1_52' title='bbox 743 1551 923 1616; x_wconf 86' lang='lat' dir='ltr'>Celebrans</span> <span class='ocrx_word' id='word_1_53' title='bbox 946 1573 967 1616; x_wconf 88' lang='lat' dir='ltr'>a</span> <span class='ocrx_word' id='word_1_54' title='bbox 990 1551 1144 1624; x_wconf 90' lang='lat' dir='ltr'>Diacono‚</span> <span class='ocrx_word' id='word_1_55' title='bbox 1169 1552 1332 1618; x_wconf 90' lang='lat' dir='ltr'>Diaconus</span> <span class='ocrx_word' id='word_1_56' title='bbox 1355 1557 1466 1618; x_wconf 87' lang='lat' dir='ltr'>autem</span> <span class='ocrx_word' id='word_1_57' title='bbox 1490 1555 1525 1615; x_wconf 91' lang='lat' dir='ltr'>et</span> <span class='ocrx_word' id='word_1_58' title='bbox 1554 1545 1647 1614; x_wconf 91' lang='lat' dir='ltr'>Sub-</span> 
     </span>
     <span class='ocr_line' id='line_1_9' title="bbox 430 1655 1650 1744; baseline 0.002 -24"><span class='ocrx_word' id='word_1_59' title='bbox 430 1658 586 1722; x_wconf 85' lang='lat' dir='ltr'>diaconus</span> <span class='ocrx_word' id='word_1_60' title='bbox 610 1677 630 1722; x_wconf 89' lang='lat' dir='ltr'>a</span> <span class='ocrx_word' id='word_1_61' title='bbox 654 1657 916 1723; x_wconf 87' lang='lat' dir='ltr'>Caeremeniario</span> <span class='ocrx_word' id='word_1_62' title='bbox 940 1661 1103 1744; x_wconf 86' lang='lat' dir='ltr'>accipient</span> <span class='ocrx_word' id='word_1_63' title='bbox 1125 1658 1267 1724; x_wconf 90' lang='lat' dir='ltr'>biretum</span> <span class='ocrx_word' id='word_1_64' title='bbox 1291 1668 1324 1724; x_wconf 88' lang='lat' dir='ltr'>et</span> <span class='ocrx_word' id='word_1_65' title='bbox 1347 1658 1388 1724; x_wconf 93' lang='lat' dir='ltr'>ab</span> <span class='ocrx_word' id='word_1_66' title='bbox 1411 1657 1522 1724; x_wconf 88' lang='lat' dir='ltr'>Altari</span> <span class='ocrx_word' id='word_1_67' title='bbox 1540 1655 1650 1722; x_wconf 86' lang='lat' dir='ltr'>disce-</span> 
     </span>
     <span class='ocr_line' id='line_1_10' title="bbox 430 1764 1650 1852; baseline 0.001 -23"><span class='ocrx_word' id='word_1_68' title='bbox 430 1765 519 1840; x_wconf 90' lang='lat' dir='ltr'>dent,</span> <span class='ocrx_word' id='word_1_69' title='bbox 543 1771 752 1830; x_wconf 87' lang='lat' dir='ltr'>revertentes</span> <span class='ocrx_word' id='word_1_70' title='bbox 775 1764 817 1830; x_wconf 91' lang='lat' dir='ltr'>ad</span> <span class='ocrx_word' id='word_1_71' title='bbox 840 1767 1033 1830; x_wconf 89' lang='lat' dir='ltr'>sacrarium:</span> <span class='ocrx_word' id='word_1_72' title='bbox 1059 1768 1093 1830; x_wconf 94' lang='lat' dir='ltr'>in</span> <span class='ocrx_word' id='word_1_73' title='bbox 1116 1765 1208 1831; x_wconf 89' lang='lat' dir='ltr'>aditu</span> <span class='ocrx_word' id='word_1_74' title='bbox 1231 1765 1431 1852; x_wconf 87' lang='lat' dir='ltr'>presbyterii</span> <span class='ocrx_word' id='word_1_75' title='bbox 1454 1771 1556 1852; x_wconf 86' lang='lat' dir='ltr'>caput</span> <span class='ocrx_word' id='word_1_76' title='bbox 1572 1783 1650 1830; x_wconf 92' lang='lat' dir='ltr'>coo-</span> 
     </span>
     <span class='ocr_line' id='line_1_11' title="bbox 430 1869 1651 1958; baseline 0.002 -22"><span class='ocrx_word' id='word_1_77' title='bbox 430 1874 569 1957; x_wconf 86' lang='lat' dir='ltr'>perient;</span> <span class='ocrx_word' id='word_1_78' title='bbox 593 1871 793 1958; x_wconf 88' lang='lat' dir='ltr'>praecedent</span> <span class='ocrx_word' id='word_1_79' title='bbox 815 1872 879 1936; x_wconf 93' lang='lat' dir='ltr'>duo</span> <span class='ocrx_word' id='word_1_80' title='bbox 903 1873 1063 1958; x_wconf 80' lang='lat' dir='ltr'>Acolythi</span> <span class='ocrx_word' id='word_1_81' title='bbox 1086 1873 1205 1938; x_wconf 91' lang='lat' dir='ltr'>iunctis</span> <span class='ocrx_word' id='word_1_82' title='bbox 1230 1871 1389 1950; x_wconf 89' lang='lat' dir='ltr'>manibus,</span> <span class='ocrx_word' id='word_1_83' title='bbox 1413 1878 1483 1936; x_wconf 89' lang='lat' dir='ltr'>tum</span> <span class='ocrx_word' id='word_1_84' title='bbox 1507 1869 1651 1938; x_wconf 85' lang='lat' dir='ltr'>Subdia·</span> 
     </span>
     <span class='ocr_line' id='line_1_12' title="bbox 430 1978 1333 2068; baseline -0.002 -23"><span class='ocrx_word' id='word_1_85' title='bbox 430 2000 542 2054; x_wconf 88' lang='lat' dir='ltr'>conus‚</span> <span class='ocrx_word' id='word_1_86' title='bbox 567 1981 730 2045; x_wconf 87' lang='lat' dir='ltr'>Diaconus</span> <span class='ocrx_word' id='word_1_87' title='bbox 753 1986 788 2045; x_wconf 90' lang='lat' dir='ltr'>et</span> <span class='ocrx_word' id='word_1_88' title='bbox 811 1978 991 2045; x_wconf 82' lang='lat' dir='ltr'>Celebrana</span> <span class='ocrx_word' id='word_1_89' title='bbox 1015 1979 1101 2046; x_wconf 91' lang='lat' dir='ltr'>alius</span> <span class='ocrx_word' id='word_1_90' title='bbox 1125 1987 1199 2068; x_wconf 92' lang='lat' dir='ltr'>post</span> <span class='ocrx_word' id='word_1_91' title='bbox 1221 1982 1333 2045; x_wconf 91' lang='lat' dir='ltr'>alium.</span> 
     </span>
    </p>

    <p class='ocr_par' dir='ltr' id='par_1_4' title="bbox 431 2086 1657 2709">
     <span class='ocr_line' id='line_1_13' title="bbox 517 2086 1654 2173; baseline 0.001 -23"><span class='ocrx_word' id='word_1_92' title='bbox 517 2086 570 2150; x_wconf 77' lang='grc'>95.</span> <span class='ocrx_word' id='word_1_93' title='bbox 595 2087 631 2150; x_wconf 92' lang='lat' dir='ltr'>ln</span> <span class='ocrx_word' id='word_1_94' title='bbox 655 2088 838 2152; x_wconf 86' lang='lat' dir='ltr'>sacrarium</span> <span class='ocrx_word' id='word_1_95' title='bbox 860 2107 961 2170; x_wconf 91' lang='lat' dir='ltr'>quum</span> <span class='ocrx_word' id='word_1_96' title='bbox 985 2089 1147 2164; x_wconf 89' lang='lat' dir='ltr'>venerint,</span> <span class='ocrx_word' id='word_1_97' title='bbox 1172 2095 1272 2173; x_wconf 90' lang='lat' dir='ltr'>caput</span> <span class='ocrx_word' id='word_1_98' title='bbox 1286 2087 1468 2163; x_wconf 86' lang='lat' dir='ltr'>nudabunt,</span> <span class='ocrx_word' id='word_1_99' title='bbox 1489 2105 1654 2152; x_wconf 87' lang='lat' dir='ltr'>reveren-</span> 
     </span>
     <span class='ocr_line' id='line_1_14' title="bbox 432 2193 1653 2281; baseline 0.002 -23"><span class='ocrx_word' id='word_1_100' title='bbox 432 2195 508 2258; x_wconf 85' lang='lat' dir='ltr'>tiam</span> <span class='ocrx_word' id='word_1_101' title='bbox 531 2193 657 2258; x_wconf 78' lang='lat' dir='ltr'>sacient</span> <span class='ocrx_word' id='word_1_102' title='bbox 678 2193 719 2258; x_wconf 88' lang='lat' dir='ltr'>ad</span> <span class='ocrx_word' id='word_1_103' title='bbox 744 2193 884 2258; x_wconf 80' lang='lat' dir='ltr'>Crucem</span> <span class='ocrx_word' id='word_1_104' title='bbox 907 2193 962 2258; x_wconf 89' lang='lat' dir='ltr'>vel</span> <span class='ocrx_word' id='word_1_105' title='bbox 985 2194 1027 2259; x_wconf 91' lang='lat' dir='ltr'>ad</span> <span class='ocrx_word' id='word_1_106' title='bbox 1050 2195 1224 2280; x_wconf 85' lang='lat' dir='ltr'>imaginem</span> <span class='ocrx_word' id='word_1_107' title='bbox 1246 2196 1467 2281; x_wconf 90' lang='lat' dir='ltr'>praecipuam,</span> <span class='ocrx_word' id='word_1_108' title='bbox 1483 2193 1653 2260; x_wconf 84' lang='lat' dir='ltr'>accedent</span> 
     </span>
     <span class='ocr_line' id='line_1_15' title="bbox 432 2301 1656 2388; baseline 0.002 -22"><span class='ocrx_word' id='word_1_109' title='bbox 432 2303 472 2366; x_wconf 90' lang='lat' dir='ltr'>ad</span> <span class='ocrx_word' id='word_1_110' title='bbox 499 2301 653 2378; x_wconf 86' lang='lat' dir='ltr'>tabulam,</span> <span class='ocrx_word' id='word_1_111' title='bbox 679 2303 711 2366; x_wconf 92' lang='lat' dir='ltr'>in</span> <span class='ocrx_word' id='word_1_112' title='bbox 735 2322 799 2386; x_wconf 90' lang='lat' dir='ltr'>qua</span> <span class='ocrx_word' id='word_1_113' title='bbox 822 2301 978 2388; x_wconf 87' lang='lat' dir='ltr'>disposita</span> <span class='ocrx_word' id='word_1_114' title='bbox 1002 2309 1103 2368; x_wconf 91' lang='lat' dir='ltr'>erunt</span> <span class='ocrx_word' id='word_1_115' title='bbox 1126 2309 1318 2388; x_wconf 88' lang='lat' dir='ltr'>paramenta</span> <span class='ocrx_word' id='word_1_116' title='bbox 1340 2301 1407 2368; x_wconf 90' lang='lat' dir='ltr'>albi</span> <span class='ocrx_word' id='word_1_117' title='bbox 1424 2301 1558 2378; x_wconf 90' lang='lat' dir='ltr'>coloris;</span> <span class='ocrx_word' id='word_1_118' title='bbox 1576 2301 1656 2368; x_wconf 87' lang='lat' dir='ltr'>Dia·</span> 
     </span>
     <span class='ocr_line' id='line_1_16' title="bbox 432 2407 1654 2494; baseline 0.002 -20"><span class='ocrx_word' id='word_1_119' title='bbox 432 2429 534 2474; x_wconf 89' lang='lat' dir='ltr'>conus</span> <span class='ocrx_word' id='word_1_120' title='bbox 558 2414 592 2474; x_wconf 89' lang='lat' dir='ltr'>et</span> <span class='ocrx_word' id='word_1_121' title='bbox 614 2407 794 2474; x_wconf 89' lang='lat' dir='ltr'>Celebrans</span> <span class='ocrx_word' id='word_1_122' title='bbox 817 2408 983 2494; x_wconf 82' lang='lat' dir='ltr'>deponent</span> <span class='ocrx_word' id='word_1_123' title='bbox 1007 2410 1129 2474; x_wconf 89' lang='lat' dir='ltr'>stolam</span> <span class='ocrx_word' id='word_1_124' title='bbox 1153 2409 1343 2486; x_wconf 84' lang='lat' dir='ltr'>violaceam,</span> <span class='ocrx_word' id='word_1_125' title='bbox 1369 2417 1438 2476; x_wconf 89' lang='lat' dir='ltr'>turn</span> <span class='ocrx_word' id='word_1_126' title='bbox 1464 2409 1654 2476; x_wconf 75' lang='lat' dir='ltr'>Calabram</span> 
     </span>
     <span class='ocr_line' id='line_1_17' title="bbox 431 2515 1655 2603; baseline 0.001 -22"><span class='ocrx_word' id='word_1_127' title='bbox 431 2521 466 2581; x_wconf 92' lang='lat' dir='ltr'>et</span> <span class='ocrx_word' id='word_1_128' title='bbox 492 2523 631 2599; x_wconf 85' lang='lat' dir='ltr'>uterque</span> <span class='ocrx_word' id='word_1_129' title='bbox 654 2517 806 2581; x_wconf 75' lang='lat' dir='ltr'>Minister</span> <span class='ocrx_word' id='word_1_130' title='bbox 829 2515 1010 2581; x_wconf 90' lang='lat' dir='ltr'>induentur</span> <span class='ocrx_word' id='word_1_131' title='bbox 1033 2519 1232 2603; x_wconf 86' lang='lat' dir='ltr'>paramentis</span> <span class='ocrx_word' id='word_1_132' title='bbox 1256 2516 1350 2582; x_wconf 87' lang='lat' dir='ltr'>albis.</span> <span class='ocrx_word' id='word_1_133' title='bbox 1376 2517 1410 2582; x_wconf 84' lang='lat' dir='ltr'>Si</span> <span class='ocrx_word' id='word_1_134' title='bbox 1444 2515 1655 2582; x_wconf 86' lang='lat' dir='ltr'>candelabra</span> 
     </span>
     <span class='ocr_line' id='line_1_18' title="bbox 431 2622 1657 2709; baseline 0.002 -21"><span class='ocrx_word' id='word_1_135' title='bbox 431 2624 675 2709; x_wconf 82' lang='lat' dir='ltr'>Aeolythorum</span> <span class='ocrx_word' id='word_1_136' title='bbox 699 2629 895 2709; x_wconf 83' lang='lat' dir='ltr'>praeparata</span> <span class='ocrx_word' id='word_1_137' title='bbox 916 2633 1017 2688; x_wconf 91' lang='lat' dir='ltr'>erunt</span> <span class='ocrx_word' id='word_1_138' title='bbox 1040 2625 1073 2687; x_wconf 95' lang='lat' dir='ltr'>in</span> <span class='ocrx_word' id='word_1_139' title='bbox 1097 2624 1255 2700; x_wconf 89' lang='lat' dir='ltr'>sacrario,</span> <span class='ocrx_word' id='word_1_140' title='bbox 1279 2643 1318 2688; x_wconf 90' lang='lat' dir='ltr'>eo</span> <span class='ocrx_word' id='word_1_141' title='bbox 1335 2622 1421 2708; x_wconf 91' lang='lat' dir='ltr'>quod</span> <span class='ocrx_word' id='word_1_142' title='bbox 1436 2623 1583 2690; x_wconf 86' lang='lat' dir='ltr'>ecclesia</span> <span class='ocrx_word' id='word_1_143' title='bbox 1599 2643 1657 2690; x_wconf 88' lang='lat' dir='ltr'>ca-</span> 
     </span>
    </p>
   </div>
   <div class='ocr_carea' id='block_1_3' title="bbox 432 2857 1659 4724">
    <p class='ocr_par' dir='ltr' id='par_1_5' title="bbox 432 2857 1659 4724">
     <span class='ocr_line' id='line_1_19' title="bbox 432 2857 1655 2916; baseline 0.002 -2"><span class='ocrx_word' id='word_1_144' title='bbox 432 2859 641 2916; x_wconf 81' lang='lat' dir='ltr'>rceertentibcr</span> <span class='ocrx_word' id='word_1_145' title='bbox 659 2857 819 2916; x_wconf 78' lang='lat' dir='ltr'>Sacerdote</span> <span class='ocrx_word' id='word_1_146' title='bbox 837 2863 866 2915; x_wconf 91' lang='lat' dir='ltr'>et</span> <span class='ocrx_word' id='word_1_147' title='bbox 884 2859 1038 2915; x_wconf 70' lang='lat' dir='ltr'>Ministrts</span> <span class='ocrx_word' id='word_1_148' title='bbox 1058 2859 1098 2916; x_wconf 86' lang='lat' dir='ltr'>cd</span> <span class='ocrx_word' id='word_1_149' title='bbox 1117 2859 1231 2915; x_wconf 86' lang='lat' dir='ltr'>Altare.</span> <span class='ocrx_word' id='word_1_150' title='bbox 1252 2859 1385 2914; x_wconf 86' lang='lat' dir='ltr'>Verbum</span> <span class='ocrx_word' id='word_1_151' title='bbox 1405 2857 1474 2915; x_wconf 89' lang='lat' dir='ltr'>illud</span> <span class='ocrx_word' id='word_1_152' title='bbox 1494 2861 1655 2916; x_wconf 77' lang='lat' dir='ltr'>reuerteri-</span> 
     </span>
     <span class='ocr_line' id='line_1_20' title="bbox 433 2945 1657 3020; baseline -0.002 -14"><span class='ocrx_word' id='word_1_153' title='bbox 433 2951 508 3006; x_wconf 78' lang='lat' dir='ltr'>tilms</span> <span class='ocrx_word' id='word_1_154' title='bbox 529 2947 640 3004; x_wconf 86' lang='lat' dir='ltr'>induxit</span> <span class='ocrx_word' id='word_1_155' title='bbox 658 2949 799 3020; x_wconf 89' lang='lat' dir='ltr'>quosdam</span> <span class='ocrx_word' id='word_1_156' title='bbox 819 2957 855 3004; x_wconf 85' lang='lat' dir='ltr'>ud</span> <span class='ocrx_word' id='word_1_157' title='bbox 874 2948 1068 3008; x_wconf 80' lang='lat' dir='ltr'>statuendum,</span> <span class='ocrx_word' id='word_1_158' title='bbox 1089 2956 1120 3004; x_wconf 93' lang='lat' dir='ltr'>ut</span> <span class='ocrx_word' id='word_1_159' title='bbox 1139 2947 1270 3004; x_wconf 89' lang='lat' dir='ltr'>Litaniae</span> <span class='ocrx_word' id='word_1_160' title='bbox 1298 2947 1474 3020; x_wconf 87' lang='lat' dir='ltr'>incipiantur</span> <span class='ocrx_word' id='word_1_161' title='bbox 1496 2945 1525 3002; x_wconf 95' lang='lat' dir='ltr'>in</span> <span class='ocrx_word' id='word_1_162' title='bbox 1553 2947 1657 3004; x_wconf 87' lang='lat' dir='ltr'>reditu</span> 
     </span>
     <span class='ocr_line' id='line_1_21' title="bbox 432 3035 1654 3110; baseline 0.001 -17"><span class='ocrx_word' id='word_1_163' title='bbox 432 3057 450 3093; x_wconf 84' lang='lat' dir='ltr'>a</span> <span class='ocrx_word' id='word_1_164' title='bbox 469 3041 547 3094; x_wconf 88' lang='lat' dir='ltr'>sonte</span> <span class='ocrx_word' id='word_1_165' title='bbox 566 3039 602 3093; x_wconf 86' lang='lat' dir='ltr'>ad</span> <span class='ocrx_word' id='word_1_166' title='bbox 621 3037 732 3094; x_wconf 83' lang='lat' dir='ltr'>Altarc.</span> <span class='ocrx_word' id='word_1_167' title='bbox 753 3039 865 3094; x_wconf 77' lang='lat' dir='ltr'>Rursus</span> <span class='ocrx_word' id='word_1_168' title='bbox 884 3037 1107 3095; x_wconf 79' lang='lat' dir='ltr'>caeremoniale</span> <span class='ocrx_word' id='word_1_169' title='bbox 1135 3039 1347 3110; x_wconf 85' lang='lat' dir='ltr'>Episcopornm</span> <span class='ocrx_word' id='word_1_170' title='bbox 1376 3035 1535 3109; x_wconf 85' lang='lat' dir='ltr'>perspicue</span> <span class='ocrx_word' id='word_1_171' title='bbox 1565 3043 1654 3094; x_wconf 84' lang='lat' dir='ltr'>notat</span> 
     </span>
     <span class='ocr_line' id='line_1_22' title="bbox 434 3125 1658 3200; baseline 0.001 -17"><span class='ocrx_word' id='word_1_172' title='bbox 434 3128 546 3184; x_wconf 65' lang='lat' dir='ltr'>territari</span> <span class='ocrx_word' id='word_1_173' title='bbox 567 3135 718 3200; x_wconf 84' lang='lat' dir='ltr'>postquem</span> <span class='ocrx_word' id='word_1_174' title='bbox 737 3129 899 3186; x_wconf 90' lang='lat' dir='ltr'>Celebrans</span> <span class='ocrx_word' id='word_1_175' title='bbox 919 3145 984 3182; x_wconf 91' lang='lat' dir='ltr'>cum</span> <span class='ocrx_word' id='word_1_176' title='bbox 1004 3127 1124 3200; x_wconf 88' lang='lat' dir='ltr'>reliquis</span> <span class='ocrx_word' id='word_1_177' title='bbox 1143 3128 1179 3182; x_wconf 90' lang='lat' dir='ltr'>ad</span> <span class='ocrx_word' id='word_1_178' title='bbox 1204 3129 1306 3184; x_wconf 83' lang='lat' dir='ltr'>Altero</span> <span class='ocrx_word' id='word_1_179' title='bbox 1335 3125 1470 3200; x_wconf 80' lang='lat' dir='ltr'>pervenit</span> <span class='ocrx_word' id='word_1_180' title='bbox 1493 3133 1524 3182; x_wconf 87' lang='lat' dir='ltr'>et</span> <span class='ocrx_word' id='word_1_181' title='bbox 1549 3143 1658 3198; x_wconf 79' lang='lat' dir='ltr'>genua</span> 
     </span>
     <span class='ocr_line' id='line_1_23' title="bbox 433 3215 1657 3289; baseline 0.002 -20"><span class='ocrx_word' id='word_1_182' title='bbox 433 3217 573 3283; x_wconf 75' lang='lat' dir='ltr'>sulunisit</span> <span class='ocrx_word' id='word_1_183' title='bbox 593 3217 782 3274; x_wconf 85' lang='lat' dir='ltr'>etiamsinon</span> <span class='ocrx_word' id='word_1_184' title='bbox 802 3217 934 3274; x_wconf 86' lang='lat' dir='ltr'>celebret</span> <span class='ocrx_word' id='word_1_185' title='bbox 951 3234 1046 3289; x_wconf 87' lang='lat' dir='ltr'>neque</span> <span class='ocrx_word' id='word_1_186' title='bbox 1066 3217 1188 3272; x_wconf 86' lang='lat' dir='ltr'>adsistat</span> <span class='ocrx_word' id='word_1_187' title='bbox 1205 3217 1376 3289; x_wconf 80' lang='lat' dir='ltr'>Episcopus,</span> <span class='ocrx_word' id='word_1_188' title='bbox 1398 3217 1481 3272; x_wconf 87' lang='lat' dir='ltr'>Hanc</span> <span class='ocrx_word' id='word_1_189' title='bbox 1500 3215 1539 3271; x_wconf 92' lang='lat' dir='ltr'>ob</span> <span class='ocrx_word' id='word_1_190' title='bbox 1559 3231 1657 3272; x_wconf 87' lang='lat' dir='ltr'>caus·</span> 
     </span>
     <span class='ocr_line' id='line_1_24' title="bbox 433 3303 1657 3378; baseline 0.002 -18"><span class='ocrx_word' id='word_1_191' title='bbox 433 3326 495 3363; x_wconf 83' lang='lat' dir='ltr'>sam</span> <span class='ocrx_word' id='word_1_192' title='bbox 515 3306 562 3362; x_wconf 88' lang='lat' dir='ltr'>alii</span> <span class='ocrx_word' id='word_1_193' title='bbox 582 3307 764 3378; x_wconf 84' lang='lat' dir='ltr'>scripserunt</span> <span class='ocrx_word' id='word_1_194' title='bbox 782 3305 911 3363; x_wconf 82' lang='lat' dir='ltr'>Litanias</span> <span class='ocrx_word' id='word_1_195' title='bbox 930 3306 1079 3363; x_wconf 84' lang='lat' dir='ltr'>canendas</span> <span class='ocrx_word' id='word_1_196' title='bbox 1098 3325 1164 3362; x_wconf 84' lang='lat' dir='ltr'>esso</span> <span class='ocrx_word' id='word_1_197' title='bbox 1184 3315 1251 3362; x_wconf 87' lang='lat' dir='ltr'>ante</span> <span class='ocrx_word' id='word_1_198' title='bbox 1272 3306 1382 3362; x_wconf 80' lang='lat' dir='ltr'>Altare.</span> <span class='ocrx_word' id='word_1_199' title='bbox 1402 3303 1511 3362; x_wconf 90' lang='lat' dir='ltr'>Merati</span> <span class='ocrx_word' id='word_1_200' title='bbox 1531 3303 1657 3362; x_wconf 78' lang='lat' dir='ltr'>innixus</span> 
     </span>
     <span class='ocr_line' id='line_1_25' title="bbox 434 3392 1657 3470; baseline 0.002 -22"><span class='ocrx_word' id='word_1_201' title='bbox 434 3397 583 3469; x_wconf 79' lang='lat' dir='ltr'>principio.</span> <span class='ocrx_word' id='word_1_202' title='bbox 602 3397 679 3470; x_wconf 75' lang='lat' dir='ltr'>rpuod</span> <span class='ocrx_word' id='word_1_203' title='bbox 697 3397 797 3453; x_wconf 85' lang='lat' dir='ltr'>statuit</span> <span class='ocrx_word' id='word_1_204' title='bbox 815 3407 845 3452; x_wconf 91' lang='lat' dir='ltr'>ct</span> <span class='ocrx_word' id='word_1_205' title='bbox 863 3413 916 3451; x_wconf 89' lang='lat' dir='ltr'>nos</span> <span class='ocrx_word' id='word_1_206' title='bbox 936 3395 1088 3452; x_wconf 86' lang='lat' dir='ltr'>retulimus</span> <span class='ocrx_word' id='word_1_207' title='bbox 1107 3413 1184 3452; x_wconf 91' lang='lat' dir='ltr'>num.</span> <span class='ocrx_word' id='word_1_208' title='bbox 1204 3395 1267 3453; x_wconf 87' lang='lat' dir='ltr'>Xll.</span> <span class='ocrx_word' id='word_1_209' title='bbox 1289 3395 1375 3450; x_wconf 87' lang='lat' dir='ltr'>docet</span> <span class='ocrx_word' id='word_1_210' title='bbox 1388 3394 1416 3450; x_wconf 92' lang='lat' dir='ltr'>in</span> <span class='ocrx_word' id='word_1_211' title='bbox 1430 3392 1657 3450; x_wconf 81' lang='lat' dir='ltr'>cathedralibus</span> 
     </span>
     <span class='ocr_line' id='line_1_26' title="bbox 434 3481 1659 3557; baseline -0.002 -15"><span class='ocrx_word' id='word_1_212' title='bbox 434 3487 594 3542; x_wconf 83' lang='lat' dir='ltr'>cantandas</span> <span class='ocrx_word' id='word_1_213' title='bbox 613 3503 681 3542; x_wconf 83' lang='lat' dir='ltr'>esse</span> <span class='ocrx_word' id='word_1_214' title='bbox 700 3493 769 3541; x_wconf 88' lang='lat' dir='ltr'>ante</span> <span class='ocrx_word' id='word_1_215' title='bbox 788 3486 899 3551; x_wconf 82' lang='lat' dir='ltr'>Altero,</span> <span class='ocrx_word' id='word_1_216' title='bbox 918 3484 946 3539; x_wconf 91' lang='lat' dir='ltr'>in</span> <span class='ocrx_word' id='word_1_217' title='bbox 967 3483 1031 3540; x_wconf 83' lang='lat' dir='ltr'>aliis</span> <span class='ocrx_word' id='word_1_218' title='bbox 1051 3495 1149 3541; x_wconf 88' lang='lat' dir='ltr'>autem</span> <span class='ocrx_word' id='word_1_219' title='bbox 1169 3483 1303 3540; x_wconf 86' lang='lat' dir='ltr'>ecclesiis</span> <span class='ocrx_word' id='word_1_220' title='bbox 1323 3483 1473 3557; x_wconf 83' lang='lat' dir='ltr'>perviam</span> <span class='ocrx_word' id='word_1_221' title='bbox 1493 3481 1523 3538; x_wconf 90' lang='lat' dir='ltr'>in</span> <span class='ocrx_word' id='word_1_222' title='bbox 1553 3481 1659 3540; x_wconf 87' lang='lat' dir='ltr'>reditu</span> 
     </span>
     <span class='ocr_line' id='line_1_27' title="bbox 434 3573 1659 3646; baseline 0 -16"><span class='ocrx_word' id='word_1_223' title='bbox 434 3576 470 3631; x_wconf 87' lang='lat' dir='ltr'>ad</span> <span class='ocrx_word' id='word_1_224' title='bbox 490 3578 606 3631; x_wconf 86' lang='lat' dir='ltr'>lentem.</span> <span class='ocrx_word' id='word_1_225' title='bbox 626 3577 688 3632; x_wconf 79' lang='lat' dir='ltr'>Nos</span> <span class='ocrx_word' id='word_1_226' title='bbox 707 3593 779 3630; x_wconf 86' lang='lat' dir='ltr'>vero</span> <span class='ocrx_word' id='word_1_227' title='bbox 798 3575 886 3631; x_wconf 87' lang='lat' dir='ltr'>citato</span> <span class='ocrx_word' id='word_1_228' title='bbox 907 3591 1030 3630; x_wconf 90' lang='lat' dir='ltr'>numero</span> <span class='ocrx_word' id='word_1_229' title='bbox 1059 3574 1115 3630; x_wconf 87' lang='lat' dir='ltr'>ium</span> <span class='ocrx_word' id='word_1_230' title='bbox 1145 3573 1317 3638; x_wconf 78' lang='lat' dir='ltr'>monuimus.</span> <span class='ocrx_word' id='word_1_231' title='bbox 1346 3573 1512 3646; x_wconf 90' lang='lat' dir='ltr'>opinionem</span> <span class='ocrx_word' id='word_1_232' title='bbox 1542 3573 1659 3630; x_wconf 87' lang='lat' dir='ltr'>Merati</span> 
     </span>
     <span class='ocr_line' id='line_1_28' title="bbox 435 3661 1658 3737; baseline -0.001 -18"><span class='ocrx_word' id='word_1_233' title='bbox 435 3666 612 3737; x_wconf 88' lang='lat' dir='ltr'>probandam</span> <span class='ocrx_word' id='word_1_234' title='bbox 633 3683 699 3721; x_wconf 88' lang='lat' dir='ltr'>osse</span> <span class='ocrx_word' id='word_1_235' title='bbox 719 3664 747 3720; x_wconf 92' lang='lat' dir='ltr'>in</span> <span class='ocrx_word' id='word_1_236' title='bbox 766 3665 800 3720; x_wconf 88' lang='lat' dir='ltr'>iis</span> <span class='ocrx_word' id='word_1_237' title='bbox 820 3665 936 3720; x_wconf 85' lang='lat' dir='ltr'>casibus</span> <span class='ocrx_word' id='word_1_238' title='bbox 951 3671 1070 3730; x_wconf 88' lang='lat' dir='ltr'>tautum,</span> <span class='ocrx_word' id='word_1_239' title='bbox 1084 3663 1187 3737; x_wconf 91' lang='lat' dir='ltr'>quibus</span> <span class='ocrx_word' id='word_1_240' title='bbox 1200 3669 1281 3736; x_wconf 88' lang='lat' dir='ltr'>patet</span> <span class='ocrx_word' id='word_1_241' title='bbox 1293 3663 1451 3720; x_wconf 88' lang='lat' dir='ltr'>discrimen</span> <span class='ocrx_word' id='word_1_242' title='bbox 1464 3661 1658 3720; x_wconf 88' lang='lat' dir='ltr'>rubricarum</span> 
     </span>
     <span class='ocr_line' id='line_1_29' title="bbox 434 3751 1659 3826; baseline -0.002 -16"><span class='ocrx_word' id='word_1_243' title='bbox 434 3753 562 3810; x_wconf 86' lang='lat' dir='ltr'>Missalis</span> <span class='ocrx_word' id='word_1_244' title='bbox 581 3761 611 3810; x_wconf 91' lang='lat' dir='ltr'>et</span> <span class='ocrx_word' id='word_1_245' title='bbox 629 3754 868 3812; x_wconf 84' lang='lat' dir='ltr'>Caeremonialis.</span> <span class='ocrx_word' id='word_1_246' title='bbox 888 3755 947 3811; x_wconf 86' lang='lat' dir='ltr'>Sed</span> <span class='ocrx_word' id='word_1_247' title='bbox 967 3754 996 3809; x_wconf 91' lang='lat' dir='ltr'>iu</span> <span class='ocrx_word' id='word_1_248' title='bbox 1014 3771 1086 3810; x_wconf 83' lang='lat' dir='ltr'>casu</span> <span class='ocrx_word' id='word_1_249' title='bbox 1106 3753 1255 3825; x_wconf 82' lang='lat' dir='ltr'>praesenti</span> <span class='ocrx_word' id='word_1_250' title='bbox 1277 3753 1395 3809; x_wconf 89' lang='lat' dir='ltr'>rubrica</span> <span class='ocrx_word' id='word_1_251' title='bbox 1415 3759 1460 3810; x_wconf 88' lang='lat' dir='ltr'>est</span> <span class='ocrx_word' id='word_1_252' title='bbox 1484 3751 1659 3826; x_wconf 78' lang='lat' dir='ltr'>perspicua,</span> 
     </span>
     <span class='ocr_line' id='line_1_30' title="bbox 436 3841 1659 3916; baseline 0.002 -18"><span class='ocrx_word' id='word_1_253' title='bbox 436 3861 502 3899; x_wconf 89' lang='lat' dir='ltr'>uam</span> <span class='ocrx_word' id='word_1_254' title='bbox 523 3861 579 3898; x_wconf 81' lang='lat' dir='ltr'>vox</span> <span class='ocrx_word' id='word_1_255' title='bbox 599 3842 647 3898; x_wconf 88' lang='lat' dir='ltr'>illa</span> <span class='ocrx_word' id='word_1_256' title='bbox 666 3844 876 3901; x_wconf 81' lang='lat' dir='ltr'>reuertentibus</span> <span class='ocrx_word' id='word_1_257' title='bbox 897 3844 1033 3900; x_wconf 92' lang='lat' dir='ltr'>eumdem</span> <span class='ocrx_word' id='word_1_258' title='bbox 1054 3861 1174 3900; x_wconf 90' lang='lat' dir='ltr'>sensum</span> <span class='ocrx_word' id='word_1_259' title='bbox 1192 3842 1317 3900; x_wconf 88' lang='lat' dir='ltr'>admittit</span> <span class='ocrx_word' id='word_1_260' title='bbox 1335 3859 1371 3899; x_wconf 86' lang='lat' dir='ltr'>ac</span> <span class='ocrx_word' id='word_1_261' title='bbox 1390 3841 1415 3899; x_wconf 90' lang='lat' dir='ltr'>si</span> <span class='ocrx_word' id='word_1_262' title='bbox 1434 3842 1550 3900; x_wconf 88' lang='lat' dir='ltr'>diceret</span> <span class='ocrx_word' id='word_1_263' title='bbox 1565 3845 1659 3916; x_wconf 79' lang='lat' dir='ltr'>poel-</span> 
     </span>
     <span class='ocr_line' id='line_1_31' title="bbox 435 3931 1657 4008; baseline 0 -18"><span class='ocrx_word' id='word_1_264' title='bbox 435 3951 523 4008; x_wconf 82' lang='lat' dir='ltr'>quem</span> <span class='ocrx_word' id='word_1_265' title='bbox 541 3932 654 3989; x_wconf 81' lang='lat' dir='ltr'>reuersi</span> <span class='ocrx_word' id='word_1_266' title='bbox 672 3936 748 3989; x_wconf 82' lang='lat' dir='ltr'>eunt.</span> <span class='ocrx_word' id='word_1_267' title='bbox 768 3932 799 3989; x_wconf 89' lang='lat' dir='ltr'>Si</span> <span class='ocrx_word' id='word_1_268' title='bbox 819 3949 865 3989; x_wconf 86' lang='lat' dir='ltr'>cx.</span> <span class='ocrx_word' id='word_1_269' title='bbox 883 3951 928 4003; x_wconf 82' lang='lat' dir='ltr'>gr.</span> <span class='ocrx_word' id='word_1_270' title='bbox 948 3933 1013 4006; x_wconf 87' lang='lat' dir='ltr'>quis</span> <span class='ocrx_word' id='word_1_271' title='bbox 1032 3931 1152 3989; x_wconf 76' lang='lat' dir='ltr'>diceret:</span> <span class='ocrx_word' id='word_1_272' title='bbox 1174 3951 1225 4006; x_wconf 72' lang='lat' dir='ltr'>eye</span> <span class='ocrx_word' id='word_1_273' title='bbox 1240 3951 1324 3990; x_wconf 81' lang='lat' dir='ltr'>otone</span> <span class='ocrx_word' id='word_1_274' title='bbox 1338 3950 1411 3989; x_wconf 71' lang='lat' dir='ltr'>ereo</span> <span class='ocrx_word' id='word_1_275' title='bbox 1425 3933 1512 3989; x_wconf 79' lang='lat' dir='ltr'>dorio</span> <span class='ocrx_word' id='word_1_276' title='bbox 1527 3937 1555 3990; x_wconf 89' lang='lat' dir='ltr'>et</span> <span class='ocrx_word' id='word_1_277' title='bbox 1568 3933 1657 3990; x_wconf 82' lang='lat' dir='ltr'>aenio</span> 
     </span>
     <span class='ocr_line' id='line_1_32' title="bbox 435 4019 1656 4098; baseline -0.002 -18"><span class='ocrx_word' id='word_1_278' title='bbox 435 4023 475 4080; x_wconf 82' lang='lat' dir='ltr'>ed</span> <span class='ocrx_word' id='word_1_279' title='bbox 493 4022 649 4079; x_wconf 74' lang='lat' dir='ltr'>ecclesiam</span> <span class='ocrx_word' id='word_1_280' title='bbox 669 4024 886 4086; x_wconf 75' lang='lat' dir='ltr'>celebraturos:</span> <span class='ocrx_word' id='word_1_281' title='bbox 906 4023 1010 4079; x_wconf 82' lang='lat' dir='ltr'>deinde</span> <span class='ocrx_word' id='word_1_282' title='bbox 1022 4023 1139 4078; x_wconf 79' lang='lat' dir='ltr'>doraum</span> <span class='ocrx_word' id='word_1_283' title='bbox 1152 4027 1300 4079; x_wconf 76' lang='lat' dir='ltr'>reuertens</span> <span class='ocrx_word' id='word_1_284' title='bbox 1314 4021 1479 4079; x_wconf 84' lang='lat' dir='ltr'>orationem</span> <span class='ocrx_word' id='word_1_285' title='bbox 1485 4019 1590 4098; x_wconf 78' lang='lat' dir='ltr'>facio:</span> <span class='ocrx_word' id='word_1_286' title='bbox 1605 4021 1656 4078; x_wconf 91' lang='lat' dir='ltr'>ho·</span> 
     </span>
     <span class='ocr_line' id='line_1_33' title="bbox 433 4110 1657 4184; baseline 0.002 -18"><span class='ocrx_word' id='word_1_287' title='bbox 433 4130 497 4168; x_wconf 90' lang='lat' dir='ltr'>rum</span> <span class='ocrx_word' id='word_1_288' title='bbox 518 4113 674 4169; x_wconf 87' lang='lat' dir='ltr'>verborum</span> <span class='ocrx_word' id='word_1_289' title='bbox 694 4129 799 4168; x_wconf 88' lang='lat' dir='ltr'>sensus</span> <span class='ocrx_word' id='word_1_290' title='bbox 819 4111 922 4168; x_wconf 90' lang='lat' dir='ltr'>obvius</span> <span class='ocrx_word' id='word_1_291' title='bbox 942 4119 972 4168; x_wconf 89' lang='lat' dir='ltr'>et</span> <span class='ocrx_word' id='word_1_292' title='bbox 991 4112 1133 4168; x_wconf 85' lang='lat' dir='ltr'>naturalis</span> <span class='ocrx_word' id='word_1_293' title='bbox 1153 4130 1210 4168; x_wconf 91' lang='lat' dir='ltr'>non</span> <span class='ocrx_word' id='word_1_294' title='bbox 1230 4121 1275 4168; x_wconf 87' lang='lat' dir='ltr'>cst.</span> <span class='ocrx_word' id='word_1_295' title='bbox 1294 4127 1376 4176; x_wconf 80' lang='lat' dir='ltr'>sane,</span> <span class='ocrx_word' id='word_1_296' title='bbox 1400 4111 1477 4184; x_wconf 92' lang='lat' dir='ltr'>quod</span> <span class='ocrx_word' id='word_1_297' title='bbox 1496 4110 1559 4183; x_wconf 86' lang='lat' dir='ltr'>ipsc</span> <span class='ocrx_word' id='word_1_298' title='bbox 1587 4119 1657 4170; x_wconf 88' lang='lat' dir='ltr'>orat</span> 
     </span>
     <span class='ocr_line' id='line_1_34' title="bbox 433 4189 1654 4274; baseline 0.001 -18"><span class='ocrx_word' id='word_1_299' title='bbox 433 4202 500 4257; x_wconf 89' lang='lat' dir='ltr'>dum</span> <span class='ocrx_word' id='word_1_300' title='bbox 520 4204 555 4257; x_wconf 84' lang='lat' dir='ltr'>ub</span> <span class='ocrx_word' id='word_1_301' title='bbox 576 4203 703 4259; x_wconf 85' lang='lat' dir='ltr'>ecclesie</span> <span class='ocrx_word' id='word_1_302' title='bbox 716 4204 833 4258; x_wconf 87' lang='lat' dir='ltr'>domum</span> <span class='ocrx_word' id='word_1_303' title='bbox 849 4189 1015 4260; x_wconf 85' lang='lat' dir='ltr'>revertitur.</span> <span class='ocrx_word' id='word_1_304' title='bbox 1028 4202 1081 4256; x_wconf 89' lang='lat' dir='ltr'>sed</span> <span class='ocrx_word' id='word_1_305' title='bbox 1095 4211 1247 4274; x_wconf 83' lang='lat' dir='ltr'>postquam</span> <span class='ocrx_word' id='word_1_306' title='bbox 1261 4202 1378 4258; x_wconf 92' lang='lat' dir='ltr'>domum</span> <span class='ocrx_word' id='word_1_307' title='bbox 1392 4189 1425 4256; x_wconf 85' lang='lat' dir='ltr'>sc</span> <span class='ocrx_word' id='word_1_308' title='bbox 1440 4199 1561 4272; x_wconf 88' lang='lat' dir='ltr'>recepit,</span> <span class='ocrx_word' id='word_1_309' title='bbox 1577 4205 1654 4258; x_wconf 88' lang='lat' dir='ltr'>orat.</span> 
     </span>
     <span class='ocr_line' id='line_1_35' title="bbox 433 4290 1654 4357; baseline -0.002 -9"><span class='ocrx_word' id='word_1_310' title='bbox 433 4293 518 4357; x_wconf 86' lang='lat' dir='ltr'>Quod</span> <span class='ocrx_word' id='word_1_311' title='bbox 537 4293 561 4349; x_wconf 90' lang='lat' dir='ltr'>si</span> <span class='ocrx_word' id='word_1_312' title='bbox 580 4294 650 4348; x_wconf 82' lang='lat' dir='ltr'>velit</span> <span class='ocrx_word' id='word_1_313' title='bbox 669 4293 823 4349; x_wconf 85' lang='lat' dir='ltr'>declarare</span> <span class='ocrx_word' id='word_1_314' title='bbox 843 4311 875 4348; x_wconf 90' lang='lat' dir='ltr'>se</span> <span class='ocrx_word' id='word_1_315' title='bbox 895 4292 1059 4348; x_wconf 87' lang='lat' dir='ltr'>orationem</span> <span class='ocrx_word' id='word_1_316' title='bbox 1080 4293 1178 4347; x_wconf 84' lang='lat' dir='ltr'>lacere</span> <span class='ocrx_word' id='word_1_317' title='bbox 1199 4293 1225 4347; x_wconf 93' lang='lat' dir='ltr'>in</span> <span class='ocrx_word' id='word_1_318' title='bbox 1248 4291 1360 4354; x_wconf 80' lang='lat' dir='ltr'>itinere,</span> <span class='ocrx_word' id='word_1_319' title='bbox 1380 4290 1494 4346; x_wconf 84' lang='lat' dir='ltr'>diceret</span> <span class='ocrx_word' id='word_1_320' title='bbox 1511 4291 1581 4346; x_wconf 82' lang='lat' dir='ltr'>dum</span> <span class='ocrx_word' id='word_1_321' title='bbox 1602 4309 1654 4346; x_wconf 84' lang='lat' dir='ltr'>re-</span> 
     </span>
     <span class='ocr_line' id='line_1_36' title="bbox 434 4380 1655 4452; baseline -0.001 -15"><span class='ocrx_word' id='word_1_322' title='bbox 434 4386 531 4437; x_wconf 86' lang='lat' dir='ltr'>eertor</span> <span class='ocrx_word' id='word_1_323' title='bbox 549 4383 672 4438; x_wconf 76' lang='lat' dir='ltr'>(Ioniam.</span> <span class='ocrx_word' id='word_1_324' title='bbox 694 4382 786 4439; x_wconf 87' lang='lat' dir='ltr'>Huius</span> <span class='ocrx_word' id='word_1_325' title='bbox 805 4382 894 4452; x_wconf 84' lang='lat' dir='ltr'>igitur</span> <span class='ocrx_word' id='word_1_326' title='bbox 913 4381 1049 4437; x_wconf 87' lang='lat' dir='ltr'>rubricae</span> <span class='ocrx_word' id='word_1_327' title='bbox 1070 4381 1172 4436; x_wconf 83' lang='lat' dir='ltr'>obrius</span> <span class='ocrx_word' id='word_1_328' title='bbox 1192 4389 1220 4437; x_wconf 87' lang='lat' dir='ltr'>et</span> <span class='ocrx_word' id='word_1_329' title='bbox 1240 4380 1381 4437; x_wconf 87' lang='lat' dir='ltr'>naturalis</span> <span class='ocrx_word' id='word_1_330' title='bbox 1401 4397 1507 4436; x_wconf 89' lang='lat' dir='ltr'>sensus</span> <span class='ocrx_word' id='word_1_331' title='bbox 1527 4385 1580 4442; x_wconf 77' lang='lat' dir='ltr'>est,</span> <span class='ocrx_word' id='word_1_332' title='bbox 1597 4380 1655 4438; x_wconf 87' lang='lat' dir='ltr'>Ce-</span> 
     </span>
     <span class='ocr_line' id='line_1_37' title="bbox 434 4467 1650 4536; baseline -0.001 -13"><span class='ocrx_word' id='word_1_333' title='bbox 434 4469 596 4527; x_wconf 85' lang='lat' dir='ltr'>lebrantem</span> <span class='ocrx_word' id='word_1_334' title='bbox 615 4489 682 4528; x_wconf 92' lang='lat' dir='ltr'>cum</span> <span class='ocrx_word' id='word_1_335' title='bbox 699 4471 850 4536; x_wconf 87' lang='lat' dir='ltr'>Ministris‚</span> <span class='ocrx_word' id='word_1_336' title='bbox 871 4471 949 4527; x_wconf 87' lang='lat' dir='ltr'>sonte</span> <span class='ocrx_word' id='word_1_337' title='bbox 968 4469 1130 4535; x_wconf 82' lang='lat' dir='ltr'>benedicto,</span> <span class='ocrx_word' id='word_1_338' title='bbox 1151 4470 1248 4527; x_wconf 89' lang='lat' dir='ltr'>redire</span> <span class='ocrx_word' id='word_1_339' title='bbox 1268 4471 1305 4526; x_wconf 90' lang='lat' dir='ltr'>ad</span> <span class='ocrx_word' id='word_1_340' title='bbox 1319 4471 1421 4526; x_wconf 82' lang='lat' dir='ltr'>Altare</span> <span class='ocrx_word' id='word_1_341' title='bbox 1435 4477 1466 4526; x_wconf 89' lang='lat' dir='ltr'>et</span> <span class='ocrx_word' id='word_1_342' title='bbox 1478 4485 1588 4526; x_wconf 87' lang='lat' dir='ltr'>canere</span> <span class='ocrx_word' id='word_1_343' title='bbox 1601 4467 1650 4526; x_wconf 91' lang='lat' dir='ltr'>Li·</span> 
     </span>
     <span class='ocr_line' id='line_1_38' title="bbox 436 4557 1654 4632; baseline 0.006 -23"><span class='ocrx_word' id='word_1_344' title='bbox 436 4557 536 4612; x_wconf 79' lang='lat' dir='ltr'>tanias</span> <span class='ocrx_word' id='word_1_345' title='bbox 556 4561 639 4617; x_wconf 87' lang='lat' dir='ltr'>Licet</span> <span class='ocrx_word' id='word_1_346' title='bbox 658 4571 755 4618; x_wconf 81' lang='lat' dir='ltr'>autem</span> <span class='ocrx_word' id='word_1_347' title='bbox 775 4577 879 4617; x_wconf 89' lang='lat' dir='ltr'>sensus</span> <span class='ocrx_word' id='word_1_348' title='bbox 899 4560 1046 4616; x_wconf 71' lang='lat' dir='ltr'>Rubrii-ae</span> <span class='ocrx_word' id='word_1_349' title='bbox 1065 4559 1236 4632; x_wconf 85' lang='lat' dir='ltr'>quibusdam</span> <span class='ocrx_word' id='word_1_350' title='bbox 1251 4560 1386 4617; x_wconf 83' lang='lat' dir='ltr'>videatur</span> <span class='ocrx_word' id='word_1_351' title='bbox 1399 4559 1564 4632; x_wconf 75' lang='lat' dir='ltr'>ambiguus,</span> <span class='ocrx_word' id='word_1_352' title='bbox 1577 4557 1654 4616; x_wconf 83' lang='lat' dir='ltr'>Cae·</span> 
     </span>
     <span class='ocr_line' id='line_1_39' title="bbox 437 4647 1295 4724; baseline 0.009 -25"><span class='ocrx_word' id='word_1_353' title='bbox 437 4647 586 4703; x_wconf 82' lang='lat' dir='ltr'>remoniali</span> <span class='ocrx_word' id='word_1_354' title='bbox 606 4667 668 4706; x_wconf 89' lang='lat' dir='ltr'>rem</span> <span class='ocrx_word' id='word_1_355' title='bbox 688 4650 843 4724; x_wconf 89' lang='lat' dir='ltr'>perspicue</span> <span class='ocrx_word' id='word_1_356' title='bbox 862 4650 1033 4715; x_wconf 84' lang='lat' dir='ltr'>ostendenti,</span> <span class='ocrx_word' id='word_1_357' title='bbox 1053 4649 1187 4706; x_wconf 91' lang='lat' dir='ltr'>standum</span> <span class='ocrx_word' id='word_1_358' title='bbox 1208 4658 1253 4706; x_wconf 90' lang='lat' dir='ltr'>est</span> <span class='ocrx_word' id='word_1_359' title='bbox 1271 4669 1295 4707; x_wconf 70' lang='lat' dir='ltr'>a.</span> 
     </span>
    </p>
   </div>
   <div class='ocr_carea' id='block_1_4' title="bbox 0 0 2106 5717">
    <p class='ocr_par' dir='ltr' id='par_1_6' title="bbox 0 0 2106 5717">
     <span class='ocr_line' id='line_1_40' title="bbox 0 0 2106 5717; baseline 0 0"><span class='ocrx_word' id='word_1_360' title='bbox 0 0 2106 5717; x_wconf 95' lang='lat' dir='ltr'> </span> 
     </span>
    </p>
   </div>
  </div>
 </body>
</html>
