4175 5717
527 731 593 801 278
988 747 1055 800 nm.
1081 745 1115 797 11.

438 861 548 927 lorum
571 862 773 926 sustinentes
796 860 997 926 candelabra
1020 879 1080 924 seu
1103 858 1228 925 fanalia
1251 878 1326 925 cum
1356 853 1513 926 candelis.
1551 851 1663 948 Super

439 970 545 1055 ipsum
568 969 687 1034 Altare
710 974 878 1034 statuetur
901 969 1043 1034 thronus
1068 988 1126 1034 seu
1161 967 1395 1034 baldachinum
1424 969 1549 1035 coloris
1580 967 1661 1046 albi,

439 1084 473 1143 et
496 1079 530 1142 in
553 1077 623 1142 basi
645 1077 753 1143 aderit
775 1076 950 1163 corporale
975 1077 1177 1143 conveniens
1200 1077 1411 1163 amplitudini
1433 1075 1522 1144 basis
1557 1079 1662 1164 ipsius

439 1185 474 1249 in
497 1204 562 1268 qua
585 1184 806 1250 collocabitur
831 1184 1062 1252 Ostensorium
1086 1181 1133 1271 (a)

526 1293 558 1358 6.
583 1293 619 1356 ln
643 1292 760 1377 quibus
783 1291 934 1357 ecclesiis
957 1291 1124 1357 stabiliter
1155 1292 1298 1377 positum
1329 1293 1363 1356 in
1394 1291 1506 1358 Altari
1539 1289 1664 1358 balda-

438 1399 574 1465 chinum
604 1401 678 1476 erit,
704 1400 758 1464 vel
791 1399 951 1466 ciborium
985 1407 1130 1484 quatuor
1160 1400 1325 1466 columnis
1360 1406 1561 1478 sustentum,
1594 1419 1665 1464 non

438 1513 490 1572 est
513 1527 648 1574 necesse
672 1512 710 1574 ut
731 1513 917 1593 apponatur
939 1507 1091 1585 thronus,
1116 1506 1174 1572 sed
1197 1509 1277 1574 satis
1300 1509 1366 1573 erit
1389 1509 1422 1573 in
1454 1505 1561 1574 medic
1596 1505 1664 1572 m-

438 1616 504 1680 tari
526 1616 633 1700 posita
655 1615 751 1691 basis,
776 1615 809 1679 in
834 1634 899 1698 qua
922 1614 1110 1680 collocetur
1134 1613 1375 1682 Ostensorinm.

526 1724 557 1787 7.
581 1723 611 1787 Α
633 1722 795 1788 lateribus
818 1722 930 1787 throni
954 1741 1054 1808 super
1077 1721 1190 1787 Alteri
1224 1721 1419 1808 disponatur
1452 1719 1664 1810 conveniens

438 1829 714 1895 candelabrorum
737 1835 771 1894 et
794 1828 955 1895 ianalium
978 1847 1136 1894 numerus
1160 1849 1235 1894 cum
1270 1827 1418 1895 candelis
1448 1847 1467 1894 e
1500 1847 1592 1904 cera,
1628 1831 1667 1892 ut

435 1936 557 2003 decora
579 1935 637 2002 flat
660 1938 832 2024 expositio.
857 1935 913 2002 SS.
939 1935 1154 2002 Sacramenta
1178 1937 1340 2022 exposito,
1364 1934 1496 2002 ardebit
1527 1953 1666 2022 semper

437 2051 534 2110 nocte
556 2043 674 2128 dieque
697 2063 857 2109 numerus
880 2043 1043 2108 luminum
1066 2062 1085 2107 e
1108 2063 1187 2108 cera
1210 2045 1412 2110 constitutus
1435 2041 1476 2110 ab
1495 2041 1665 2128 Episcopo

436 2152 491 2218 rel
514 2171 534 2216 a
557 2150 684 2238 synodo
708 2158 767 2217 aut
789 2150 949 2217 laudabili
971 2150 1132 2217 dioecesis
1156 2150 1406 2217 consuetudine.
1432 2149 1521 2216 Idem
1546 2167 1668 2216 nume-

435 2279 493 2323 rus
518 2264 619 2324 noctu
644 2260 742 2324 etiam
774 2257 915 2334 ardebit,
940 2259 968 2322 si
1002 2263 1101 2323 nocte
1137 2257 1388 2324 continuabitur
1423 2257 1603 2344 expositio,
1629 2259 1665 2322 et

434 2385 536 2453 penes
567 2366 765 2453 Episcopum
799 2368 864 2431 erit
897 2366 1049 2472 ecclpsiis
1079 2366 1278 2453 pauperibus
1313 2365 1512 2433 facultatem
1542 2365 1664 2432 iacere

433 2472 654 2539 substituendi
678 2479 776 2539 nocte
800 2472 922 2540 clausis
946 2474 1053 2560 portis
1077 2481 1205 2559 partem
1229 2473 1394 2540 luminum
1417 2473 1484 2540 olei
1508 2473 1588 2541 loco
1605 2491 1666 2538 ce-

437 2600 572 2647 reorum
596 2579 653 2668 (b).

505 2741 548 2813 (a)
568 2741 634 2796 Non
653 2747 750 2813 potest
768 2739 887 2814 probari
907 2758 979 2798 usus
1000 2743 1049 2812 (ac
1068 2748 1237 2815 praestaret
1256 2741 1355 2800 dicere
1384 2741 1574 2812 abusionem)
1603 2741 1667 2802 eri·

434 2829 522 2900 gendi
541 2829 693 2887 machinas
711 2847 858 2898 enormes,
877 2830 1020 2905 siquidem
1039 2841 1247 2906 praeterquam
1266 2832 1344 2906 quod
1363 2835 1417 2890 SS.
1432 2837 1667 2892 Sacramentum

434 2927 568 2977 maneret
587 2939 709 2993 prorsus
728 2931 814 2978 extra
831 2921 943 2987 Altare,
963 2922 1127 2995 periculum
1147 2923 1236 2980 etiam
1257 2933 1337 2980 esset
1355 2921 1484 2980 incendii
1503 2933 1533 2980 et
1546 2923 1667 2982 ruinse

435 3012 523 3069 Peius
543 3021 640 3069 autem
660 3021 748 3080 esset,
768 3013 792 3069 si
812 3013 849 3070 ad
868 3013 1056 3070 statuendum
1077 3016 1306 3072 Sacramentum
1325 3031 1416 3088 super
1435 3011 1575 3071 machina
1604 3031 1668 3072 uon

433 3109 533 3174 posset
551 3102 704 3159 commodo
723 3103 887 3160 ascendere
907 3103 1064 3170 Sacerdos;
1085 3103 1214 3180 itemque
1235 3103 1259 3160 si
1287 3103 1364 3177 quod
1390 3102 1550 3160 artificium
1576 3103 1667 3162 adhi-

432 3191 561 3254 beretur,
580 3208 637 3264 quo
657 3192 820 3249 ascendere
841 3209 878 3250 ac
896 3193 1079 3251 descendere
1099 3194 1176 3251 ultro
1196 3204 1297 3267 posset
1315 3193 1530 3252 Ostensorinm.
1544 3193 1667 3254 Abusic

432 3279 482 3336 illa
502 3280 561 3337 tolli
581 3299 703 3353 prorsus
722 3298 741 3338 a
759 3283 915 3355 superiore
935 3282 1141 3341 ecclesiastico
1163 3283 1295 3340 deberet.

503 3372 543 3440 (b)
564 3372 779 3443 Reprobandus
798 3372 888 3429 etiam
908 3373 1024 3430 videtur
1042 3389 1115 3429 usus
1145 3375 1233 3444 vulgo
1264 3381 1401 3447 receptus
1425 3373 1605 3446 disponendi
1635 3373 1668 3432 in

431 3458 526 3516 Altadi
545 3477 684 3532 magnum
703 3479 860 3519 cereorum
880 3479 1046 3528 nnmerum,
1060 3479 1185 3536 quorum
1200 3463 1294 3519 minor
1314 3479 1384 3536 pars
1397 3461 1585 3531 accenditur,
1602 3481 1669 3522 ma·

430 3545 477 3605 ior
495 3557 666 3607 reservatur
685 3552 876 3609 accendenda
896 3550 991 3625 prima
1010 3559 1123 3608 tantum
1142 3551 1238 3610 noctis
1260 3551 1343 3608 hora.
1364 3551 1523 3625 Sapienter
1536 3552 1569 3610 in
1583 3553 1665 3614 hanc

431 3655 494 3695 rem
513 3640 601 3697 Card.
623 3642 762 3698 Morozzo
781 3643 945 3716 Episcopus
965 3642 1116 3700 Novariac
1140 3649 1267 3700 tractatu
1282 3643 1487 3700 Vlllnum.2l
1504 3643 1667 3704 destasia

430 3729 634 3787 Caeremoniis
654 3731 816 3800 (Novariae
838 3735 905 3789 1827
924 3731 1098 3806 typograph.
1112 3732 1241 3806 episcop.
1259 3731 1380 3806 Josephi
1397 3731 1534 3803 Rosario)
1550 3743 1668 3806 monet,

430 3819 571 3878 universa
589 3821 708 3878 Altaria
724 3821 835 3878 trintina
847 3827 984 3896 oportere
997 3827 1029 3880 ut
1041 3823 1174 3880 ardeant
1188 3827 1317 3898 tempore
1331 3823 1542 3896 expositionis,
1557 3843 1679 3900 quarata·¹

431 3909 475 3965 oia
493 3910 627 3983 plurima
642 3917 831 3985 praeparata
849 3919 878 3967 et
896 3912 1044 3986 disposita
1054 3912 1185 3988 suerint,
1206 3929 1239 3968 co
1261 3912 1339 3986 qued
1358 3911 1485 3987 rimulis
1505 3911 1594 3973 beris
1607 3933 1667 3974 ea·

431 3999 499 4056 dem
517 4016 633 4074 semper
651 4001 733 4058 adsit
746 4001 923 4075 praesentia
941 4006 969 4058 et
987 4003 1130 4060 maiestas
1150 4001 1199 4058 SS.
1220 4001 1421 4068 Sacramenti,
1441 4003 1520 4078 quoa
1543 4005 1667 4064 adora-

431 4095 490 4145 tur:
510 4089 654 4164 quocirca
673 4089 701 4146 si
716 4095 838 4165 propiet·
858 4092 1112 4158 circunmtantias,
1134 4092 1164 4149 in
1186 4093 1290 4166 quidm
1312 4097 1473 4150 versantur
1492 4095 1665 4166 ,ecetesiaa

433 4180 556 4236 nimium
572 4199 662 4255 praee
682 4181 829 4239 sentiatur
847 4182 1041 4256 dispendium,
1061 4183 1158 4241 satias
1178 4183 1236 4240 erit
1255 4202 1414 4241 cereorum
1433 4175 1668 4244 numerum'im·

432 4269 573 4334 minuere,
592 4288 682 4345 qaam
700 4289 789 4327 anam
808 4276 921 4328 tantum
937 4281 1055 4346 partem
1078 4291 1238 4331 accensam·
1267 4275 1442 4349 relinquere.
1468 4275 1665 4336 lndeeemius

431 4369 530 4415 autem
552 4373 630 4417 esset
649 4360 673 4416 si
692 4360 721 4415 in
740 4361 898 4430 magnifico
917 4379 1074 4419 cereorum
1093 4364 1254 4434 ingentium
1268 4373 1415 4438 apparatu
1431 4365 1665 4439 interponerem·

431 4455 479 4504 tur
497 4449 590 4506 exiles
604 4451 760 4534 candelae,
779 4467 856 4524 quae
875 4451 982 4523 iugiter
1001 4453 1030 4508 in
1049 4453 1233 4526 expositione
1252 4456 1400 4522 arderent,
1425 4473 1462 4514 ne
1477 4473 1660 4516 consuman-

430 4543 480 4592 tur
498 4540 579 4594 cerei
598 4540 635 4596 ed
655 4527 791 4613 pompam
812 4542 987 4614 praeparati,
1001 4543 1144 4616 siquidem
1157 4541 1278 4616 praeter
1290 4545 1487 4602 indecentiam
1503 4555 1534 4604 et
1547 4563 1656 4620 parum

429 4626 637 4684 observantiae
662 4647 735 4702 erga
746 4633 800 4689 SS.
815 4634 1048 4699 Sacramentum,
1058 4633 1176 4691 sordide
1187 4643 1217 4692 et
1229 4651 1320 4695 avare
1333 4635 1362 4692 id
1374 4636 1484 4696 tactum
1497 4635 1664 4702 videretur,
