4175 5717
520 704 581 768 110
972 722 1038 770 urs.
1063 725 1099 771 11.

431 827 635 917 genuflectet
657 851 776 897 versus
800 830 857 897 SS.
883 830 1146 906 Sacramentum,
1171 830 1211 896 de
1235 829 1444 916 suppedaneo
1471 827 1654 897 descendet

429 941 462 1004 in
487 940 627 1025 primum
651 938 792 1024 gradum
815 938 924 1023 ibique
947 946 1040 1004 stans
1064 939 1224 1004 consistet
1246 938 1318 1002 sine
1334 937 1402 1002 alia
1416 934 1653 1023 genuflexione

430 1046 507 1112 dum
532 1047 722 1112 cantabitur
746 1046 856 1114 Pater
878 1052 1007 1112 noster.
1443 1133 1445 1140 Ι

375 1143 381 1164 '
519 1153 572 1220 98.
597 1153 649 1220 Ad
672 1153 776 1220 verba
798 1154 844 1221 Et
872 1155 1006 1222 dimitte
1027 1153 1128 1220 nobis
1158 1159 1222 1219 etc.
1253 1149 1522 1238 genuflexionem
1551 1151 1656 1219 faciet

431 1283 516 1328 unus
541 1261 716 1337 Diaconos,
740 1259 943 1327 conscendet
966 1261 1212 1348 suppedaneum
1227 1260 1269 1327 ud
1284 1260 1458 1327 dexteram
1475 1259 1656 1327 Celebran-

431 1371 483 1444 tia,
508 1368 666 1433 extrahet
689 1375 841 1453 patenam
866 1368 906 1433 de
930 1368 1108 1454 corporali,
1134 1388 1271 1453 eamque
1302 1368 1473 1453 absterget
1502 1365 1656 1454 purifica·

429 1478 517 1542 torio
540 1482 575 1541 et
597 1475 722 1541 elatam
744 1476 922 1542 sustinebit
944 1496 1019 1541 cum
1054 1474 1280 1562 purificatorio
1312 1482 1347 1541 et
1380 1474 1520 1542 dextera
1551 1495 1654 1562 prope

432 1582 606 1669 corporale
631 1584 678 1647 ita
701 1589 739 1648 ut
763 1581 944 1648 Celebrans
967 1584 1071 1669 possit
1094 1603 1166 1648 eam
1189 1582 1289 1648 facile
1312 1582 1473 1668 accipere.

520 1691 573 1756 99.
599 1689 794 1766 Celebrans,
818 1696 893 1776 post
915 1695 1086 1756 canmtum
1110 1690 1220 1758 Pater
1243 1697 1363 1757 noster
1394 1690 1537 1776 accipiet
1565 1693 1656 1777 pate·

433 1817 519 1874 nam,
542 1804 578 1863 at
601 1797 767 1863 Diaconus
792 1817 858 1862 non
882 1797 1092 1863 osculabitur
1115 1817 1249 1863 manum
1271 1797 1476 1882 accipientis.
1492 1797 1566 1883 lpse
1583 1795 1657 1862 Dia·

434 1926 537 1971 conus
562 1904 773 1992 respondebit
798 1905 867 1972 Sed
892 1905 1003 1972 libero
1025 1925 1091 1973 noa
1113 1925 1136 1972 o
1158 1909 1250 1972 mm
1274 1911 1309 1970 et
1324 1904 1506 1971 celebrans
1522 1903 1657 1972 adiiciet

434 2013 556 2090 rimam
582 2018 653 2078 tum
678 2020 898 2100 persequetur
922 2014 1056 2079 Missam
1080 2033 1119 2078 ac
1153 2012 1271 2079 deinde
1304 2018 1403 2078 canet
1433 2011 1506 2078 Per
1535 2031 1658 2080 omaro

435 2123 579 2188 soeculo
601 2127 665 2185 etc.
690 2120 773 2187 Pom
795 2121 938 2188 Domini
959 2127 1022 2186 etc.
1048 2121 1214 2185 Diaconus
1248 2119 1400 2185 attendet
1428 2119 1470 2184 ad
1499 2119 1661 2206 detegen-

435 2229 512 2294 dum
537 2233 571 2294 et
593 2227 848 2314 cooperiendum
881 2228 1026 2294 Calicem
1058 2247 1098 2293 ac
1127 2224 1417 2313 genuflectendum
1447 2245 1523 2292 cum
1555 2225 1660 2294 Gele-

435 2335 563 2400 brente.

526 2442 598 2506 100.
623 2441 803 2525 Postquam
827 2441 1008 2508 celebrans
1033 2443 1193 2507 cecinerit
1216 2441 1299 2508 Pom
1321 2441 1463 2508 Domini
1483 2446 1548 2506 etc.
1580 2459 1663 2507 con·

435 2555 553 2634 surget
577 2548 697 2616 Glerus
721 2551 754 2613 in
779 2549 882 2615 choro
905 2555 940 2614 et
973 2551 1078 2615 ceteri
1113 2552 1169 2633 qui
1202 2547 1429 2634 adgeniculati
1458 2553 1566 2624 erant;
1601 2546 1662 2614 sed

436 2655 596 2742 Acolythi
618 2655 674 2721 vel
697 2657 814 2723 clerici
837 2656 903 2724 duo
926 2658 1131 2724 sustinentes
1153 2656 1323 2722 intorticia
1344 2662 1487 2742 pergent
1501 2656 1664 2722 insistere

435 2765 576 2850 genibus
600 2784 704 2848 usque
727 2764 769 2830 ad
792 2770 896 2830 totam
919 2765 1193 2830 communionem.

527 2873 600 2937 101.
626 2870 865 2948 Subdiaconus,
890 2892 991 2955 quum
1015 2871 1197 2938 Oelebrans
1222 2869 1370 2936 cantabit
1401 2869 1483 2940 Pac
1516 2869 1668 2938 Domai

438 2987 501 3044 etc.
525 2977 738 3064 genuflectet,
763 2978 921 3045 ascendet
944 2978 985 3044 ad
1008 2978 1129 3044 Altare
1152 2977 1193 3043 ad
1210 2979 1340 3044 laevam
1365 2978 1588 3054 Celebrantis,
1606 2978 1668 3063 qui

440 3088 593 3173 deinceps
617 3107 692 3152 cum
717 3087 877 3152 Ministris
902 3087 1057 3152 recitabit
1079 3087 1206 3172 Agnus
1229 3087 1295 3153 Dei
1316 3087 1386 3151 sine
1409 3085 1554 3172 pectoris
1590 3105 1669 3172 pen·

438 3197 601 3261 cessione.

530 3302 602 3367 102.
627 3303 664 3365 In
687 3300 791 3367 choro
814 3304 914 3368 etiam
938 3302 1135 3368 recitabitur
1159 3301 1284 3386 Agnus
1306 3300 1380 3377 Dei,
1406 3306 1443 3366 ut
1477 3299 1518 3366 de
1548 3299 1669 3388 Kyme

439 3410 636 3474 monuimus.

532 3517 604 3582 103.
629 3517 783 3583 Recitato
806 3517 933 3602 Agaue
956 3518 1030 3592 Dei,
1057 3517 1201 3582 Ministri
1225 3513 1451 3601 genuflectent
1484 3533 1550 3599 quo
1586 3515 1668 3582 loco

439 3630 550 3700 erunt,
574 3623 777 3690 descendent
799 3624 840 3690 de
863 3624 1083 3709 suppedaneo,
1100 3623 1266 3690 Diaconus
1283 3623 1451 3688 transiens
1468 3623 1502 3686 in
1517 3623 1669 3708 primum

439 3731 579 3816 gradum
601 3736 676 3817 post
700 3731 942 3808 celebrantem,
968 3731 1196 3797 Subdiaconus
1219 3735 1330 3795 autem
1355 3731 1389 3793 in
1406 3727 1592 3795 secundum
1607 3729 1670 3796 vel

441 3840 577 3904 tertium
601 3838 740 3924 gradum
763 3846 839 3923 post
862 3839 1056 3914 Diaconum,
1080 3858 1119 3902 ac
1143 3839 1214 3902 sine
1237 3834 1471 3923 genuflexione
1494 3837 1529 3901 in
1551 3835 1668 3904 medio

440 3946 605 4011 Diaconus
628 3943 670 4009 ad
692 3945 823 4010 laevam
847 3951 881 4010 et
904 3945 1132 4012 Subdiaconus
1167 3944 1209 4010 ad
1242 3943 1416 4010 dexteram
1451 3941 1670 4010 Celebrantis

371 4081 374 4086 ·
441 4053 632 4120 transibunt
655 4070 695 4115 ac
724 4049 992 4136 genuflexionem
1023 4052 1064 4118 ad
1095 4052 1346 4119 Sacramentum
1377 4051 1558 4116 iterabunt.
1592 4049 1671 4116 Dia-

442 4183 545 4226 conus
568 4158 719 4226 attendet
741 4158 782 4224 ad
807 4158 949 4226 Missalis
974 4159 1056 4225 lolia
1080 4158 1266 4225 evolvenda
1289 4164 1324 4224 et
1358 4157 1588 4224 Subdiaconus
1624 4157 1671 4226 ed

443 4268 588 4334 Calicem
612 4266 842 4351 detegendum,
868 4287 968 4351 quum
992 4287 1074 4352 opus
1100 4267 1212 4332 fuerit.

533 4376 605 4440 104.
631 4372 893 4449 Thurilerarius‚
919 4374 946 4438 si
970 4374 1132 4460 Acolythi
1155 4372 1397 4439 distinerentur
1419 4373 1597 4438 intorticiis
1614 4393 1672 4441 su·

443 4482 605 4547 stinendis
627 4479 746 4548 afferet
768 4481 810 4547 ad
834 4481 953 4547 Altare
977 4481 1045 4545 vini
1069 4486 1104 4544 et
1126 4499 1231 4563 aquae
1255 4480 1420 4566 ampullas
1444 4499 1520 4545 cum
1554 4479 1669 4566 pelvi·

360 4569 364 4580 ¹
444 4587 522 4652 cula
544 4594 579 4654 et
601 4590 772 4657 sudariolo
803 4595 841 4665 et
867 4588 1017 4675 porriget
1047 4607 1102 4652 eas
1138 4586 1356 4663 Subdiacono,
1389 4585 1666 4673 quemadmodum

446 4696 598 4778 superius
621 4696 823 4784 descriptum
846 4700 899 4762 est
920 4715 991 4781 cap.
1015 4694 1074 4760 IV.
1099 4713 1188 4760 num.
1211 4694 1287 4763 208.
