4175 5717
540 740 583 804 38
995 751 1061 806 um.
1086 759 1121 807 11.

538 869 591 933 30.
616 861 652 934 Si
675 870 708 932 in
732 868 836 933 choro
865 867 1007 934 aderunt
1042 867 1231 944 Praesules,
1264 875 1324 934 aut
1355 869 1511 936 Canonici
1546 869 1579 935 in
1606 889 1670 936 sua

449 977 610 1052 Ecclesia,
636 975 883 1043 contessionem
907 975 1098 1043 recitabunt
1120 982 1249 1042 stantes
1274 975 1332 1062 (α).

536 1085 589 1150 31.
615 1084 741 1152 Carere
763 1089 875 1149 autem
899 1083 1018 1149 clerus
1042 1083 1150 1161 debet,
1175 1104 1217 1149 ue
1242 1084 1490 1152 confessionem
1512 1084 1554 1152 ad
1577 1085 1672 1152 invi·

448 1214 520 1260 cem
542 1194 686 1280 incipiat,
711 1193 774 1258 nisi
797 1194 861 1257 iam
884 1211 904 1256 a
927 1192 1128 1258 celebrante
1153 1193 1307 1258 inchoata
1330 1194 1383 1259 sit.

536 1301 590 1368 32.
614 1301 866 1367 Thuriserarius
890 1307 999 1366 sumet
1021 1300 1062 1367 de
1096 1301 1200 1367 abaco
1223 1303 1443 1380 thuribulum,
1479 1311 1513 1369 et
1536 1303 1672 1389 parabit

447 1410 566 1494 ignem
588 1414 659 1475 tum
682 1415 818 1496 accepta
841 1408 1007 1485 navicula,
1031 1408 1133 1474 stabit
1154 1408 1241 1495 apud
1257 1408 1377 1475 Altare
1399 1410 1592 1476 obiecturus
1610 1409 1672 1476 Ge-

446 1517 592 1583 lebrauti
615 1517 834 1592 thuribulum,
858 1516 1130 1601 quemadmodum
1154 1537 1232 1584 mox
1255 1516 1547 1585 demonstrabitur.

533 1625 586 1690 33.
611 1625 792 1691 Gelebrans
815 1626 916 1690 ritum
940 1645 1000 1710 pro
1024 1625 1133 1690 Missis
1158 1627 1296 1710 privatis
1321 1627 1563 1714 praescriptum
1587 1645 1668 1694 ser-

447 1730 546 1809 vabit,
571 1739 711 1819 excepto
738 1733 920 1821 Confiteor,
944 1734 977 1796 in
1002 1752 1067 1816 quo
1091 1731 1204 1797 dicens
1231 1732 1330 1800 verba
1352 1733 1448 1801 vobis
1470 1736 1608 1819 fratres
1631 1739 1669 1800 et

444 1858 505 1905 uos
527 1842 672 1923 fratrea,
697 1860 732 1905 se
755 1839 906 1926 paullum
929 1838 970 1905 ad
994 1839 1165 1906 Ministros
1190 1846 1375 1918 convertet,
1401 1842 1546 1926 itemque
1569 1841 1670 1908 Mini-

445 1949 506 2010 stri
530 1967 565 2011 se
588 1947 795 2031 aliquantum
819 1947 1027 2013 inclinabunt
1050 1945 1091 2012 ad
1116 1947 1360 2026 celebrantem,
1393 1969 1493 2033 quum
1524 1968 1668 2037 respou-

446 2054 571 2120 debunt
594 2055 811 2122 Misereotur
841 2057 901 2132 tui;
932 2054 1050 2120 deinde
1074 2075 1110 2120 se
1142 2061 1341 2121 convertent
1371 2055 1412 2122 ad
1442 2077 1528 2134 eum,
1561 2077 1666 2143 quum

444 2161 554 2227 dicent
581 2161 658 2228 Tibi
674 2162 788 2230 Pater
811 2169 870 2227 aut
899 2161 945 2228 Te
969 2162 1086 2229 Pater.
1112 2162 1213 2227 lidem
1237 2162 1382 2229 Ministri
1400 2164 1611 2231 inclinabunt
1627 2184 1668 2231 se

442 2268 607 2354 profunde
630 2269 672 2333 ad
699 2270 879 2357 Confiteor,
904 2275 939 2336 et
961 2268 1104 2335 dextera
1127 2274 1244 2355 aperta
1267 2290 1328 2336 sua
1350 2276 1488 2356 pectora
1507 2271 1666 2350 tundent,

445 2382 483 2440 ut
507 2376 697 2442 Celebrans.

530 2485 583 2550 34.
608 2484 841 2571 Opportunum
864 2486 940 2552 heic
964 2483 1097 2550 ridetur
1131 2503 1266 2549 monere
1298 2484 1542 2562 Celebrantem,
1574 2485 1665 2571 quod

443 2591 576 2658 rubrica
602 2593 636 2658 in
652 2593 753 2658 Missa
769 2593 908 2660 solemni
925 2593 955 2658 ei
973 2591 1172 2679 praescribit
1187 2591 1353 2677 triplicem
1369 2591 1500 2658 dicendi
1517 2591 1666 2673 modum,

442 2698 599 2767 videlicet
621 2720 802 2777 sonorum,
825 2700 1042 2767 submissum
1065 2706 1097 2765 et
1129 2705 1313 2780 secretum.
1346 2698 1475 2764 Sonora
1505 2719 1588 2766 voce
1612 2702 1666 2768 uti

440 2807 538 2873 debet
561 2809 594 2872 in
619 2809 770 2874 omnibus
794 2810 844 2886 iis,
869 2828 953 2893 quae
987 2813 1149 2873 cauturus
1172 2807 1247 2883 erit,
1270 2793 1388 2892 nempe
1419 2807 1665 2874 intonationem

440 2915 555 3000 hymni
582 2914 704 2982 Gtoriu
728 2917 766 2982 in
795 2917 954 2991 eucetris,
979 2915 1152 2982 Dominus
1184 2913 1371 2990 vobiscum,
1407 2911 1556 2981 Oramus
1585 2935 1665 2982 cum

440 3025 600 3098 oratione,
625 3025 865 3088 intonationem
889 3022 1052 3109 Symboti,
1078 3022 1250 3089 Dominus
1267 3020 1495 3087 vobiscumet
1511 3021 1665 3092 omnus

438 3136 517 3194 aute
541 3127 767 3206 offertorium,
794 3131 1068 3214 Praefationem,
1089 3129 1197 3196 Pater
1212 3136 1331 3197 noster
1348 3148 1423 3194 cum
1440 3129 1479 3194 iis
1495 3149 1580 3214 quae
1595 3150 1667 3196 an-

437 3237 606 3314 tecedunt,
632 3237 703 3304 Per
726 3240 843 3306 omnio
866 3241 1009 3305 saecuto
1032 3244 1096 3303 etc.
1122 3242 1156 3302 et
1179 3236 1263 3303 Paeo
1279 3237 1430 3312 Domini;
1450 3256 1567 3303 rursus
1583 3237 1662 3305 Do-

436 3345 555 3410 minus
578 3345 765 3422 vobiscum,
787 3345 936 3412 Oremuo
953 3352 987 3411 et
1002 3346 1187 3410 orationem
1204 3345 1275 3408 sive
1290 3344 1458 3409 orationes
1474 3350 1549 3429 post
1566 3343 1665 3412 Gom-

437 3453 635 3529 munionem,
659 3453 800 3538 denique
824 3454 996 3520 Dominus
1019 3452 1198 3520 vobiscum
1221 3459 1296 3538 post
1321 3450 1452 3516 easdem
1488 3453 1661 3520 orationes

436 3562 514 3623 ente
537 3559 592 3626 lto
615 3560 729 3627 Missa
751 3568 811 3638 est,
837 3561 892 3627 vel
917 3560 1176 3627 Benedicamus
1200 3559 1358 3626 Domino.
1384 3558 1476 3625 Voce
1493 3559 1662 3628 submissa

434 3669 551 3730 utetur
575 3668 608 3730 in
633 3669 783 3734 omuibus
809 3671 847 3735 iis
872 3689 955 3754 quae
979 3669 1073 3754 leget
1097 3688 1246 3752 quaeque
1269 3670 1433 3732 canentur
1456 3667 1661 3736 aMinistris

436 3775 491 3840 vel
514 3794 533 3838 a
557 3775 660 3841 choro
684 3784 869 3853 cantorum,
894 3797 1044 3862 quaeque
1068 3778 1102 3841 in
1128 3777 1228 3842 Missa
1251 3776 1382 3861 privata
1398 3773 1493 3839 clara
1508 3793 1591 3840 voce
1609 3797 1661 3843 es·

435 3889 510 3948 sent
534 3881 713 3949 recitanda.
739 3883 876 3949 Secreta
899 3892 1011 3950 autem
1036 3890 1153 3950 utetur
1176 3885 1210 3948 iu
1234 3880 1412 3949 recitandis
1436 3883 1475 3948 iis
1505 3884 1660 3952 omnibus

433 4011 519 4075 quae
542 3996 672 4055 secreto
695 3990 834 4055 dicenda
857 3997 968 4069 eruut,
987 3998 1024 4058 ut
1049 3994 1082 4056 in
1107 3992 1208 4057 Missa
1231 3992 1373 4078 privata.

521 4098 574 4164 35.
600 4097 740 4163 Necesse
764 4099 863 4164 etiam
887 4105 939 4164 est
961 4100 1037 4164 heic
1060 4119 1173 4165 sacros
1198 4099 1372 4164 Ministros
1396 4095 1664 4164 commoneface-

432 4227 470 4273 re
493 4207 534 4272 de
558 4204 653 4271 modo
678 4211 711 4270 et
735 4207 864 4272 ratione
888 4226 952 4290 qua
975 4206 1117 4272 debeant
1141 4227 1211 4271 rem
1230 4207 1373 4290 aliquam
1390 4207 1582 4271 ministrare
1595 4211 1660 4274 aut

431 4316 582 4400 accipere
606 4334 625 4377 a
650 4312 859 4390 Celebrante;
885 4314 971 4397 quod
995 4317 1158 4380 monitum
1182 4315 1363 4380 Diaconum
1388 4316 1586 4400 praesertim
1605 4335 1660 4381 re-

431 4423 537 4506 spicit.
562 4421 772 4508 Quapropter
794 4441 895 4505 quum
920 4441 973 4487 res
997 4422 1156 4506 quaedam
1173 4422 1364 4487 Celebranti
1380 4423 1424 4487 sit
1440 4421 1656 4507 porrigenda,

502 4564 544 4631 (a)
566 4565 732 4630 PraesuleS,
751 4564 799 4638 qui
819 4564 849 4620 iu
868 4563 960 4621 choro
979 4564 1094 4630 adsunt,
1114 4562 1214 4620 babitu
1233 4562 1353 4638 proprio
1367 4563 1524 4635 dignitatis,
1539 4580 1600 4637 qua
1615 4564 1659 4622 in·

430 4650 529 4721 signiri
548 4663 624 4719 suut,
644 4655 684 4711 uti
705 4655 821 4712 debent.
