<?xml version="1.0" encoding="UTF-8"?>
<!DOCTYPE html PUBLIC "-//W3C//DTD XHTML 1.0 Transitional//EN"
    "http://www.w3.org/TR/xhtml1/DTD/xhtml1-transitional.dtd">
<html xmlns="http://www.w3.org/1999/xhtml" xml:lang="en" lang="en">
 <head>
  <title>
</title>
<meta http-equiv="Content-Type" content="text/html;charset=utf-8" />
  <meta name='ocr-system' content='tesseract 3.04.00' />
  <meta name='ocr-capabilities' content='ocr_page ocr_carea ocr_par ocr_line ocrx_word'/>
</head>
<body>
  <div class='ocr_page' id='page_1' title='image "./manualesacrarum00martgoog_0564.png"; bbox 0 0 4175 5717; ppageno 0'>
   <div class='ocr_carea' id='block_1_1' title="bbox 526 709 1106 774">
    <p class='ocr_par' dir='ltr' id='par_1_1' title="bbox 526 709 1106 774">
     <span class='ocr_line' id='line_1_1' title="bbox 526 709 1106 774; baseline 0 -2"><span class='ocrx_word' id='word_1_1' title='bbox 526 709 587 772; x_wconf 90' lang='lat'>174</span> <span class='ocrx_word' id='word_1_2' title='bbox 981 728 1045 774; x_wconf 81' lang='lat' dir='ltr'>are.</span> <span class='ocrx_word' id='word_1_3' title='bbox 1071 729 1106 774; x_wconf 89' lang='lat'>11.</span> 
     </span>
    </p>
   </div>
   <div class='ocr_carea' id='block_1_2' title="bbox 429 831 1693 3825">
    <p class='ocr_par' dir='ltr' id='par_1_2' title="bbox 429 831 1664 1562">
     <span class='ocr_line' id='line_1_2' title="bbox 519 831 1661 922; baseline -0.005 -22"><span class='ocrx_word' id='word_1_4' title='bbox 519 835 572 900; x_wconf 86' lang='grc'>94.</span> <span class='ocrx_word' id='word_1_5' title='bbox 596 835 634 900; x_wconf 94' lang='lat' dir='ltr'>ln</span> <span class='ocrx_word' id='word_1_6' title='bbox 658 835 812 922; x_wconf 84' lang='lat' dir='ltr'>ingressu</span> <span class='ocrx_word' id='word_1_7' title='bbox 835 836 1036 921; x_wconf 85' lang='lat' dir='ltr'>presbyterii</span> <span class='ocrx_word' id='word_1_8' title='bbox 1060 847 1159 921; x_wconf 91' lang='lat' dir='ltr'>caput</span> <span class='ocrx_word' id='word_1_9' title='bbox 1184 832 1356 898; x_wconf 89' lang='lat' dir='ltr'>nudabunt</span> <span class='ocrx_word' id='word_1_10' title='bbox 1377 839 1411 896; x_wconf 88' lang='lat' dir='ltr'>et</span> <span class='ocrx_word' id='word_1_11' title='bbox 1425 831 1572 897; x_wconf 90' lang='lat' dir='ltr'>biretum</span> <span class='ocrx_word' id='word_1_12' title='bbox 1589 834 1661 895; x_wconf 87' lang='lat' dir='ltr'>tra·</span> 
     </span>
     <span class='ocr_line' id='line_1_3' title="bbox 431 936 1656 1029; baseline -0.002 -24"><span class='ocrx_word' id='word_1_13' title='bbox 431 943 510 1007; x_wconf 90' lang='lat' dir='ltr'>dent</span> <span class='ocrx_word' id='word_1_14' title='bbox 544 942 823 1019; x_wconf 88' lang='lat' dir='ltr'>Cacremoniario,</span> <span class='ocrx_word' id='word_1_15' title='bbox 847 945 903 1027; x_wconf 92' lang='lat' dir='ltr'>qui</span> <span class='ocrx_word' id='word_1_16' title='bbox 926 942 1013 1029; x_wconf 92' lang='lat' dir='ltr'>apud</span> <span class='ocrx_word' id='word_1_17' title='bbox 1047 951 1175 1028; x_wconf 88' lang='lat' dir='ltr'>partem</span> <span class='ocrx_word' id='word_1_18' title='bbox 1199 938 1372 1004; x_wconf 87' lang='lat' dir='ltr'>dexteram</span> <span class='ocrx_word' id='word_1_19' title='bbox 1405 939 1506 1024; x_wconf 86' lang='lat' dir='ltr'>ipsius</span> <span class='ocrx_word' id='word_1_20' title='bbox 1539 936 1656 1003; x_wconf 85' lang='lat' dir='ltr'>aditus</span> 
     </span>
     <span class='ocr_line' id='line_1_4' title="bbox 430 1043 1659 1136; baseline -0.002 -23"><span class='ocrx_word' id='word_1_21' title='bbox 430 1049 599 1115; x_wconf 76' lang='lat' dir='ltr'><strong>subsistet.</strong></span> <span class='ocrx_word' id='word_1_22' title='bbox 627 1049 689 1124; x_wconf 81' lang='lat' dir='ltr'>Qui</span> <span class='ocrx_word' id='word_1_23' title='bbox 714 1055 832 1116; x_wconf 89' lang='lat' dir='ltr'>cantor</span> <span class='ocrx_word' id='word_1_24' title='bbox 856 1051 1001 1136; x_wconf 89' lang='lat' dir='ltr'>portabit</span> <span class='ocrx_word' id='word_1_25' title='bbox 1024 1048 1157 1122; x_wconf 86' lang='lat' dir='ltr'>librum,</span> <span class='ocrx_word' id='word_1_26' title='bbox 1183 1045 1325 1112; x_wconf 92' lang='lat' dir='ltr'>medium</span> <span class='ocrx_word' id='word_1_27' title='bbox 1348 1045 1458 1112; x_wconf 88' lang='lat' dir='ltr'>locum</span> <span class='ocrx_word' id='word_1_28' title='bbox 1482 1043 1659 1110; x_wconf 80' lang='lat' dir='ltr'>obtinebit</span> 
     </span>
     <span class='ocr_line' id='line_1_5' title="bbox 430 1150 1660 1241; baseline -0.002 -22"><span class='ocrx_word' id='word_1_29' title='bbox 430 1155 492 1230; x_wconf 79' lang='lat' dir='ltr'>out</span> <span class='ocrx_word' id='word_1_30' title='bbox 517 1156 642 1222; x_wconf 90' lang='lat' dir='ltr'>Christi</span> <span class='ocrx_word' id='word_1_31' title='bbox 664 1177 839 1241; x_wconf 90' lang='lat' dir='ltr'>personam</span> <span class='ocrx_word' id='word_1_32' title='bbox 863 1157 933 1240; x_wconf 85' lang='lat' dir='ltr'>agit</span> <span class='ocrx_word' id='word_1_33' title='bbox 957 1156 1104 1222; x_wconf 91' lang='lat' dir='ltr'>adstabit</span> <span class='ocrx_word' id='word_1_34' title='bbox 1130 1153 1353 1228; x_wconf 83' lang='lat' dir='ltr'>dextrorsum,</span> <span class='ocrx_word' id='word_1_35' title='bbox 1378 1152 1433 1236; x_wconf 91' lang='lat' dir='ltr'>qui</span> <span class='ocrx_word' id='word_1_36' title='bbox 1467 1150 1660 1226; x_wconf 89' lang='lat' dir='ltr'>turbarum,</span> 
     </span>
     <span class='ocr_line' id='line_1_6' title="bbox 429 1258 1661 1348; baseline -0.001 -23"><span class='ocrx_word' id='word_1_37' title='bbox 429 1265 657 1330; x_wconf 72' lang='lat' dir='ltr'>sinistrorsum</span> <span class='ocrx_word' id='word_1_38' title='bbox 681 1271 715 1328; x_wconf 91' lang='lat' dir='ltr'>et</span> <span class='ocrx_word' id='word_1_39' title='bbox 738 1264 952 1348; x_wconf 85' lang='lat' dir='ltr'>sequentibus</span> <span class='ocrx_word' id='word_1_40' title='bbox 975 1262 1083 1327; x_wconf 90' lang='lat' dir='ltr'>tribus</span> <span class='ocrx_word' id='word_1_41' title='bbox 1108 1261 1239 1328; x_wconf 82' lang='lat' dir='ltr'><strong>clericis</strong></span> <span class='ocrx_word' id='word_1_42' title='bbox 1257 1259 1439 1346; x_wconf 78' lang='lat' dir='ltr'>procedent</span> <span class='ocrx_word' id='word_1_43' title='bbox 1454 1258 1557 1324; x_wconf 89' lang='lat' dir='ltr'>simul</span> <span class='ocrx_word' id='word_1_44' title='bbox 1578 1263 1661 1324; x_wconf 84' lang='lat' dir='ltr'>ante</span> 
     </span>
     <span class='ocr_line' id='line_1_7' title="bbox 430 1365 1664 1454; baseline -0.002 -20"><span class='ocrx_word' id='word_1_45' title='bbox 430 1370 558 1446; x_wconf 73' lang='lat' dir='ltr'>Altera,</span> <span class='ocrx_word' id='word_1_46' title='bbox 583 1368 809 1454; x_wconf 86' lang='lat' dir='ltr'>genuflectent</span> <span class='ocrx_word' id='word_1_47' title='bbox 833 1379 866 1435; x_wconf 93' lang='lat' dir='ltr'>et</span> <span class='ocrx_word' id='word_1_48' title='bbox 890 1370 1031 1435; x_wconf 90' lang='lat' dir='ltr'>chorum</span> <span class='ocrx_word' id='word_1_49' title='bbox 1056 1367 1256 1434; x_wconf 88' lang='lat' dir='ltr'>salutabunt</span> <span class='ocrx_word' id='word_1_50' title='bbox 1279 1368 1385 1454; x_wconf 89' lang='lat' dir='ltr'>primo</span> <span class='ocrx_word' id='word_1_51' title='bbox 1408 1387 1454 1434; x_wconf 82' lang='lat' dir='ltr'>ex·</span> <span class='ocrx_word' id='word_1_52' title='bbox 1468 1373 1566 1454; x_wconf 90' lang='lat' dir='ltr'>parte</span> <span class='ocrx_word' id='word_1_53' title='bbox 1583 1365 1664 1454; x_wconf 84' lang='lat' dir='ltr'>Epi-</span> 
     </span>
     <span class='ocr_line' id='line_1_8' title="bbox 431 1476 903 1562; baseline -0.002 -20"><span class='ocrx_word' id='word_1_54' title='bbox 431 1477 550 1552; x_wconf 87' lang='lat' dir='ltr'>stolae,</span> <span class='ocrx_word' id='word_1_55' title='bbox 575 1476 693 1543; x_wconf 90' lang='lat' dir='ltr'>deinde</span> <span class='ocrx_word' id='word_1_56' title='bbox 719 1477 903 1562; x_wconf 79' lang='lat' dir='ltr'>Evangelii.</span> 
     </span>
    </p>

    <p class='ocr_par' dir='ltr' id='par_1_3' title="bbox 430 1581 1665 2209">
     <span class='ocr_line' id='line_1_9' title="bbox 518 1581 1664 1666; baseline -0.002 -16"><span class='ocrx_word' id='word_1_57' title='bbox 518 1584 571 1650; x_wconf 87' lang='lat'>95.</span> <span class='ocrx_word' id='word_1_58' title='bbox 598 1584 723 1650; x_wconf 84' lang='lat' dir='ltr'>Eodem</span> <span class='ocrx_word' id='word_1_59' title='bbox 746 1591 780 1649; x_wconf 91' lang='lat' dir='ltr'>et</span> <span class='ocrx_word' id='word_1_60' title='bbox 804 1583 920 1650; x_wconf 92' lang='lat' dir='ltr'>ordine</span> <span class='ocrx_word' id='word_1_61' title='bbox 944 1590 978 1649; x_wconf 92' lang='lat' dir='ltr'>et</span> <span class='ocrx_word' id='word_1_62' title='bbox 1001 1585 1067 1648; x_wconf 89' lang='lat' dir='ltr'>situ</span> <span class='ocrx_word' id='word_1_63' title='bbox 1093 1585 1229 1650; x_wconf 83' lang='lat' dir='ltr'>venient</span> <span class='ocrx_word' id='word_1_64' title='bbox 1251 1582 1293 1648; x_wconf 92' lang='lat' dir='ltr'>ad</span> <span class='ocrx_word' id='word_1_65' title='bbox 1316 1581 1427 1648; x_wconf 90' lang='lat' dir='ltr'>locum</span> <span class='ocrx_word' id='word_1_66' title='bbox 1451 1583 1487 1646; x_wconf 92' lang='lat' dir='ltr'>in</span> <span class='ocrx_word' id='word_1_67' title='bbox 1509 1600 1577 1666; x_wconf 90' lang='lat' dir='ltr'>quo</span> <span class='ocrx_word' id='word_1_68' title='bbox 1607 1601 1664 1648; x_wconf 84' lang='lat' dir='ltr'>ca·</span> 
     </span>
     <span class='ocr_line' id='line_1_10' title="bbox 430 1687 1664 1776; baseline -0.001 -21"><span class='ocrx_word' id='word_1_69' title='bbox 430 1694 522 1757; x_wconf 91' lang='lat' dir='ltr'>nitur</span> <span class='ocrx_word' id='word_1_70' title='bbox 547 1692 777 1776; x_wconf 78' lang='lat' dir='ltr'>Evangelium:</span> <span class='ocrx_word' id='word_1_71' title='bbox 795 1691 920 1757; x_wconf 77' lang='lat' dir='ltr'>Cantor</span> <span class='ocrx_word' id='word_1_72' title='bbox 937 1691 1038 1758; x_wconf 88' lang='lat' dir='ltr'>stabit</span> <span class='ocrx_word' id='word_1_73' title='bbox 1055 1690 1192 1767; x_wconf 90' lang='lat' dir='ltr'>medius,</span> <span class='ocrx_word' id='word_1_74' title='bbox 1208 1710 1228 1754; x_wconf 89' lang='lat' dir='ltr'>a</span> <span class='ocrx_word' id='word_1_75' title='bbox 1244 1690 1372 1756; x_wconf 82' lang='lat' dir='ltr'>dextris</span> <span class='ocrx_word' id='word_1_76' title='bbox 1388 1691 1458 1756; x_wconf 91' lang='lat' dir='ltr'>eius</span> <span class='ocrx_word' id='word_1_77' title='bbox 1475 1689 1533 1774; x_wconf 90' lang='lat' dir='ltr'>qui</span> <span class='ocrx_word' id='word_1_78' title='bbox 1564 1687 1664 1755; x_wconf 86' lang='lat' dir='ltr'>Chri·</span> 
     </span>
     <span class='ocr_line' id='line_1_11' title="bbox 430 1796 1665 1886; baseline -0.001 -21"><span class='ocrx_word' id='word_1_79' title='bbox 430 1803 482 1876; x_wconf 92' lang='lat' dir='ltr'>sti,</span> <span class='ocrx_word' id='word_1_80' title='bbox 507 1821 527 1864; x_wconf 91' lang='lat' dir='ltr'>a</span> <span class='ocrx_word' id='word_1_81' title='bbox 550 1802 694 1866; x_wconf 83' lang='lat' dir='ltr'>sinistris</span> <span class='ocrx_word' id='word_1_82' title='bbox 718 1802 773 1883; x_wconf 91' lang='lat' dir='ltr'>qui</span> <span class='ocrx_word' id='word_1_83' title='bbox 797 1800 973 1866; x_wconf 87' lang='lat' dir='ltr'>turbarum</span> <span class='ocrx_word' id='word_1_84' title='bbox 998 1806 1110 1886; x_wconf 90' lang='lat' dir='ltr'>partes</span> <span class='ocrx_word' id='word_1_85' title='bbox 1134 1801 1287 1865; x_wconf 88' lang='lat' dir='ltr'>sustinet.</span> <span class='ocrx_word' id='word_1_86' title='bbox 1313 1798 1507 1886; x_wconf 86' lang='lat' dir='ltr'>Cappellani</span> <span class='ocrx_word' id='word_1_87' title='bbox 1540 1796 1665 1864; x_wconf 86' lang='lat' dir='ltr'>adver·</span> 
     </span>
     <span class='ocr_line' id='line_1_12' title="bbox 431 1904 1664 1993; baseline 0.001 -22"><span class='ocrx_word' id='word_1_88' title='bbox 431 1929 487 1971; x_wconf 92' lang='lat' dir='ltr'>sus</span> <span class='ocrx_word' id='word_1_89' title='bbox 511 1914 665 1972; x_wconf 89' lang='lat' dir='ltr'>cantores</span> <span class='ocrx_word' id='word_1_90' title='bbox 689 1909 777 1993; x_wconf 88' lang='lat' dir='ltr'>ipsos</span> <span class='ocrx_word' id='word_1_91' title='bbox 801 1908 996 1973; x_wconf 89' lang='lat' dir='ltr'>consistent.</span> <span class='ocrx_word' id='word_1_92' title='bbox 1022 1907 1188 1973; x_wconf 86' lang='lat' dir='ltr'>Diaconus</span> <span class='ocrx_word' id='word_1_93' title='bbox 1217 1912 1335 1972; x_wconf 88' lang='lat' dir='ltr'>cantor</span> <span class='ocrx_word' id='word_1_94' title='bbox 1365 1904 1488 1971; x_wconf 87' lang='lat' dir='ltr'>librum</span> <span class='ocrx_word' id='word_1_95' title='bbox 1519 1913 1664 1992; x_wconf 79' lang='lat' dir='ltr'>gestans</span> 
     </span>
     <span class='ocr_line' id='line_1_13' title="bbox 430 2015 1663 2101; baseline 0.001 -22"><span class='ocrx_word' id='word_1_96' title='bbox 430 2017 557 2101; x_wconf 89' lang='lat' dir='ltr'>aperiet</span> <span class='ocrx_word' id='word_1_97' title='bbox 579 2036 619 2079; x_wconf 89' lang='lat' dir='ltr'>ac</span> <span class='ocrx_word' id='word_1_98' title='bbox 642 2016 754 2080; x_wconf 88' lang='lat' dir='ltr'>tradet</span> <span class='ocrx_word' id='word_1_99' title='bbox 777 2035 852 2081; x_wconf 92' lang='lat' dir='ltr'>eum</span> <span class='ocrx_word' id='word_1_100' title='bbox 876 2037 936 2081; x_wconf 89' lang='lat' dir='ltr'>suo</span> <span class='ocrx_word' id='word_1_101' title='bbox 960 2015 1176 2101; x_wconf 76' lang='lat' dir='ltr'>cappellano·</span> <span class='ocrx_word' id='word_1_102' title='bbox 1194 2017 1248 2100; x_wconf 86' lang='lat' dir='ltr'>qui</span> <span class='ocrx_word' id='word_1_103' title='bbox 1284 2015 1461 2080; x_wconf 83' lang='lat' dir='ltr'>sustinebit</span> <span class='ocrx_word' id='word_1_104' title='bbox 1490 2021 1663 2100; x_wconf 89' lang='lat' dir='ltr'>apertum,</span> 
     </span>
     <span class='ocr_line' id='line_1_14' title="bbox 432 2121 1556 2209; baseline -0.001 -22"><span class='ocrx_word' id='word_1_105' title='bbox 432 2131 466 2188; x_wconf 87' lang='lat' dir='ltr'>et</span> <span class='ocrx_word' id='word_1_106' title='bbox 489 2124 537 2188; x_wconf 87' lang='lat' dir='ltr'>sic</span> <span class='ocrx_word' id='word_1_107' title='bbox 560 2121 714 2209; x_wconf 83' lang='lat' dir='ltr'>deinceps</span> <span class='ocrx_word' id='word_1_108' title='bbox 737 2124 858 2208; x_wconf 85' lang='lat' dir='ltr'>reliqui</span> <span class='ocrx_word' id='word_1_109' title='bbox 881 2124 945 2190; x_wconf 92' lang='lat' dir='ltr'>duo</span> <span class='ocrx_word' id='word_1_110' title='bbox 969 2123 1162 2189; x_wconf 83' lang='lat' dir='ltr'>alternatim</span> <span class='ocrx_word' id='word_1_111' title='bbox 1186 2123 1309 2189; x_wconf 87' lang='lat' dir='ltr'>librum</span> <span class='ocrx_word' id='word_1_112' title='bbox 1333 2122 1556 2188; x_wconf 85' lang='lat' dir='ltr'>sustinebunt.</span> 
     </span>
    </p>

    <p class='ocr_par' dir='ltr' id='par_1_4' title="bbox 430 2230 1666 2730">
     <span class='ocr_line' id='line_1_15' title="bbox 520 2230 1663 2315; baseline 0 -21"><span class='ocrx_word' id='word_1_113' title='bbox 520 2230 572 2294; x_wconf 83' lang='grc'>96.</span> <span class='ocrx_word' id='word_1_114' title='bbox 598 2230 723 2296; x_wconf 83' lang='lat' dir='ltr'>Cantor</span> <span class='ocrx_word' id='word_1_115' title='bbox 746 2233 882 2315; x_wconf 85' lang='lat' dir='ltr'>incipiet</span> <span class='ocrx_word' id='word_1_116' title='bbox 905 2251 1027 2296; x_wconf 89' lang='lat' dir='ltr'>canere</span> <span class='ocrx_word' id='word_1_117' title='bbox 1044 2231 1147 2296; x_wconf 79' lang='lat' dir='ltr'>rerba</span> <span class='ocrx_word' id='word_1_118' title='bbox 1165 2232 1289 2298; x_wconf 82' lang='lat' dir='ltr'>Passio</span> <span class='ocrx_word' id='word_1_119' title='bbox 1307 2231 1451 2304; x_wconf 77' lang='lat' dir='ltr'>Domini,</span> <span class='ocrx_word' id='word_1_120' title='bbox 1461 2231 1580 2298; x_wconf 75' lang='lat' dir='ltr'>nostri</span> <span class='ocrx_word' id='word_1_121' title='bbox 1595 2235 1663 2298; x_wconf 82' lang='lat' dir='ltr'>eto.</span> 
     </span>
     <span class='ocr_line' id='line_1_16' title="bbox 433 2337 1665 2423; baseline 0.003 -21"><span class='ocrx_word' id='word_1_122' title='bbox 433 2337 562 2402; x_wconf 88' lang='lat' dir='ltr'>Chorus</span> <span class='ocrx_word' id='word_1_123' title='bbox 586 2338 695 2402; x_wconf 88' lang='lat' dir='ltr'>statim</span> <span class='ocrx_word' id='word_1_124' title='bbox 723 2343 913 2423; x_wconf 85' lang='lat' dir='ltr'>consurget,</span> <span class='ocrx_word' id='word_1_125' title='bbox 940 2340 1174 2423; x_wconf 87' lang='lat' dir='ltr'>unusquisque,</span> <span class='ocrx_word' id='word_1_126' title='bbox 1201 2344 1270 2402; x_wconf 89' lang='lat' dir='ltr'>toto</span> <span class='ocrx_word' id='word_1_127' title='bbox 1302 2338 1469 2402; x_wconf 88' lang='lat' dir='ltr'>Passionis</span> <span class='ocrx_word' id='word_1_128' title='bbox 1500 2343 1665 2406; x_wconf 83' lang='lat' dir='ltr'>cantatae</span> 
     </span>
     <span class='ocr_line' id='line_1_17' title="bbox 430 2446 1665 2538; baseline 0.005 -30"><span class='ocrx_word' id='word_1_129' title='bbox 430 2457 578 2530; x_wconf 89' lang='lat' dir='ltr'>tempore</span> <span class='ocrx_word' id='word_1_130' title='bbox 601 2465 667 2510; x_wconf 92' lang='lat' dir='ltr'>non</span> <span class='ocrx_word' id='word_1_131' title='bbox 695 2453 836 2531; x_wconf 83' lang='lat' dir='ltr'>excepta</span> <span class='ocrx_word' id='word_1_132' title='bbox 859 2447 976 2511; x_wconf 91' lang='lat' dir='ltr'>ultima</span> <span class='ocrx_word' id='word_1_133' title='bbox 1010 2453 1149 2538; x_wconf 78' lang='lat' dir='ltr'>pastea</span> <span class='ocrx_word' id='word_1_134' title='bbox 1181 2446 1325 2511; x_wconf 88' lang='lat' dir='ltr'>Diacono</span> <span class='ocrx_word' id='word_1_135' title='bbox 1356 2447 1568 2512; x_wconf 83' lang='lat' dir='ltr'>ministrante</span> <span class='ocrx_word' id='word_1_136' title='bbox 1602 2467 1665 2514; x_wconf 83' lang='lat' dir='ltr'>ca-</span> 
     </span>
     <span class='ocr_line' id='line_1_18' title="bbox 432 2551 1666 2638; baseline 0.005 -24"><span class='ocrx_word' id='word_1_137' title='bbox 432 2551 549 2628; x_wconf 91' lang='lat' dir='ltr'>nenda,</span> <span class='ocrx_word' id='word_1_138' title='bbox 574 2553 717 2638; x_wconf 91' lang='lat' dir='ltr'>palmam</span> <span class='ocrx_word' id='word_1_139' title='bbox 741 2555 883 2619; x_wconf 86' lang='lat' dir='ltr'>dextera</span> <span class='ocrx_word' id='word_1_140' title='bbox 906 2552 1092 2619; x_wconf 89' lang='lat' dir='ltr'>sustinebit.</span> <span class='ocrx_word' id='word_1_141' title='bbox 1120 2552 1154 2618; x_wconf 93' lang='lat' dir='ltr'>ld</span> <span class='ocrx_word' id='word_1_142' title='bbox 1179 2555 1280 2618; x_wconf 87' lang='lat' dir='ltr'>etiarn</span> <span class='ocrx_word' id='word_1_143' title='bbox 1303 2552 1492 2618; x_wconf 88' lang='lat' dir='ltr'>servabitur</span> <span class='ocrx_word' id='word_1_144' title='bbox 1523 2573 1544 2618; x_wconf 91' lang='lat' dir='ltr'>a</span> <span class='ocrx_word' id='word_1_145' title='bbox 1574 2573 1666 2620; x_wconf 86' lang='lat' dir='ltr'>can-</span> 
     </span>
     <span class='ocr_line' id='line_1_19' title="bbox 434 2659 762 2730; baseline 0.009 -8"><span class='ocrx_word' id='word_1_146' title='bbox 434 2659 560 2724; x_wconf 90' lang='lat' dir='ltr'>toribus</span> <span class='ocrx_word' id='word_1_147' title='bbox 584 2660 762 2730; x_wconf 83' lang='lat' dir='ltr'>Passionis.</span> 
     </span>
    </p>

    <p class='ocr_par' dir='ltr' id='par_1_5' title="bbox 430 2765 1693 3825">
     <span class='ocr_line' id='line_1_20' title="bbox 519 2765 1664 2854; baseline 0.003 -21"><span class='ocrx_word' id='word_1_148' title='bbox 519 2767 573 2833; x_wconf 81' lang='lat'>97.</span> <span class='ocrx_word' id='word_1_149' title='bbox 598 2768 642 2835; x_wconf 87' lang='lat' dir='ltr'>Ut</span> <span class='ocrx_word' id='word_1_150' title='bbox 666 2770 781 2834; x_wconf 88' lang='lat' dir='ltr'>Passio</span> <span class='ocrx_word' id='word_1_151' title='bbox 806 2788 889 2854; x_wconf 91' lang='lat' dir='ltr'>quae</span> <span class='ocrx_word' id='word_1_152' title='bbox 912 2769 1047 2834; x_wconf 90' lang='lat' dir='ltr'>canitur</span> <span class='ocrx_word' id='word_1_153' title='bbox 1072 2768 1157 2834; x_wconf 91' lang='lat' dir='ltr'>bono</span> <span class='ocrx_word' id='word_1_154' title='bbox 1181 2765 1389 2834; x_wconf 80' lang='lat' dir='ltr'>adstantibus</span> <span class='ocrx_word' id='word_1_155' title='bbox 1414 2767 1568 2854; x_wconf 86' lang='lat' dir='ltr'>exemplo</span> <span class='ocrx_word' id='word_1_156' title='bbox 1607 2769 1664 2848; x_wconf 87' lang='lat' dir='ltr'>sit,</span> 
     </span>
     <span class='ocr_line' id='line_1_21' title="bbox 433 2874 1667 2954; baseline 0.004 -15"><span class='ocrx_word' id='word_1_157' title='bbox 433 2896 568 2943; x_wconf 88' lang='lat' dir='ltr'>necesse</span> <span class='ocrx_word' id='word_1_158' title='bbox 592 2883 644 2943; x_wconf 88' lang='lat' dir='ltr'>est</span> <span class='ocrx_word' id='word_1_159' title='bbox 667 2883 705 2942; x_wconf 88' lang='lat' dir='ltr'>ut</span> <span class='ocrx_word' id='word_1_160' title='bbox 728 2875 966 2942; x_wconf 86' lang='lat' dir='ltr'>antecedenter</span> <span class='ocrx_word' id='word_1_161' title='bbox 990 2882 1145 2941; x_wconf 89' lang='lat' dir='ltr'>cantores</span> <span class='ocrx_word' id='word_1_162' title='bbox 1164 2877 1251 2942; x_wconf 89' lang='lat' dir='ltr'>inter</span> <span class='ocrx_word' id='word_1_163' title='bbox 1267 2895 1303 2941; x_wconf 91' lang='lat' dir='ltr'>se</span> <span class='ocrx_word' id='word_1_164' title='bbox 1327 2874 1366 2941; x_wconf 89' lang='lat' dir='ltr'>de</span> <span class='ocrx_word' id='word_1_165' title='bbox 1383 2875 1447 2954; x_wconf 88' lang='lat' dir='ltr'>hoc</span> <span class='ocrx_word' id='word_1_166' title='bbox 1464 2881 1566 2942; x_wconf 85' lang='lat' dir='ltr'>cantu</span> <span class='ocrx_word' id='word_1_167' title='bbox 1584 2896 1667 2944; x_wconf 89' lang='lat' dir='ltr'>con·</span> 
     </span>
     <span class='ocr_line' id='line_1_22' title="bbox 431 2983 1664 3062; baseline 0.003 -16"><span class='ocrx_word' id='word_1_168' title='bbox 431 2986 576 3062; x_wconf 84' lang='lat' dir='ltr'>ueniant,</span> <span class='ocrx_word' id='word_1_169' title='bbox 601 3004 665 3050; x_wconf 90' lang='lat' dir='ltr'>nec</span> <span class='ocrx_word' id='word_1_170' title='bbox 687 2983 840 3049; x_wconf 88' lang='lat' dir='ltr'>dissonae</span> <span class='ocrx_word' id='word_1_171' title='bbox 864 2984 931 3048; x_wconf 91' lang='lat' dir='ltr'>sint</span> <span class='ocrx_word' id='word_1_172' title='bbox 955 3002 1070 3048; x_wconf 92' lang='lat' dir='ltr'>eorum</span> <span class='ocrx_word' id='word_1_173' title='bbox 1103 2983 1254 3048; x_wconf 85' lang='lat' dir='ltr'>diversae</span> <span class='ocrx_word' id='word_1_174' title='bbox 1286 3002 1394 3056; x_wconf 81' lang='lat' dir='ltr'>roces;</span> <span class='ocrx_word' id='word_1_175' title='bbox 1430 2984 1664 3050; x_wconf 89' lang='lat' dir='ltr'>necessarium</span> 
     </span>
     <span class='ocr_line' id='line_1_23' title="bbox 431 3089 1666 3177; baseline 0.004 -23"><span class='ocrx_word' id='word_1_176' title='bbox 431 3093 534 3176; x_wconf 82' lang='lat' dir='ltr'>magis</span> <span class='ocrx_word' id='word_1_177' title='bbox 558 3097 669 3157; x_wconf 90' lang='lat' dir='ltr'>estut</span> <span class='ocrx_word' id='word_1_178' title='bbox 693 3111 793 3175; x_wconf 91' lang='lat' dir='ltr'>super</span> <span class='ocrx_word' id='word_1_179' title='bbox 818 3092 905 3156; x_wconf 89' lang='lat' dir='ltr'>notis</span> <span class='ocrx_word' id='word_1_180' title='bbox 929 3092 1143 3177; x_wconf 84' lang='lat' dir='ltr'>praescriptis</span> <span class='ocrx_word' id='word_1_181' title='bbox 1167 3097 1332 3166; x_wconf 88' lang='lat' dir='ltr'>cantetur,</span> <span class='ocrx_word' id='word_1_182' title='bbox 1350 3108 1458 3174; x_wconf 90' lang='lat' dir='ltr'>neque</span> <span class='ocrx_word' id='word_1_183' title='bbox 1474 3089 1586 3156; x_wconf 91' lang='lat' dir='ltr'>ullum</span> <span class='ocrx_word' id='word_1_184' title='bbox 1605 3089 1666 3160; x_wconf 82' lang='lat' dir='ltr'>flat</span> 
     </span>
     <span class='ocr_line' id='line_1_24' title="bbox 430 3196 1664 3285; baseline 0.003 -24"><span class='ocrx_word' id='word_1_185' title='bbox 430 3207 585 3263; x_wconf 92' lang='lat' dir='ltr'>notarum</span> <span class='ocrx_word' id='word_1_186' title='bbox 609 3197 871 3263; x_wconf 89' lang='lat' dir='ltr'>additamentum</span> <span class='ocrx_word' id='word_1_187' title='bbox 896 3203 955 3262; x_wconf 91' lang='lat' dir='ltr'>aut</span> <span class='ocrx_word' id='word_1_188' title='bbox 971 3199 1129 3283; x_wconf 89' lang='lat' dir='ltr'>crispatio</span> <span class='ocrx_word' id='word_1_189' title='bbox 1146 3199 1236 3263; x_wconf 76' lang='lat' dir='ltr'>iocis</span> <span class='ocrx_word' id='word_1_190' title='bbox 1254 3217 1312 3262; x_wconf 92' lang='lat' dir='ltr'>seu</span> <span class='ocrx_word' id='word_1_191' title='bbox 1329 3196 1664 3285; x_wconf 83' lang='lat' dir='ltr'>frequentamentnm</span> 
     </span>
     <span class='ocr_line' id='line_1_25' title="bbox 431 3304 1666 3392; baseline 0.006 -24"><span class='ocrx_word' id='word_1_192' title='bbox 431 3311 490 3370; x_wconf 92' lang='lat' dir='ltr'>ant</span> <span class='ocrx_word' id='word_1_193' title='bbox 512 3306 710 3370; x_wconf 91' lang='lat' dir='ltr'>arbitrarius</span> <span class='ocrx_word' id='word_1_194' title='bbox 741 3304 918 3392; x_wconf 89' lang='lat' dir='ltr'>depressus</span> <span class='ocrx_word' id='word_1_195' title='bbox 954 3311 1136 3371; x_wconf 85' lang='lat' dir='ltr'>concentus</span> <span class='ocrx_word' id='word_1_196' title='bbox 1172 3312 1206 3371; x_wconf 87' lang='lat' dir='ltr'>et</span> <span class='ocrx_word' id='word_1_197' title='bbox 1237 3305 1304 3370; x_wconf 89' lang='lat' dir='ltr'>alia</span> <span class='ocrx_word' id='word_1_198' title='bbox 1337 3305 1537 3371; x_wconf 90' lang='lat' dir='ltr'>huiusmodi:</span> <span class='ocrx_word' id='word_1_199' title='bbox 1574 3327 1666 3392; x_wconf 88' lang='lat' dir='ltr'>quae</span> 
     </span>
     <span class='ocr_line' id='line_1_26' title="bbox 430 3411 1667 3500; baseline 0.007 -26"><span class='ocrx_word' id='word_1_200' title='bbox 430 3415 666 3496; x_wconf 87' lang='lat' dir='ltr'>praeterquam</span> <span class='ocrx_word' id='word_1_201' title='bbox 691 3411 779 3497; x_wconf 92' lang='lat' dir='ltr'>quod</span> <span class='ocrx_word' id='word_1_202' title='bbox 803 3418 902 3478; x_wconf 82' lang='lat' dir='ltr'>extra</span> <span class='ocrx_word' id='word_1_203' title='bbox 926 3413 1078 3500; x_wconf 79' lang='lat' dir='ltr'>regulam</span> <span class='ocrx_word' id='word_1_204' title='bbox 1112 3419 1233 3490; x_wconf 86' lang='lat' dir='ltr'>essent,</span> <span class='ocrx_word' id='word_1_205' title='bbox 1264 3412 1376 3478; x_wconf 87' lang='lat' dir='ltr'>locum</span> <span class='ocrx_word' id='word_1_206' title='bbox 1407 3412 1487 3478; x_wconf 92' lang='lat' dir='ltr'>dare</span> <span class='ocrx_word' id='word_1_207' title='bbox 1522 3423 1667 3500; x_wconf 87' lang='lat' dir='ltr'>possent</span> 
     </span>
     <span class='ocr_line' id='line_1_27' title="bbox 433 3519 1693 3604; baseline 0.008 -24"><span class='ocrx_word' id='word_1_208' title='bbox 433 3519 573 3604; x_wconf 89' lang='lat' dir='ltr'>ineptiis,</span> <span class='ocrx_word' id='word_1_209' title='bbox 598 3519 810 3586; x_wconf 89' lang='lat' dir='ltr'>dissonantiis</span> <span class='ocrx_word' id='word_1_210' title='bbox 846 3527 881 3586; x_wconf 92' lang='lat' dir='ltr'>et</span> <span class='ocrx_word' id='word_1_211' title='bbox 910 3521 1013 3584; x_wconf 90' lang='lat' dir='ltr'>risum</span> <span class='ocrx_word' id='word_1_212' title='bbox 1049 3521 1147 3586; x_wconf 90' lang='lat' dir='ltr'>etiam</span> <span class='ocrx_word' id='word_1_213' title='bbox 1183 3520 1474 3586; x_wconf 88' lang='lat' dir='ltr'>circumstantibus</span> <span class='ocrx_word' id='word_1_214' title='bbox 1510 3527 1693 3602; x_wconf 88' lang='lat' dir='ltr'>movere,&#39;</span> 
     </span>
     <span class='ocr_line' id='line_1_28' title="bbox 431 3623 1665 3714; baseline 0.007 -25"><span class='ocrx_word' id='word_1_215' title='bbox 431 3623 517 3709; x_wconf 91' lang='lat' dir='ltr'>quod</span> <span class='ocrx_word' id='word_1_216' title='bbox 541 3626 749 3691; x_wconf 83' lang='lat' dir='ltr'>functionem</span> <span class='ocrx_word' id='word_1_217' title='bbox 773 3628 886 3694; x_wconf 88' lang='lat' dir='ltr'>luctus</span> <span class='ocrx_word' id='word_1_218' title='bbox 911 3630 1096 3694; x_wconf 88' lang='lat' dir='ltr'>moestitiae</span> <span class='ocrx_word' id='word_1_219' title='bbox 1119 3629 1344 3714; x_wconf 85' lang='lat' dir='ltr'>etgravitatis</span> <span class='ocrx_word' id='word_1_220' title='bbox 1360 3628 1492 3713; x_wconf 92' lang='lat' dir='ltr'>plenam</span> <span class='ocrx_word' id='word_1_221' title='bbox 1514 3631 1665 3698; x_wconf 83' lang='lat' dir='ltr'>maxime</span> 
     </span>
     <span class='ocr_line' id='line_1_29' title="bbox 431 3732 1665 3825; baseline 0.007 -28"><span class='ocrx_word' id='word_1_222' title='bbox 431 3732 616 3799; x_wconf 89' lang='lat' dir='ltr'>dedeceret.</span> <span class='ocrx_word' id='word_1_223' title='bbox 643 3735 750 3800; x_wconf 84' lang='lat' dir='ltr'>Multo</span> <span class='ocrx_word' id='word_1_224' title='bbox 774 3742 890 3801; x_wconf 84' lang='lat' dir='ltr'>autern</span> <span class='ocrx_word' id='word_1_225' title='bbox 914 3738 1005 3823; x_wconf 93' lang='lat' dir='ltr'>peius</span> <span class='ocrx_word' id='word_1_226' title='bbox 1029 3751 1117 3802; x_wconf 86' lang='lat' dir='ltr'>esset</span> <span class='ocrx_word' id='word_1_227' title='bbox 1140 3737 1167 3802; x_wconf 91' lang='lat' dir='ltr'>si</span> <span class='ocrx_word' id='word_1_228' title='bbox 1191 3736 1358 3804; x_wconf 86' lang='lat' dir='ltr'>Passionis</span> <span class='ocrx_word' id='word_1_229' title='bbox 1390 3737 1503 3801; x_wconf 89' lang='lat' dir='ltr'>cantui</span> <span class='ocrx_word' id='word_1_230' title='bbox 1536 3737 1665 3825; x_wconf 83' lang='lat' dir='ltr'>iunge-</span> 
     </span>
    </p>
   </div>
   <div class='ocr_carea' id='block_1_3' title="bbox 429 3985 1661 4688">
    <p class='ocr_par' dir='ltr' id='par_1_6' title="bbox 430 3985 1659 4150">
     <span class='ocr_line' id='line_1_30' title="bbox 430 3985 1659 4064; baseline 0.007 -25"><span class='ocrx_word' id='word_1_231' title='bbox 430 3985 606 4044; x_wconf 89' lang='lat' dir='ltr'>sentcntiam</span> <span class='ocrx_word' id='word_1_232' title='bbox 626 3993 756 4043; x_wconf 89' lang='lat' dir='ltr'>nestram</span> <span class='ocrx_word' id='word_1_233' title='bbox 775 3987 832 4043; x_wconf 88' lang='lat' dir='ltr'>bac</span> <span class='ocrx_word' id='word_1_234' title='bbox 849 4005 940 4060; x_wconf 84' lang='lat' dir='ltr'>super</span> <span class='ocrx_word' id='word_1_235' title='bbox 960 4007 993 4044; x_wconf 87' lang='lat' dir='ltr'>re</span> <span class='ocrx_word' id='word_1_236' title='bbox 1013 3989 1157 4061; x_wconf 80' lang='lat' dir='ltr'>proferre,</span> <span class='ocrx_word' id='word_1_237' title='bbox 1177 4006 1272 4062; x_wconf 90' lang='lat' dir='ltr'>neque</span> <span class='ocrx_word' id='word_1_238' title='bbox 1293 3987 1371 4044; x_wconf 88' lang='lat' dir='ltr'>aliud</span> <span class='ocrx_word' id='word_1_239' title='bbox 1385 3987 1469 4046; x_wconf 89' lang='lat' dir='ltr'>nobis</span> <span class='ocrx_word' id='word_1_240' title='bbox 1482 3988 1552 4046; x_wconf 90' lang='lat' dir='ltr'>licet</span> <span class='ocrx_word' id='word_1_241' title='bbox 1564 4006 1659 4064; x_wconf 83' lang='lat' dir='ltr'>quam</span> 
     </span>
     <span class='ocr_line' id='line_1_31' title="bbox 430 4076 1607 4150; baseline 0.004 -18"><span class='ocrx_word' id='word_1_242' title='bbox 430 4094 597 4150; x_wconf 87' lang='lat' dir='ltr'>proponere</span> <span class='ocrx_word' id='word_1_243' title='bbox 617 4085 646 4132; x_wconf 90' lang='lat' dir='ltr'>et</span> <span class='ocrx_word' id='word_1_244' title='bbox 664 4076 822 4134; x_wconf 86' lang='lat' dir='ltr'>estendere</span> <span class='ocrx_word' id='word_1_245' title='bbox 841 4077 908 4150; x_wconf 91' lang='lat' dir='ltr'>quid</span> <span class='ocrx_word' id='word_1_246' title='bbox 927 4077 965 4134; x_wconf 85' lang='lat' dir='ltr'>sit</span> <span class='ocrx_word' id='word_1_247' title='bbox 983 4078 1065 4135; x_wconf 85' lang='lat' dir='ltr'>iuxta</span> <span class='ocrx_word' id='word_1_248' title='bbox 1085 4079 1167 4150; x_wconf 81' lang='lat' dir='ltr'>leges</span> <span class='ocrx_word' id='word_1_249' title='bbox 1187 4078 1405 4136; x_wconf 63' lang='lat' dir='ltr'>ecclesiasticas</span> <span class='ocrx_word' id='word_1_250' title='bbox 1425 4078 1607 4137; x_wconf 81' lang='lat' dir='ltr'>faciendum.</span> 
     </span>
    </p>

    <p class='ocr_par' dir='ltr' id='par_1_7' title="bbox 429 4166 1661 4688">
     <span class='ocr_line' id='line_1_32' title="bbox 502 4166 1660 4242; baseline 0.005 -18"><span class='ocrx_word' id='word_1_251' title='bbox 502 4167 584 4224; x_wconf 85' lang='lat' dir='ltr'>Solet</span> <span class='ocrx_word' id='word_1_252' title='bbox 601 4166 773 4240; x_wconf 89' lang='lat' dir='ltr'>quibusdam</span> <span class='ocrx_word' id='word_1_253' title='bbox 795 4166 901 4223; x_wconf 91' lang='lat' dir='ltr'>mirum</span> <span class='ocrx_word' id='word_1_254' title='bbox 922 4167 1024 4232; x_wconf 83' lang='lat' dir='ltr'>videri,</span> <span class='ocrx_word' id='word_1_255' title='bbox 1053 4169 1129 4242; x_wconf 89' lang='lat' dir='ltr'>quod</span> <span class='ocrx_word' id='word_1_256' title='bbox 1150 4168 1375 4227; x_wconf 78' lang='lat' dir='ltr'>caeremoniale</span> <span class='ocrx_word' id='word_1_257' title='bbox 1401 4169 1529 4226; x_wconf 90' lang='lat' dir='ltr'>medium</span> <span class='ocrx_word' id='word_1_258' title='bbox 1555 4169 1660 4230; x_wconf 87' lang='lat' dir='ltr'>locum</span> 
     </span>
     <span class='ocr_line' id='line_1_33' title="bbox 429 4256 1661 4331; baseline 0.006 -20"><span class='ocrx_word' id='word_1_259' title='bbox 429 4256 568 4314; x_wconf 88' lang='lat' dir='ltr'>attribuat</span> <span class='ocrx_word' id='word_1_260' title='bbox 587 4256 718 4313; x_wconf 89' lang='lat' dir='ltr'>Diacono</span> <span class='ocrx_word' id='word_1_261' title='bbox 738 4256 859 4320; x_wconf 86' lang='lat' dir='ltr'>cantori,</span> <span class='ocrx_word' id='word_1_262' title='bbox 875 4275 931 4312; x_wconf 92' lang='lat' dir='ltr'>non</span> <span class='ocrx_word' id='word_1_263' title='bbox 947 4256 985 4312; x_wconf 89' lang='lat' dir='ltr'>illi</span> <span class='ocrx_word' id='word_1_264' title='bbox 998 4257 1133 4315; x_wconf 86' lang='lat' dir='ltr'>Diacono</span> <span class='ocrx_word' id='word_1_265' title='bbox 1153 4258 1200 4330; x_wconf 91' lang='lat' dir='ltr'>qui</span> <span class='ocrx_word' id='word_1_266' title='bbox 1216 4258 1321 4316; x_wconf 86' lang='lat' dir='ltr'>Christi</span> <span class='ocrx_word' id='word_1_267' title='bbox 1337 4276 1493 4331; x_wconf 84' lang='lat' dir='ltr'>porsonam</span> <span class='ocrx_word' id='word_1_268' title='bbox 1508 4259 1579 4331; x_wconf 84' lang='lat' dir='ltr'>agit.</span> <span class='ocrx_word' id='word_1_269' title='bbox 1596 4263 1661 4318; x_wconf 90' lang='lat' dir='ltr'>No·</span> 
     </span>
     <span class='ocr_line' id='line_1_34' title="bbox 435 4346 1658 4430; baseline 0.007 -30"><span class='ocrx_word' id='word_1_270' title='bbox 435 4346 477 4402; x_wconf 88' lang='lat' dir='ltr'>bis</span> <span class='ocrx_word' id='word_1_271' title='bbox 496 4348 612 4420; x_wconf 91' lang='lat' dir='ltr'>quidem</span> <span class='ocrx_word' id='word_1_272' title='bbox 633 4347 754 4404; x_wconf 84' lang='lat' dir='ltr'>evidens</span> <span class='ocrx_word' id='word_1_273' title='bbox 774 4347 848 4403; x_wconf 90' lang='lat' dir='ltr'>ratio</span> <span class='ocrx_word' id='word_1_274' title='bbox 868 4347 992 4409; x_wconf 82' lang='lat' dir='ltr'>videtur.</span> <span class='ocrx_word' id='word_1_275' title='bbox 1012 4367 1119 4421; x_wconf 86' lang='lat' dir='ltr'>nempe</span> <span class='ocrx_word' id='word_1_276' title='bbox 1138 4349 1205 4422; x_wconf 88' lang='lat' dir='ltr'>quia</span> <span class='ocrx_word' id='word_1_277' title='bbox 1226 4349 1374 4406; x_wconf 82' lang='lat' dir='ltr'>Diaconus</span> <span class='ocrx_word' id='word_1_278' title='bbox 1394 4357 1497 4405; x_wconf 88' lang='lat' dir='ltr'>cantor</span> <span class='ocrx_word' id='word_1_279' title='bbox 1511 4349 1658 4430; x_wconf 76' lang='lat' dir='ltr'>mniorepn</span> 
     </span>
     <span class='ocr_line' id='line_1_35' title="bbox 434 4435 1661 4512; baseline 0.009 -23"><span class='ocrx_word' id='word_1_280' title='bbox 434 4435 497 4491; x_wconf 88' lang='lat' dir='ltr'>aliis</span> <span class='ocrx_word' id='word_1_281' title='bbox 516 4446 629 4508; x_wconf 90' lang='lat' dir='ltr'>partem</span> <span class='ocrx_word' id='word_1_282' title='bbox 649 4455 759 4496; x_wconf 87' lang='lat' dir='ltr'>canere</span> <span class='ocrx_word' id='word_1_283' title='bbox 778 4438 873 4494; x_wconf 88' lang='lat' dir='ltr'>debet.</span> <span class='ocrx_word' id='word_1_284' title='bbox 893 4437 1041 4495; x_wconf 87' lang='lat' dir='ltr'>Diaconus</span> <span class='ocrx_word' id='word_1_285' title='bbox 1061 4446 1159 4496; x_wconf 83' lang='lat' dir='ltr'>autem</span> <span class='ocrx_word' id='word_1_286' title='bbox 1179 4440 1226 4512; x_wconf 87' lang='lat' dir='ltr'>qui</span> <span class='ocrx_word' id='word_1_287' title='bbox 1248 4439 1356 4498; x_wconf 85' lang='lat' dir='ltr'>Christi</span> <span class='ocrx_word' id='word_1_288' title='bbox 1370 4447 1484 4512; x_wconf 89' lang='lat' dir='ltr'>partem</span> <span class='ocrx_word' id='word_1_289' title='bbox 1498 4439 1568 4512; x_wconf 78' lang='lat' dir='ltr'>agit,</span> <span class='ocrx_word' id='word_1_290' title='bbox 1586 4441 1661 4500; x_wconf 84' lang='lat' dir='ltr'>licet</span> 
     </span>
     <span class='ocr_line' id='line_1_36' title="bbox 434 4524 1659 4603; baseline 0.011 -26"><span class='ocrx_word' id='word_1_291' title='bbox 434 4524 529 4580; x_wconf 88' lang='lat' dir='ltr'>adstet</span> <span class='ocrx_word' id='word_1_292' title='bbox 548 4528 661 4592; x_wconf 82' lang='lat' dir='ltr'>cantori</span> <span class='ocrx_word' id='word_1_293' title='bbox 680 4527 875 4591; x_wconf 78' lang='lat' dir='ltr'>dextrorsum,</span> <span class='ocrx_word' id='word_1_294' title='bbox 895 4533 993 4584; x_wconf 89' lang='lat' dir='ltr'>temen</span> <span class='ocrx_word' id='word_1_295' title='bbox 1014 4528 1134 4601; x_wconf 89' lang='lat' dir='ltr'>propius</span> <span class='ocrx_word' id='word_1_296' title='bbox 1152 4529 1236 4585; x_wconf 88' lang='lat' dir='ltr'>abest</span> <span class='ocrx_word' id='word_1_297' title='bbox 1255 4530 1292 4586; x_wconf 87' lang='lat' dir='ltr'>ab</span> <span class='ocrx_word' id='word_1_298' title='bbox 1311 4529 1414 4595; x_wconf 80' lang='lat' dir='ltr'>Alteri,</span> <span class='ocrx_word' id='word_1_299' title='bbox 1434 4529 1482 4603; x_wconf 92' lang='lat' dir='ltr'>qui</span> <span class='ocrx_word' id='word_1_300' title='bbox 1502 4530 1584 4586; x_wconf 90' lang='lat' dir='ltr'>locus</span> <span class='ocrx_word' id='word_1_301' title='bbox 1598 4530 1659 4590; x_wconf 81' lang='lat' dir='ltr'>hac</span> 
     </span>
     <span class='ocr_line' id='line_1_37' title="bbox 436 4611 876 4688; baseline 0.016 -23"><span class='ocrx_word' id='word_1_302' title='bbox 436 4611 471 4666; x_wconf 91' lang='lat' dir='ltr'>do</span> <span class='ocrx_word' id='word_1_303' title='bbox 492 4628 599 4670; x_wconf 84' lang='lat' dir='ltr'>caussa</span> <span class='ocrx_word' id='word_1_304' title='bbox 617 4617 733 4688; x_wconf 82' lang='lat' dir='ltr'>dignior</span> <span class='ocrx_word' id='word_1_305' title='bbox 752 4616 876 4673; x_wconf 90' lang='lat' dir='ltr'>videtur.</span> 
     </span>
    </p>
   </div>
   <div class='ocr_carea' id='block_1_4' title="bbox 0 0 2092 5717">
    <p class='ocr_par' dir='ltr' id='par_1_8' title="bbox 0 0 2092 5717">
     <span class='ocr_line' id='line_1_38' title="bbox 0 0 2092 5717; baseline 0 0"><span class='ocrx_word' id='word_1_306' title='bbox 0 0 2092 5717; x_wconf 95' lang='lat' dir='ltr'> </span> 
     </span>
    </p>
   </div>
  </div>
 </body>
</html>
