4175 5717
528 709 594 776 216
985 719 1051 774 ara.
1077 721 1110 772 n.

521 835 576 902 65.
600 835 668 900 Sub
691 831 789 900 finem
812 829 1013 900 adorationis
1038 852 1124 900 unus
1149 852 1192 898 ex
1217 827 1394 918 acolythis
1419 827 1478 898 ibit
1494 822 1527 896 in
1544 841 1656 898 sacra·

438 945 523 1008 rium
546 949 581 1008 et
603 941 764 1008 accendet
785 943 976 1029 gossypium
999 949 1162 1020 ceratum,
1187 937 1306 1006 deinde
1341 937 1497 1005 candelas
1527 937 1660 1006 altaris

433 1058 468 1116 et
491 1049 767 1116 candelabrorum
792 1051 824 1114 in
849 1050 950 1114 abaco
974 1049 1144 1114 accendet.
1170 1049 1338 1116 Diaconus
1375 1045 1514 1112 nudabit
1545 1051 1660 1134 caput,

435 1159 579 1225 biretum
602 1159 634 1222 in
659 1177 793 1224 scamno
819 1157 995 1242 relinquet,
1019 1164 1137 1244 perget
1159 1156 1200 1223 ad
1224 1156 1373 1234 abacum,
1397 1155 1533 1222 bursam
1548 1161 1661 1222 sumet

437 1286 512 1332 cum
534 1265 712 1353 corporali,
736 1264 848 1332 addito
871 1261 1107 1350 purificatorio.
1134 1263 1302 1331 Ascendet
1318 1283 1339 1328 a
1355 1262 1463 1330 latere
1479 1261 1521 1342 ad
1538 1259 1659 1330 Altam

435 1371 639 1460 genuflectet
662 1393 781 1440 versus
804 1374 955 1452 Crucem,
979 1373 1021 1438 ad
1044 1373 1164 1440 Altare
1183 1379 1413 1450 convertetur,
1430 1369 1661 1458 corporalest

435 1479 696 1567 purificatorium
720 1481 878 1548 extrahet
899 1501 918 1548 e
940 1481 1054 1560 bursa,
1078 1501 1176 1566 quam
1199 1480 1274 1548 loco
1299 1478 1398 1546 solito
1426 1497 1546 1546 versus
1577 1497 1663 1566 par-

435 1597 502 1656 tem
526 1589 701 1674 Evangelii
725 1588 876 1676 deponet:
901 1587 1020 1656 deinde
1043 1591 1078 1655 in
1102 1588 1207 1656 medio
1231 1588 1343 1654 Altari
1367 1585 1551 1674 explicabit
1580 1607 1663 1666 cer·

435 1696 551 1784 porale
574 1703 609 1762 et
632 1718 733 1784 prope
749 1699 855 1784 ipsum
871 1717 891 1762 a
906 1697 1034 1764 dextris
1051 1705 1151 1784 ponet
1168 1695 1442 1783 purificatorium:
1459 1695 1525 1764 hoc
1542 1693 1663 1766 eodem

434 1815 583 1892 tempore
608 1807 893 1872 Gaeremoniarius
916 1806 973 1872 vel
988 1805 1168 1892 acolythus
1185 1805 1326 1892 accipiet
1341 1805 1477 1872 Missale
1492 1825 1571 1872 cum
1586 1823 1665 1874 cus

435 1915 508 1980 sino
531 1934 591 1978 seu
614 1912 708 1998 legili
731 1933 751 1980 e
773 1913 881 1980 latere
906 1913 1089 2000 Epistulae,
1114 1920 1148 1982 et
1171 1914 1262 1980 facta
1284 1909 1517 1999 genuflexione
1538 1931 1663 1980 versus

437 2020 586 2096 Crucem,
611 2021 796 2086 transferet
819 2019 903 2088 illud
928 2022 962 2086 in
985 2041 1091 2087 cornu
1121 2019 1297 2106 Evangelii
1332 2040 1434 2107 prope
1469 2019 1663 2108 corporale,

436 2130 528 2193 utin
553 2127 686 2194 (lenone
710 2129 840 2196 Missae.
865 2130 987 2196 Postea
1010 2129 1297 2196 an1·em0niarius
1321 2149 1396 2204 cum
1420 2127 1567 2202 Diacono
1582 2147 1665 2204 eon·

435 2244 612 2303 vertentur
634 2235 675 2301 ad
701 2236 851 2311 Crucem,
876 2233 1145 2322 genuflexionem
1170 2237 1350 2315 iterabunt,
1374 2234 1415 2302 de
1438 2235 1553 2302 Alteri
1576 2255 1598 2300 a
1614 2235 1666 2302 le·

435 2349 507 2410 tere
530 2342 735 2410 descendent
757 2350 791 2409 et
813 2343 855 2410 ad
878 2345 991 2411 locum
1014 2350 1156 2428 uterque
1179 2365 1276 2411 suum
1299 2343 1466 2411 redibunt:
1489 2343 1664 2414 Diaconua

434 2472 552 2517 rursus
577 2450 705 2518 sedebit
727 2461 762 2518 et
784 2458 886 2538 caput
908 2453 1016 2522 bireto
1039 2455 1178 2540 operiet.
1204 2451 1355 2520 Clericus
1379 2451 1541 2539 quispiam
1557 2457 1666 2539 ponet

434 2561 469 2624 in
491 2559 603 2625 Alteri
626 2560 801 2628 vasculum
825 2563 969 2628 vitreum
993 2582 1069 2626 cum
1093 2581 1180 2646 aqua
1203 2566 1237 2627 et
1259 2557 1496 2647 purificatorio,
1521 2559 1566 2628 de
1580 2579 1668 2646 quo·

435 2690 509 2736 rum
532 2691 595 2734 usu
617 2668 749 2736 dicetur
773 2669 924 2738 inferius.
1129 2659 1132 2670 ¹
1537 2727 1539 2734 .
1715 2751 1717 2756 Ι

521 2777 574 2842 66.
600 2777 771 2864 completa
794 2778 910 2845 (trucis
926 2777 1130 2854 adoratione,
1148 2779 1313 2844 Diaconus
1329 2785 1493 2862 assurget,
1517 2775 1666 2844 nudabit

433 2891 533 2971 caput
555 2891 591 2952 et
612 2891 791 2952 comitante
822 2885 1089 2952 caeremoniario
1122 2889 1235 2952 veniet
1265 2885 1307 2951 ad
1342 2891 1500 2971 tapetum,
1527 2886 1563 2952 in
1594 2905 1664 2972 quo

432 2994 539 3077 posita
562 2993 628 3058 erit
650 2993 751 3060 Crux:
775 2993 819 3060 ibi
843 2995 934 3079 prius
956 2991 1171 3078 genuflectet,
1204 2992 1322 3068 deinde
1353 2991 1664 3078 adgeniculabitur,

431 3101 571 3186 accipiet
595 3101 735 3166 (trucem
758 3120 896 3185 eamque
919 3101 1042 3168 elatam
1060 3103 1233 3168 sustinens
1252 3107 1395 3184 utraque
1410 3121 1512 3166 manu
1529 3099 1666 3170 referet

431 3206 473 3273 ad
496 3208 624 3274 Altare.
648 3208 684 3276 Si
706 3229 788 3296 opus
811 3209 923 3286 luerit,
940 3209 1050 3276 aderit
1066 3209 1221 3286 clericus,
1238 3210 1295 3293 qui
1312 3207 1498 3286 scabellum
1523 3203 1663 3288 afferat.

433 3335 498 3400 quo
521 3315 686 3400 Diaconus
708 3315 880 3384 ascendat.

520 3423 573 3488 67.
597 3423 716 3489 Statim
738 3443 778 3490 ac
801 3424 966 3507 Diacopus
989 3422 1290 3510 adgeniculabitur,
1308 3422 1500 3502 celebrans,
1519 3423 1665 3502 Subdia·

433 3545 535 3594 conus
559 3535 593 3594 et
615 3531 739 3596 chorus
762 3531 936 3600 nudabunt
959 3541 1118 3618 caputet
1141 3533 1176 3597 in
1199 3552 1309 3619 genua
1333 3533 1565 3620 procumbant.

519 3636 572 3701 68.
598 3637 763 3704 Diaconus
784 3639 943 3708 ascendet
966 3639 1008 3705 ad
1031 3639 1152 3706 Altare
1176 3649 1210 3706 et
1245 3640 1385 3709 Crucem
1417 3643 1450 3706 in
1480 3639 1564 3727 pede
1598 3661 1662 3710 seu

430 3739 500 3810 basi
525 3753 672 3829 reponet,
696 3754 795 3830 atque
820 3749 942 3814 iterata
964 3750 997 3812 in
1014 3747 1225 3834 suppedaneo
1241 3745 1490 3834 genuflexione,
1508 3769 1529 3814 a
1544 3749 1661 3818 latere

430 3850 472 3917 ad
496 3851 729 3918 Celebrantem
753 3853 882 3921 redibit.
908 3854 1017 3923 Cruce
1040 3855 1113 3921 basi
1148 3857 1308 3942 imposita,
1338 3855 1531 3934 Celebrans,
1565 3855 1659 3934 Sub-‚

430 3959 588 4025 diaconus
612 3967 647 4025 et
669 3961 793 4027 chorus
815 3971 1032 4049 consurgent
1057 3962 1219 4049 Acolythi
1243 3962 1298 4030 vel
1321 3962 1387 4029 duo
1412 3962 1529 4030 clerici
1545 3965 1661 4032 solici-

429 4071 555 4134 tissime
578 4068 703 4134 tollent
726 4069 838 4135 velum
861 4071 986 4148 album,
1010 4072 1185 4159 pulvinum
1209 4079 1244 4138 et
1267 4077 1416 4158 tapetum
1451 4071 1651 4152 violaceum,

429 4196 514 4260 quae
538 4178 571 4240 in
595 4176 711 4242 Crucis
733 4175 928 4246 adoratione
952 4178 1100 4247 adhibita
1123 4180 1260 4257 suerint,
1286 4200 1390 4265 eaque
1416 4179 1569 4248 referent
1592 4199 1654 4248 suo

430 4282 505 4348 loco
529 4284 584 4349 rel
608 4286 641 4348 in
665 4287 860 4350 sacrarium.
1328 4345 1331 4350 .

517 4391 570 4456 69.
595 4392 672 4458 Sine
707 4395 922 4460 cunctatione
955 4395 1163 4461 ordinabitur
1186 4396 1364 4481 processio,
1389 4416 1474 4480 quae
1509 4395 1550 4462 ad
1585 4395 1650 4462 m-

429 4499 502 4559 tare
527 4499 580 4563 vel
603 4499 775 4578 sacellum,
799 4502 834 4568 in
849 4523 916 4588 quo
933 4505 1121 4592 expositum
1137 4503 1202 4568 erit
1219 4503 1276 4570 SS.
1295 4503 1561 4584 Sacramentum,
1579 4525 1653 4590 pro·

432 4600 527 4668 cedet
549 4607 612 4674 hoc
635 4610 760 4676 ordine.
1609 4603 1611 4610 Ι
