4175 5717
532 761 596 832 152
985 781 1050 828 nra.
1076 781 1110 828 11.

529 893 581 956 64.
607 889 848 967 Chorus,du1n
873 887 1054 956 Celebrans
1079 894 1113 954 et
1137 888 1282 953 Ministri
1305 883 1522 974 parabuntur,
1551 883 1668 954 conei-

440 998 529 1065 debit
551 1018 591 1064 ac
614 1018 732 1064 rursus
757 1003 946 1083 consurget,
975 1017 1076 1080 quum
1106 1017 1124 1063 e
1155 1015 1289 1062 scamno
1320 993 1493 1062 discedent
1521 992 1669 1060 Sacrum

440 1106 639 1172 inchoaturi.

526 1213 580 1279 65.
605 1213 787 1282 Celebrans
811 1219 846 1279 et
868 1213 1013 1279 Ministri
1036 1213 1121 1278 albis
1145 1211 1346 1298 paramentis
1370 1209 1488 1290 induti,
1506 1229 1671 1276 reveren-

439 1325 518 1389 tiam
542 1322 582 1387 ad
606 1324 746 1389 chorum
770 1322 922 1400 efficient,
948 1331 986 1388 ut
1008 1324 1160 1409 superius
1185 1342 1255 1409 cap.
1280 1322 1339 1388 IV.
1371 1342 1464 1388 num.
1494 1321 1549 1388 22.
1582 1339 1669 1408 pro-

439 1430 558 1496 cedent
580 1430 622 1495 ad
646 1430 764 1496 Altare
787 1437 822 1497 et
844 1430 1063 1498 exordiantur
1088 1431 1222 1496 Missam
1256 1429 1374 1495 ritibus
1406 1429 1521 1496 eodem
1553 1427 1668 1516 capite

439 1537 625 1624 descriptis.

527 1645 580 1710 66.
605 1645 669 1720 Qui
692 1645 806 1712 clerici
830 1645 1018 1732 funguntur
1042 1643 1148 1711 officio
1172 1640 1375 1711 accendendi
1399 1645 1431 1710 in
1456 1643 1560 1710 choro
1587 1661 1669 1710 can-

438 1752 539 1828 delas,
564 1752 749 1818 accendent
771 1772 827 1818 eas
851 1753 965 1819 eodem
1002 1753 1097 1818 modo
1128 1772 1168 1818 ae
1199 1771 1300 1838 supra
1332 1757 1485 1818 notatum
1515 1755 1570 1818 est
1601 1769 1668 1838 pro

439 1873 539 1923 cantu
564 1859 749 1944 Evangelii,
775 1861 885 1924 statim
909 1868 984 1946 post
1007 1859 1205 1946 Epistolam,
1237 1866 1271 1926 et
1294 1861 1441 1945 ipsorum
1471 1859 1563 1924 alter
1587 1861 1669 1924 can'·

439 1966 547 2030 delam
572 1968 672 2030 etiam
697 1966 905 2033 celebrantis
928 1968 1100 2034 accendet.

527 2076 579 2138 67.
606 2073 713 2148 Quum
738 2074 921 2140 celebrans
955 2081 1174 2142 convertetur
1196 2074 1237 2141 ad
1268 2075 1448 2150 Diaconum
1479 2077 1669 2140 cantur-um

439 2181 670 2264 Evangeliurn,
689 2181 977 2248 (laerernoniarius
993 2190 1170 2269 acceptam
1181 2183 1389 2250 celebrantis
1406 2181 1582 2248 candelam
1595 2186 1671 2248 tra·

437 2288 494 2353 det.
517 2289 546 2352 ei
571 2308 644 2352 cunr
670 2288 785 2353 osculo
809 2309 935 2365 manus,
960 2297 1133 2376 postquam
1157 2290 1217 2356 ille
1241 2308 1278 2356 se
1301 2290 1486 2376 signaverit
1500 2287 1542 2356 ad
1556 2289 1669 2356 verba

436 2393 626 2478 Sequentia
649 2396 764 2461 cerreti
785 2395 971 2482 anaqelii
994 2403 1057 2463 etc.
1082 2397 1171 2462 ldem
1199 2397 1485 2464 caeremoniarius
1519 2416 1596 2462 eam
1619 2396 1667 2463 ab

436 2504 505 2586 ipso
530 2503 668 2586 recipiet
689 2509 765 2586 post
787 2509 957 2568 cantatum
981 2503 1218 2589 Evangelium,
1235 2506 1413 2590 extinguet
1429 2523 1501 2570 eam
1518 2509 1555 2570 et
1572 2503 1670 2572 iube·

435 2610 483 2675 bit
506 2611 539 2673 iu
562 2609 665 2675 abaco
689 2609 818 2694 deponi.
843 2611 961 2692 Clarus
985 2613 1085 2677 etiam
1108 2615 1142 2677 in
1167 2614 1282 2690 choro,
1308 2619 1442 2680 cantato
1459 2611 1667 2704 Evangelio,

435 2716 591 2784 candelas
615 2718 802 2802 extinguet.

523 2825 576 2890 68.
602 2823 767 2892 candelae
790 2826 824 2898 in
848 2826 952 2904 choro
973 2847 994 2891 a
1017 2828 1149 2893 clericis
1173 2826 1405 2896 accendentur
1426 2833 1501 2913 post
1523 2823 1667 2902 thurifi-

436 2933 599 2998 cationem
623 2933 727 3010 chori,
753 2934 799 2998 ita
823 2941 862 3000 ut
890 2936 983 2998 initio
1008 2936 1223 3021 praefationis
1259 2955 1372 3002 omnes
1395 2955 1558 3002 accensae
1591 2935 1667 3002 sint

435 3039 603 3124 usquead
627 3040 748 3107 Calicis
772 3043 1004 3127 sumptionem.
1559 3111 1561 3118 ,

522 3147 575 3212 69.
600 3145 636 3216 Si
659 3147 761 3214 Missa
784 3150 850 3228 erit
872 3148 912 3214 de
936 3149 1106 3216 Dominica
1130 3151 1362 3236 Sexagesimae
1393 3150 1449 3216 vel
1482 3150 1668 3238 Quinqua-

435 3255 588 3338 gesimae,
613 3273 680 3318 non
703 3256 870 3323 tollentur
893 3276 936 3322 ex
959 3256 1072 3322 Alteri
1096 3264 1295 3324 ornamenta
1312 3258 1473 3336 violacea,
1490 3258 1550 3325 sed
1567 3279 1588 3324 a
1605 3259 1669 3328 Sa-

434 3364 537 3427 crista
560 3369 690 3427 tanturn
713 3361 896 3430 afferentur
919 3365 960 3432 ad
983 3386 1152 3433 scamnum
1177 3372 1372 3453 paramenta
1395 3387 1456 3453 pro
1480 3365 1665 3436 celebran-

433 3468 475 3534 da
498 3470 608 3544 Missa,
634 3471 790 3536 videlicet
813 3473 971 3558 manipuli
996 3473 1148 3552 violacei,
1172 3475 1317 3560 planeta,
1343 3473 1532 3552 dalmatica,
1550 3493 1592 3540 ac
1611 3483 1668 3542 tu·

434 3577 558 3641 nicella
581 3578 739 3642 violacea.
763 3580 835 3645 Hoc
858 3600 939 3645 casu
963 3581 1144 3646 Celebrans
1169 3587 1203 3646 et
1218 3581 1363 3646 Ministri
1378 3586 1452 3666 post
1467 3585 1667 3668 processio-
1721 3649 1724 3654 .

435 3704 509 3749 nem
521 3683 702 3750 induentur
714 3690 914 3771 paramentis
926 3687 1113 3775 praedictis,
1127 3709 1188 3754 nec
1201 3695 1349 3774 tempore
1361 3687 1483 3754 Missae
1494 3687 1666 3758 candelae

433 3791 670 3868 accendentur,
696 3801 733 3857 nt
757 3813 845 3870 num,
870 3795 1083 3881 praecedenti
1105 3796 1265 3862 traditum
1289 3801 1351 3861 est.

522 3901 574 3965 70.
600 3900 633 3966 Si
658 3901 758 3966 Missa
781 3921 849 3966 non
872 3902 913 3967 de
937 3904 973 3967 B.
999 3904 1150 3990 Virgine,
1175 3903 1233 3970 sed
1256 3903 1297 3970 de
1321 3903 1481 3980 Patrono,
1498 3901 1540 3970 de
1554 3905 1664 3974 titulo

432 4017 491 4076 aut
515 4009 727 4075 Dedicatione
750 4008 856 4088 fieret,
881 4031 948 4078 non
971 4013 1199 4080 accendentur
1222 4011 1382 4078 candelae
1405 4016 1557 4099 tempore
1581 4015 1665 4082 Mis-

432 4140 500 4196 sae,
525 4139 608 4203 quae
632 4120 794 4185 rationem
818 4117 947 4184 nullam
971 4121 1073 4186 habet
1087 4141 1162 4187 cum
1179 4121 1410 4207 Redemptoris
1427 4120 1468 4186 ad
1493 4121 1662 4208 templum

432 4227 710 4312 praesentatione.

520 4336 572 4399 71.
598 4335 632 4400 Si
655 4335 744 4400 forte
767 4334 801 4398 in
823 4333 886 4399 hac
903 4335 1004 4400 Missa
1024 4336 1217 4402 cornmunio
1234 4339 1277 4401 sit
1292 4335 1554 4403 administranda
1572 4338 1656 4406 Ole-

431 4457 479 4515 ro,
504 4461 603 4523 quum
627 4441 888 4509 communicandi
924 4462 1026 4508 esuo
1051 4444 1125 4509 loco
1155 4443 1325 4511 discedent
1348 4449 1387 4511 ut
1421 4442 1657 4530 genuflectant

353 4571 356 4578 ·
428 4544 469 4608 ad
496 4546 676 4635 Confiteor,
701 4549 858 4617 candelas
882 4552 1083 4637 extinguent
1106 4561 1141 4618 et
1164 4552 1357 4637 relinquent
1381 4554 1415 4618 in
1439 4573 1585 4632 scamno,
1613 4555 1648 4620 in

432 4670 496 4734 quo
520 4654 678 4724 sederint.
