4175 5717
529 733 590 798 180
982 753 1050 800 nia.
1076 754 1110 800 11.

525 861 573 928 14.
598 860 752 947 Repetite
774 880 794 927 a
818 865 993 927 cantorum
1028 862 1132 928 choro
1165 863 1265 928 tertia
1293 861 1483 947 antiphona,
1507 861 1565 946 qui
1589 855 1666 926 duo'

433 973 586 1034 cantores
612 969 810 1036 intonabunt
825 969 979 1055 psalmos,
995 970 1180 1036 cantabunt
1195 969 1399 1036 versiculum
1416 975 1450 1036 et
1466 971 1591 1038 chorus
1608 971 1659 1038 eia

435 1077 654 1163 respondebit.

525 1185 574 1250 15.
600 1185 730 1251 (thorus
752 1184 890 1252 nudabit
912 1192 1022 1271 caput,
1046 1189 1227 1270 consurget
1249 1191 1284 1250 et
1306 1191 1437 1253 secreto
1457 1185 1660 1254 vocitabitur

436 1293 544 1360 Pater
566 1299 685 1360 noster
709 1313 770 1358 nec
793 1313 813 1358 a
836 1295 1006 1378 superiore
1029 1291 1239 1358 indicabitur.

523 1401 571 1466 16.
597 1401 730 1464 Interea
754 1399 1040 1466 caeremoniarius
1064 1405 1121 1466 aut
1145 1399 1232 1466 alius
1255 1402 1426 1484 quisquam
1456 1401 1528 1466 vice
1560 1398 1659 1466 illius

432 1514 550 1594 perget
571 1507 612 1572 ad
636 1507 842 1572 invitandum
867 1507 1082 1574 inclinatione
1106 1509 1222 1594 capitis
1245 1528 1331 1584 eum,
1356 1509 1412 1592 qui
1435 1525 1559 1575 canere
1582 1509 1660 1595 pri-

431 1637 516 1680 mam
540 1615 808 1680 lamentationem
839 1613 980 1690 debebit,
1004 1621 1039 1680 et
1062 1634 1171 1682 comes
1206 1615 1256 1680 illi
1288 1615 1429 1684 addetur
1456 1635 1477 1680 a
1506 1615 1659 1684 sinistris

432 1723 596 1806 simulque
620 1720 800 1807 procedent
821 1721 863 1786 ad
893 1721 996 1806 legile
1027 1723 1061 1786 in
1093 1721 1198 1788 medio
1234 1723 1338 1789 choro
1368 1725 1520 1810 positum,
1546 1729 1582 1790 at
1613 1723 1661 1790 ibi

431 1827 696 1914 genuflexionem
727 1827 768 1894 ad
803 1829 922 1894 Altero
950 1829 1076 1894 sacient
1106 1849 1146 1896 ac
1182 1833 1404 1896 reverentiam
1439 1831 1480 1896 ad
1512 1831 1661 1898 chorum

432 1959 548 2002 versus
572 1943 699 2022 partem
723 1937 815 2022 prius
842 1935 1027 2021 Evangelii,
1053 1936 1170 2002 deinde
1196 1939 1374 2024 Epistulae.

522 2046 572 2109 11.
597 2045 726 2110 Chorus
749 2045 932 2110 considebit
955 2052 989 2110 et
1012 2053 1129 2110 cantor
1153 2047 1286 2132 incipiet
1310 2047 1582 2114 lamentationem
1605 2067 1662 2124 ca·

432 2173 511 2218 nero
534 2160 635 2217 cantu
659 2154 867 2238 praestituto,
892 2151 1068 2217 attendens
1093 2172 1176 2236 quae
1200 2155 1352 2238 superius
1376 2156 1566 2222 monuimus
1582 2175 1660 2244 cap.

434 2261 539 2325 XXII.
565 2281 652 2324 num.
677 2260 729 2323 97.
758 2279 817 2344 pro
854 2259 1047 2325 cantoribus
1084 2261 1261 2326 Passionis.
1287 2262 1368 2328 Post
1397 2262 1662 2354 lamentationes

432 2389 490 2434 seu
513 2368 676 2433 lectiones
700 2367 873 2432 omittetur
901 2366 954 2432 Tu
977 2374 1095 2434 eutem
1119 2367 1265 2434 Domine
1288 2375 1351 2434 etc.
1387 2370 1507 2436 iterata
1542 2377 1661 2438 antem

431 2477 471 2541 ad
496 2475 615 2541 Altare
641 2471 874 2560 genuflexione
898 2474 994 2539 etad
1019 2475 1157 2540 chorum
1182 2477 1380 2552 reverentia,
1397 2474 1517 2544 redibit
1534 2483 1662 2544 cantor

431 2584 471 2650 ad
496 2585 605 2649 locum
635 2601 742 2658 suum,
767 2581 822 2647 ubi
857 2581 1016 2648 salutabit
1052 2583 1363 2666 Caeremoniarium,
1387 2585 1442 2668 qui
1476 2585 1661 2652 comitatus

437 2693 547 2764 luerit,
572 2711 611 2756 ac
634 2689 770 2754 sedebit.
1458 2707 1460 2712 ·

523 2799 570 2864 18.
596 2798 760 2864 Absoluto
783 2799 908 2884 primae
932 2797 1178 2863 lamentationis
1203 2805 1314 2874 cantu,
1339 2799 1461 2866 chorus
1477 2807 1661 2868 cantorum

431 2910 571 2994 primum
596 2907 844 2992 responsorium
868 2905 1026 2982 cantabit,
1051 2912 1085 2971 et
1109 2906 1169 2971 sub
1194 2907 1296 2990 ipsius
1312 2905 1408 2971 finem
1427 2906 1663 2976 Gaeremonia·

432 3018 501 3080 rius
525 3014 677 3080 invitabit
707 3012 872 3078 secundae
902 3012 1149 3078 lamentationis
1184 3020 1364 3092 cantorem,
1389 3021 1422 3079 et
1445 3033 1588 3100 prorsus
1621 3023 1662 3084 ut

430 3126 463 3187 in
488 3125 596 3209 prima
619 3123 728 3187 omnia
752 3126 969 3206 peragentur,
993 3120 1090 3205 idque
1113 3120 1343 3187 observabitur
1367 3123 1401 3186 in
1423 3123 1525 3188 tertia
1558 3129 1597 3190 et
1624 3126 1659 3190 in

431 3231 629 3297 lectionibus
653 3229 789 3294 secundi
813 3235 847 3294 et
870 3229 962 3293 tertii
985 3229 1151 3294 nocturni.

521 3339 570 3404 19.
596 3339 677 3403 Post
702 3342 838 3402 cantum
862 3337 939 3400 noni
964 3337 1165 3421 responsorii
1189 3335 1311 3402 chorus
1336 3343 1452 3422 perget
1475 3336 1595 3404 sedere
1624 3345 1662 3408 et

433 3450 555 3513 chorus
581 3453 755 3512 cantorum
778 3445 926 3512 cantabit
949 3446 1085 3530 primam
1110 3445 1323 3532 antiphonam
1343 3445 1501 3524 Laudum,
1519 3455 1593 3514 tum
1611 3449 1663 3514 in·

432 3554 602 3620 tonabitur
633 3555 778 3639 psalmus
811 3554 992 3629 Miserere,
1016 3553 1288 3636 quemadmodum
1318 3553 1358 3619 de
1389 3555 1495 3638 primo
1524 3555 1661 3641 psalmo

432 3663 530 3748 primi
561 3664 716 3727 nocturni
747 3661 905 3729 traditum
929 3665 991 3736 est,
1015 3665 1049 3726 et
1074 3660 1222 3726 Laudum
1246 3666 1364 3726 cantus
1392 3661 1660 3730 continuabitur.

518 3769 572 3834 20.
599 3769 754 3855 Repetite
778 3770 811 3833 iu
835 3771 921 3836 notis
945 3771 1061 3853 quinta
1084 3767 1233 3834 Laudum
1257 3769 1446 3854 antiphona,
1471 3769 1536 3835 duo
1555 3755 1663 3856 ¹prae·

430 3879 507 3944 dicti
532 3883 687 3942 cantores
717 3875 899 3942 cantabunt
923 3877 1126 3943 versiculum
1149 3881 1180 3941 et
1207 3875 1329 3943 chorus
1353 3877 1483 3942 interea
1513 3877 1659 3960 sedebit,

434 3994 503 4052 tum
527 4003 547 4050 a
571 3989 746 4049 centorum
768 3983 871 4048 choro
894 3983 1084 4050 cantabitur
1111 3983 1292 4069 antiphona
1321 3991 1399 4049 ante
1430 3984 1661 4068 Benedictus,
1716 3973 1720 3980 ¹

431 4095 535 4159 choro
559 4090 667 4157 adhuc
691 4089 836 4159 sedente.

520 4201 573 4266 ai.
599 4199 648 4264 Ad
672 4199 911 4264 intonationem
942 4201 1064 4264 cantici
1098 4199 1308 4266 Benedictus
1340 4197 1459 4264 clerus
1484 4201 1516 4265 in
1548 4201 1660 4270 choro

431 4315 611 4393 consurget
641 4327 741 4391 seque
776 4307 928 4391 signabit,
953 4305 1003 4371 Ad
1029 4307 1231 4372 versiculum
1262 4307 1302 4374 Ut
1328 4307 1404 4374 sine
1440 4309 1563 4376 timore
1587 4315 1658 4376 etc.

430 4417 484 4497 qui
509 4416 652 4483 clericus
675 4413 831 4481 candelas
855 4414 1041 4478 extinxerit
1064 4413 1253 4479 candelabri
1286 4414 1513 4500 triangularis,
1541 4425 1660 4486 sumet

385 4589 389 4596 ,
430 4520 557 4585 hastam
580 4523 764 4608 longiorem
780 4527 814 4588 et
830 4521 985 4588 candelas
1009 4523 1137 4587 Alteris
1160 4523 1343 4608 extinguet,
1369 4523 1517 4607 singulas
1533 4543 1658 4611 nempe

433 4627 574 4708 singulis
610 4631 801 4706 versiculis,
832 4649 852 4695 a
883 4629 1050 4716 praedicto
1086 4630 1287 4717 incipiendo;
1320 4651 1441 4717 easque
1475 4632 1660 4718 extinguet
