4175 5717
649 711 715 776 272
1112 729 1177 776 urs.
1202 731 1223 776 1.

655 836 730 902 348.
755 835 876 902 Veluru
898 836 1072 904 humerale
1095 836 1242 902 humoris
1265 837 1336 902 eius
1359 854 1379 900 a
1402 833 1744 906 caeremoniarievel
1760 853 1783 900 a

561 943 706 1022 Diacono
728 943 924 1027 imponetur,
948 948 983 1010 et
1005 949 1085 1014 anta
1106 948 1221 1028 pectus
1243 963 1264 1010 a
1287 941 1493 1012 Subdiacono
1523 941 1731 1026 alligabitur.

649 1050 725 1116 349.
749 1049 857 1124 Quum
880 1050 1045 1116 Diaconos
1069 1049 1200 1118 obiiciat
1229 1050 1258 1116 oi
1290 1049 1435 1118 Calicem
1467 1069 1542 1118 oum
1570 1047 1628 1116 SS.
1653 1047 1783 1116 Sacra-

563 1161 684 1232 mento,
708 1145 904 1242 profundam
926 1158 1028 1223 iaciat
1054 1158 1288 1232 reverentiam,
1311 1161 1474 1242 assurget,
1498 1155 1646 1224 Calicem
1678 1173 1784 1232 mu

561 1262 752 1329 sinistraad
768 1262 889 1329 nodum
904 1265 1054 1350 accipiet,
1071 1264 1308 1348 dexteramque
1332 1266 1477 1350 imponet
1496 1283 1596 1350 super
1610 1267 1783 1350 patenam·

561 1372 725 1436 Diaconus
749 1377 860 1436 autem
882 1389 1001 1437 manus
1025 1373 1096 1438 eius
1119 1373 1288 1457 cooperiet
1310 1369 1576 1437 extremitatibus
1595 1368 1785 1436 anteriori-

563 1478 624 1544 bus
648 1479 715 1544 veli
738 1479 930 1546 humeralis.

647 1585 725 1674 ,350-
749 1585 861 1661 Quum
878 1587 1042 1652 Diaconos
1059 1587 1293 1661 assurrexerit
1311 1605 1348 1652 se
1361 1591 1536 1652 convertet
1550 1584 1592 1656 ad
1607 1583 1785 1672 populum.

564 1699 599 1756 et
614 1699 767 1758 cantores
784 1713 906 1758 canere
925 1695 1082 1779 incipient
1095 1693 1253 1778 hymnum
1273 1693 1409 1760 Vemilta
1419 1692 1707 1778 repisprodesmt
1717 1697 1786 1760 ato.

652 1799 727 1865 351.
751 1800 824 1866 Una
846 1821 921 1866 cum
944 1801 1105 1866 Ministris
1129 1798 1251 1866 subibit
1273 1799 1502 1868 umbraculum
1526 1805 1560 1864 ot
1583 1800 1616 1864 iu
1640 1817 1787 1884 prooes-

566 1908 667 1972 sionis
691 1906 839 1972 ordinem
861 1906 903 1972 ad
925 1908 1047 1973 Altare
1069 1909 1246 1973 maximum
1269 1906 1398 1982 redibit,
1423 1905 1567 1992 psalmos
1584 1903 1786 1974 alternatim

566 2015 710 2078 recitans
734 2034 809 2080 cum
832 2015 1003 2080 Ministris.
1028 2016 1066 2079 ln
1090 2014 1292 2100 psalmorum
1314 2011 1379 2084 fine
1398 2011 1614 2084 omittendum
1630 2017 1686 2078 est
1704 2009 1787 2080 Glo-

566 2121 625 2190 ria
648 2122 759 2188 Patri.

651 2229 726 2294 352.
752 2229 812 2294 Ubi
836 2235 972 2294 ventum
1000 2231 1066 2295 erit
1092 2229 1133 2296 ad
1162 2229 1290 2306 ditare,
1315 2230 1474 2296 consistet
1501 2227 1535 2292 in
1562 2225 1671 2300 medio
1700 2233 1785 2294 ante

564 2335 703 2420 gradum
726 2333 881 2402 infimum.
906 2335 1071 2402 Diaconos
1094 2339 1124 2402 ei
1149 2357 1265 2402 manus
1286 2336 1421 2420 deteget
1444 2335 1521 2400 velo
1548 2333 1716 2404 bumarali
1748 2339 1788 2400 et

566 2444 705 2528 accipiet
727 2443 871 2510 Calicem
895 2463 970 2509 cum
986 2443 1043 2510 SS.
1066 2444 1289 2510 Sacramento.
1306 2443 1425 2512 Statim
1446 2441 1652 2528 genionlabit
1664 2441 1700 2506 in
1717 2459 1786 2508 me·

565 2550 619 2616 dio
642 2550 747 2636 gradu
771 2548 881 2616 infimo
903 2556 938 2617 et
959 2550 1156 2637 profundam
1180 2553 1404 2618 reverentiam
1434 2549 1555 2622 efficiet
1580 2547 1623 2614 ad
1658 2547 1785 2616 Sacra-

567 2665 724 2734 mentum,
747 2657 834 2742 quod
849 2679 870 2724 a
885 2658 1030 2724 Diacono
1054 2655 1214 2726 afferetur
1229 2658 1270 2726 ad
1286 2658 1405 2728 altere
1428 2664 1462 2730 ot
1484 2659 1518 2730 in
1540 2655 1649 2730 media
1666 2673 1786 2724 mansa

566 2765 741 2832 locabitur.

651 2872 728 2938 353.
752 2872 901 2938 Reverso
917 2873 959 2938 ad
975 2875 1047 2940 eius
1063 2860 1236 2939 dexteram
1255 2872 1407 2949 Diacono‚
1425 2876 1590 2957 assurget,
1606 2871 1786 2940 incensum

566 2982 600 3045 in
623 2979 833 3046 thuribulum
856 2979 1009 3046 infundet
1031 2981 1103 3046 sine
1125 2980 1362 3056 benedictione,
1379 2999 1489 3064 genua
1504 2997 1622 3054 rursus
1647 2977 1786 3044 submit·

567 3093 625 3164 tet,
649 3108 670 3153 a
692 3087 835 3153 Diacono
859 3089 999 3174 accipiet
1021 3089 1238 3162 thuribulum,
1263 3108 1327 3172 quo
1351 3087 1408 3158 SS.
1433 3087 1686 3158 Sacramentum
1716 3087 1786 3152 tri·

564 3195 642 3280 plici
664 3195 767 3261 ductu
790 3194 1003 3272 thurificabit,
1026 3216 1066 3261 ac
1089 3197 1299 3264 thuribulum
1322 3196 1465 3262 Diacono
1489 3195 1656 3270 restituet.

652 3303 728 3368 354.
751 3303 822 3369 Hoc
844 3303 944 3379 facto,
968 3309 1131 3388 assurget,
1155 3304 1357 3374 consuendet
1378 3303 1623 3390 suppedaneum
1654 3305 1689 3368 et
1719 3321 1786 3388 ge-

568 3407 726 3475 nuflectet
747 3409 788 3474 ad
819 3410 875 3476 SS.
907 3410 1165 3487 Sacramentum,
1190 3430 1315 3496 ponens
1345 3430 1461 3478 manus
1492 3415 1648 3476 extensas
1680 3429 1786 3496 super

569 3516 687 3582 Altare
711 3523 780 3583 tum
806 3519 840 3582 in
870 3519 932 3584 hac
962 3524 1033 3584 tum
1064 3520 1097 3584 in
1127 3520 1248 3586 ceteris
1281 3515 1579 3604 mnuflexionibus,
1603 3537 1686 3602 quas
1716 3519 1787 3584 orit

570 3631 801 3691 assecuturus.
1383 3664 1386 3672 -

655 3732 730 3800 355.
755 3730 918 3798 Diaconus
940 3733 1040 3800 tollet
1062 3733 1103 3799 de
1130 3734 1243 3802 Calice
1273 3736 1386 3802 velum
1416 3733 1537 3809 album,
1562 3738 1719 3818 patenam
1750 3739 1787 3800 et

570 3839 704 3925 pallam.
728 3839 908 3905 Celebrans
932 3840 1076 3908 Calicem
1100 3843 1235 3907 sinistra
1258 3848 1366 3909 sumet
1388 3847 1423 3908 ot
1447 3841 1479 3908 S.
1503 3841 1653 3916 Hostiam
1681 3841 1787 3916 iaciat

570 3941 705 4012 effluere
728 3966 827 4032 super
849 3961 1012 4032 patenam,
1036 3968 1133 4033 quam
1157 3950 1320 4015 Diaconus
1344 3949 1529 4018 sustinebit
1547 3947 1581 4014 Si
1597 3947 1708 4022 aderit
1723 3969 1785 4028 oo-

568 4055 713 4124 chleare.
737 4054 876 4140 accipiet
899 4055 984 4121 illud
1007 4057 1179 4123 manubrio
1202 4062 1237 4122 et
1260 4057 1292 4123 S.
1317 4057 1463 4128 Hostiam
1488 4061 1589 4141 ponet
1611 4075 1714 4142 snper
1730 4075 1786 4142 pa·

568 4168 688 4239 tenam,
711 4183 731 4227 a
754 4163 908 4239 Diacono,
933 4171 971 4229 ut
993 4184 1104 4249 supra,
1121 4170 1313 4229 sustentam.
1332 4162 1476 4236 Calicem
1492 4163 1661 4238 detectum
1680 4162 1786 4234 relin-

569 4276 648 4352 quet
669 4290 769 4356 super
792 4271 975 4356 corporale.
1001 4270 1034 4335 Si
1058 4271 1160 4356 digito
1184 4291 1298 4337 suanus
1322 4271 1481 4342 dexterae
1499 4271 1651 4356 tetigerit
1666 4269 1786 4338 Sacra-

572 4385 716 4441 mentum
739 4376 937 4442 extraheudi
959 4397 1076 4443 caussa
1099 4378 1139 4442 de
1162 4379 1273 4445 calice
1296 4377 1481 4464 purificabit
1502 4375 1623 4463 digitos
1645 4397 1733 4462 aqua
1750 4379 1784 4444 in

574 4484 709 4550 vasculo
731 4486 839 4550 vitreo
862 4490 896 4550 ot
918 4485 1087 4570 absterget
1101 4485 1336 4571 purificatorio.
1356 4485 1480 4564 Deinde
1498 4493 1652 4573 patenam
1667 4505 1688 4552 a
1703 4485 1785 4552 nia-

574 4609 657 4655 cono
679 4593 833 4660 ambabus
856 4593 1005 4660 manibus
1028 4595 1177 4680 accipiet.
1203 4601 1301 4680 ponet
1332 4596 1581 4664 Sacramentum
1612 4596 1645 4662 in
1676 4594 1784 4664 medio
