4175 5717
526 711 570 780 ‘26
988 731 1055 784 mn.
1080 728 1115 784 11.

438 846 569 905 secreto
594 841 703 909 Potor
724 848 854 917 noster,
879 841 951 909 Aoo
974 842 1095 909 Mario
1117 847 1152 908 et
1177 843 1299 912 Credo.
1325 840 1456 928 Reliqui
1479 841 1581 911 etiam
1597 839 1655 930 qul

438 947 471 1010 in
495 947 598 1012 choro
622 946 775 1026 aderunt,
800 955 942 1026 secreto,
968 955 1137 1037 utsupra,
1163 950 1362 1019 recitabunt.

529 1054 578 1118 l8.
604 1055 687 1120 'l'um
712 1055 893 1121 Gelebrans
916 1076 953 1123 se
976 1059 1009 1122 in
1032 1077 1091 1122 ore
1115 1057 1237 1143 pollice
1260 1056 1400 1125 dentem
1415 1059 1561 1144 signans,
1578 1077 1656 1124 can-

436 1161 520 1226 tabit
544 1162 698 1239 Domine,
724 1163 815 1230 lobio
837 1183 915 1231 mea
938 1166 1077 1248 aperies
1099 1185 1138 1230 ac
1161 1184 1321 1251 responso
1355 1164 1508 1231 achoro
1539 1161 1585 1233 Et
1615 1183 1654 1232 os

435 1289 553 1335 meum
576 1277 638 1335 etc.
663 1290 698 1336 se
721 1291 820 1337 manu
843 1274 978 1358 signans
1002 1272 1209 1338 continuabit
1232 1292 1354 1338 canere
1377 1272 1485 1350 Deua
1501 1272 1539 1338 in
1555 1271 1656 1340 adm

436 1378 566 1444 lorium
589 1385 623 1443 et
638 1378 762 1444 chorus
779 1380 991 1466 respondebit
1006 1381 1153 1448 Domine
1167 1381 1215 1447 ad
1230 1381 1475 1449 adiuvandum
1490 1385 1554 1446 etc.
1576 1379 1654 1448 oto

435 1485 493 1549 ria
517 1486 822 1554 Patrimonione
845 1495 922 1554 crat
944 1495 1006 1553 etc.

527 1592 575 1656 19.
601 1594 684 1658 Dum
708 1602 848 1660 canetur
875 1593 996 1662 Gloria
1019 1595 1132 1672 Patri,
1158 1603 1227 1661 tum
1252 1595 1444 1672 Celebrans,
1473 1599 1544 1663 tum
1575 1595 1654 1662 reli-

435 1701 491 1783 qui
514 1719 628 1766 omnes
651 1707 751 1788 caput
772 1720 891 1768 versus
916 1702 1035 1767 Altarc
1058 1701 1221 1788 profunde
1244 1703 1463 1769 inclinabunt

521 1807 708 1883 aeonum
732 1809 921 1875 cantabitur
944 1807 1043 1877 Siout
1066 1817 1143 1878 ooo
1174 1815 1237 1875 etc.
1269 1810 1334 1876 duo
1364 1814 1529 1888 cantores,
1560 1809 1653 1876 factu

434 1912 475 1977 ad
500 1914 731 1981 celebrantem
755 1918 956 1995 reverentia,
979 1916 1160 1984 abscedent
1182 1917 1223 1982 ab
1246 1922 1344 1983 eost
1366 1918 1399 1982 in
1416 1915 1558 1984 medium
1574 1917 1654 1984 cbo·

435 2041 508 2086 rum
532 2021 573 2087 ad
596 2023 699 2108 legile
720 2022 764 2089 ibi
787 2029 939 2110 puratum
963 2024 1068 2101 ibunt,
1093 2026 1149 2090 ubi
1172 2044 1261 2110 genu
1285 2021 1421 2090 flectent
1442 2023 1484 2090 ud
1499 2023 1650 2100 ¹Crucem

433 2135 467 2194 et
490 2129 673 2196 cantabunt
696 2131 928 2196 Invitatorium
950 2137 1052 2216 utque
1086 2132 1249 2218 psalmum
1290 2131 1407 2200 Vende
1437 2134 1651 2210 conuenae,

432 2236 527 2302 iuxta
550 2245 684 2303 cantum
709 2239 741 2302 in
766 2240 960 2325 respectivis
984 2238 1098 2305 diebus
1122 2241 1374 2326 praescriptum.
1399 2237 1528 2304 Chorus
1544 2237 1586 2304 ad
1603 2239 1652 2306 in·

432 2345 635 2424 vitatorium,
660 2367 698 2411 ac
721 2345 839 2412 deinde
863 2367 980 2414 versus
1003 2345 1120 2433 psalmi
1145 2337 1369 2432 respondebit.

520 2452 573 2518 21.
599 2452 649 2518 nd
673 2452 734 2518 ills
757 2454 860 2518 verba
889 2452 1007 2520 Venite
1028 2454 1219 2521 aomemue
1242 2461 1276 2521 et
1305 2453 1537 2538 procidamus
1566 2459 1652 2521 onte

432 2561 554 2639 Deum,
579 2581 666 2647 genu
689 2559 828 2628 flectent
849 2567 1017 2638 cantores,
1042 2560 1224 2627 celebrans
1241 2568 1276 2627 et
1291 2562 1424 2638 chorus;
1441 2566 1557 2647 postea
1573 2579 1653 2626 can-

431 2675 522 2735 tores
546 2668 643 2735 iidem
658 2675 883 2758 assurgentes,
900 2673 1145 2755 prosequentur
1162 2668 1348 2736 Ploremue
1362 2687 1484 2736 coram
1499 2667 1650 2736 Βονηίηο

433 2782 496 2841 etc.
521 2775 580 2863 (a).
993 2777 1002 2802 ¹
1112 2833 1115 2840 .

519 2885 571 2948 22.
597 2885 758 2951 (lautores
781 2883 855 2960 duo,
878 2891 1052 2970 postquam
1075 2888 1182 2948 totum
1208 2883 1436 2948 invitatorium
1464 2883 1652 2948 cecinerint

431 3011 518 3077 genu
543 2989 678 3058 flectent
700 2991 741 3056 ad
765 2991 893 3068 ditare,
918 2998 954 3056 et
976 2990 1099 3056 vadent
1114 2995 1193 3055 ante
1210 2989 1451 3067 Gelebrantem,
1468 2990 1653 3057 subsisten-

431 3107 481 3164 tes
507 3102 539 3164 in
563 3099 662 3184 plano
686 3100 790 3175 chori,
815 3097 985 3182 eidemque
1010 3098 1201 3164 celebranti
1225 3097 1314 3162 iacta
1347 3094 1514 3183 profunda
1548 3115 1652 3162 reve-

430 3209 548 3284 rentia,
573 3209 698 3292 primus
721 3227 837 3272 eorum
860 3207 918 3290 qui
941 3205 1104 3272 dexterae
1126 3204 1269 3270 adstabit
1293 3204 1382 3279 socii,
1407 3202 1459 3268 1111
1475 3204 1652 3289 praecinet

432 3315 603 3400 hymnum.

517 3423 569 3488 23.
595 3424 808 3489 Meminerint
831 3422 895 3488 duo
919 3421 971 3487 illi
998 3427 1152 3487 cantores
1187 3439 1298 3486 secum
1330 3419 1420 3485 ferre
1452 3417 1576 3484 librum
1600 3418 1653 3486 in·

431 3533 590 3616 scriptum
614 3531 850 3600 Direotoro'um
872 3529 980 3605 eoem,
1005 3548 1070 3613 quo
1096 3534 1236 3594 utantur
1258 3525 1300 3592 ad
1329 3525 1526 3594 intonandes
1558 3527 1650 3593 notis

432 3639 562 3703 musicis
587 3639 795 3724 antiphonas.

517 3746 570 3810 24.
595 3744 775 3811 Gelebraus
798 3745 962 3811 intonabit
983 3745 1156 3831 hymnum,
1181 3744 1279 3827 quia
1309 3741 1412 3808 choro
1443 3741 1650 3820 cantabitur,

431 3853 485 3917 vel
509 3855 608 3918 etiam
631 3851 822 3919 alternatim
856 3852 1113 3918 intercalubitur
1143 3869 1345 3936 organorum
1380 3868 1492 3926 sonus,
1523 3849 1552 3914 si
1583 3847 1651 3916 hoc

430 3962 515 4025 ritus
539 3957 636 4025 officii
660 3961 815 4044 patietur.
840 3959 948 4035 Quum
972 3961 1006 4024 in
1042 3958 1158 4024 ultimo
1193 3971 1295 4024 ¹versu
1330 3955 1553 4022 nominabitur
1588 3955 1649 4022 SS.

430 4068 586 4144 Trinitas,
610 4074 711 4153 caput
732 4068 773 4134 ab
797 4068 948 4134 omnibus
971 4066 1090 4132 Altare
1114 4085 1232 4132 versus
1257 4063 1486 4129 inclinabitur.

501 4269 541 4337 (a)
561 4265 685 4332 Quidum
706 4265 889 4322 rubricarum
914 4262 1075 4336 scriptores
1103 4262 1210 4319 docent
1237 4260 1355 4316 minime
1383 4277 1450 4316 esse
1475 4257 1649 4318 cantoribus

430 4356 687 4426 genuflectendum
706 4356 744 4411 ad
763 4354 854 4411 verba
877 4352 978 4410 Venite
996 4354 1163 4418 udor-eman
1182 4351 1235 4408 sed
1254 4348 1447 4422 supplendum
1467 4365 1534 4405 em
1547 4363 1648 4420 gom·
1690 4397 1695 4406 .

430 4445 557 4502 flexione
576 4455 642 4519 post
660 4445 825 4501 absolutum
844 4442 921 4498 illius
939 4459 1044 4498 versus
1063 4448 1191 4497 cantum:
1212 4437 1444 4498 caeremonialis
1463 4445 1562 4494 nmen
1590 4455 1647 4511 pn-

430 4543 472 4592 tot
489 4535 640 4608 dispositio
658 4535 705 4591 lib.
723 4539 748 4590 2.
767 4549 831 4605 cap.
850 4537 875 4589 6.
895 4551 922 4588 n.
941 4535 966 4588 8.
986 4532 1034 4589 ubi
1055 4531 1130 4588 haec
1148 4531 1326 4603 praecipit«
1346 4539 1405 4588 tum
1424 4527 1480 4602 ipsi
1504 4543 1646 4586 cantores

432 4635 461 4681 ct
480 4627 649 4692 celebrans,
668 4643 754 4699 quam
774 4623 821 4680 alii
842 4641 944 4680 omnes
963 4623 1162 4695 genuflectunt
1184 4640 1208 4676 ι.
