4175 5717
520 761 580 828 124
970 781 1035 827 mn.
1062 779 1105 828 tr.

431 909 491 954 seu
513 889 608 954 locus
633 891 665 953 in
690 908 786 972 quem
809 888 936 954 decidat
961 909 1047 972 aqua
1070 885 1217 954 defluens
1241 887 1414 974 decapite
1445 883 1641 973 baptizandi,

431 1013 600 1082 compater
623 1017 723 1082 super
747 999 850 1081 ipsum
875 997 1049 1060 sustinebit
1075 995 1246 1070 infantem,
1271 1007 1445 1080 utsupra.

518 1103 571 1170 37.
596 1103 778 1174 Parochus,
802 1111 939 1190 accepto
973 1102 1113 1168 dextere
1147 1102 1326 1178 cochleari,
1351 1105 1499 1187 attinget
1529 1119 1643 1186 aquarn

432 1211 672 1296 baptismalem,
703 1230 743 1276 ac
772 1211 885 1276 dicens
911 1211 948 1274 N.
972 1230 1035 1295 epo
1060 1219 1091 1277 te
1121 1209 1260 1294 baptizo
1284 1211 1322 1276 io
1352 1211 1496 1276 minine
1527 1207 1644 1276 Patris

431 1333 493 1383 etc.
525 1315 672 1384 effundet
702 1339 820 1402 aquam
852 1321 884 1382 iu
916 1319 1056 1382 formam
1093 1318 1232 1384 Cbrucis
1257 1338 1356 1404 super
1383 1323 1487 1402 caput
1512 1315 1644 1382 infantis

431 1427 535 1510 prima
558 1427 640 1493 rice.
664 1437 698 1490 et
721 1425 835 1490 (licens
857 1433 889 1492 et
905 1424 989 1491 Filii
1003 1422 1149 1490 effundet
1166 1445 1295 1509 aquam,
1312 1440 1348 1490 ut
1370 1443 1485 1510 supra,
1503 1421 1645 1488 secunde

432 1533 514 1608 rice,
537 1538 569 1598 et
593 1531 749 1614 Spiritus
773 1531 896 1600 Sancti
917 1530 1062 1598 effundet
1088 1534 1189 1598 tertia
1212 1535 1294 1598 rice.

518 1639 572 1702 38.
597 1639 630 1702 Si
654 1638 851 1724 baptismum
866 1640 1106 1706 conferendum
1123 1647 1212 1706 esset
1229 1661 1289 1726 per
1306 1641 1564 1716 immersionem,
1581 1657 1644 1706 ser·

431 1746 564 1812 rabitur
587 1745 674 1830 quod
698 1748 806 1832 capite
828 1747 1040 1832 praecedenti
1064 1767 1153 1811 num.
1177 1747 1230 1814 35.
1255 1755 1405 1813 notatum
1429 1757 1493 1814 est.

518 1854 572 1917 39.
597 1855 773 1939 compater
789 1855 843 1921 rel
861 1871 1042 1921 commater
1057 1857 1195 1940 accipiet
1214 1855 1350 1920 mantile
1369 1863 1405 1922 et
1419 1861 1523 1941 caput
1539 1855 1646 1942 bapti-

429 1964 495 2026 zati
517 1962 697 2048 diligenter
724 1973 914 2048 extergant.
1555 1975 1564 1986 ·

521 2071 574 2132 «to.
599 2069 714 2156 Capite
738 2071 874 2136 infantis
897 2080 1043 2146 exterso,
1068 2070 1212 2136 clericus
1239 2070 1466 2157 praesentabit
1494 2069 1645 2136 Parocho

431 2177 604 2242 vasculum
627 2199 653 2240 s.
679 2176 874 2243 chrismatis
897 2199 973 2244 oum
995 2177 1207 2262 aliquantulo
1223 2179 1375 2265 gossipio.
1396 2179 1573 2244 Parochus
1595 2179 1647 2244 in·

431 2287 539 2368 tinget
562 2285 718 2371 pollicem
741 2286 917 2351 dexterum
941 2288 974 2350 in
998 2309 1025 2350 s.
1051 2285 1200 2352 Chrisma
1226 2301 1257 2352 et
1290 2287 1435 2352 recitans
1468 2285 1645 2352 iormulnrn

430 2391 525 2459 Deus
548 2393 765 2476 pinnipotens
788 2401 851 2458 etc.
878 2394 1067 2459 unctionem
1092 2393 1194 2458 saciet
1210 2395 1243 2458 in
1260 2391 1391 2458 modum
1412 2392 1531 2486 (trucis
1548 2413 1646 2478 super

430 2501 589 2566 uerticem
621 2503 738 2586 capitis
762 2501 851 2582 (non
875 2503 1013 2566 veroin
1038 2501 1170 2584 fronte)
1195 2499 1350 2584 baptizati
1380 2499 1421 2564 ad
1452 2499 1515 2564 illa
1545 2499 1646 2567 verba

430 2608 503 2691 ipse
527 2616 558 2674 te
582 2608 682 2674 liniat
710 2608 907 2675 consonate
928 2609 1055 2674 salutes
1079 2613 1143 2672 etc.
1170 2608 1334 2693 Exterget
1356 2605 1476 2672 deinde
1502 2609 1647 2694 gossipio

431 2715 585 2801 pollicem
608 2737 705 2781 snum
728 2721 762 2780 et
787 2719 974 2782 unctionem
998 2719 1032 2781 in
1056 2715 1185 2782 infante
1208 2723 1386 2802 peractam.
1410 2715 1483 2780 Hoc
1504 2713 1580 2782 fleri
1595 2735 1649 2802 po·

431 2825 511 2889 terit
526 2826 625 2889 etiam
648 2844 669 2888 a
691 2825 826 2890 clerico.
851 2826 879 2888 si
902 2844 998 2890 sacro
1022 2823 1139 2890 ordine
1163 2825 1365 2888 constitutus
1389 2825 1442 2889 sit.
1510 2839 1514 2846 ·

519 2932 571 2995 41.
596 2931 749 2998 Clericus
772 2931 881 2996 tradet
906 2931 1059 2996 Parocho
1083 2941 1208 2996 vestem
1239 2929 1412 2996 candidam
1435 2951 1495 2998 seu
1520 2931 1647 2998 linteo-

432 3037 501 3104 lum
525 3039 682 3104 mundum
706 3039 842 3113 lineum,
865 3038 953 3130 qupd
968 3039 1173 3124 explicatum
1192 3038 1365 3104 Perochus
1381 3041 1529 3125 imponet
1546 3039 1646 3126 capiti

431 3145 596 3230 baptizati,
620 3145 733 3212 dicens
756 3147 884 3229 Accipe
905 3153 1034 3213 certem
1060 3145 1250 3212 candidam
1282 3154 1345 3211 etc.
1378 3145 1558 3232 compater
1591 3167 1648 3214 re-

431 3253 604 3336 spondebit
626 3253 747 3320 Arnen.

519 3361 571 3444 ⁴22
595 3361 716 3426 :imola
738 3382 759 3425 a
781 3363 889 3447 capite
912 3361 1069 3447 baptizati
1096 3368 1189 3428 reste
1205 3361 1354 3438 candida,
1372 3362 1519 3428 clericus
1535 3359 1648 3428 tradet

432 3467 584 3531 Paroclio
607 3489 741 3532 cereum
757 3488 933 3534 accensum
950 3477 983 3534 et
1002 3470 1175 3535 Paroclrus
1192 3471 1363 3555 compatri,
1380 3467 1493 3534 dicens
1517 3469 1648 3554 Accipe

432 3575 629 3656 lampadem
651 3577 833 3644 ardentem
858 3585 921 3642 etc.
947 3575 1124 3662 compater
1148 3575 1358 3662 respondebit
1389 3577 1502 3644 Amen
1530 3583 1566 3644 et
1588 3599 1647 3644 ce-

432 3700 509 3745 reus
532 3701 553 3744 a
575 3681 700 3747 clerico
724 3685 913 3768 recipietur.

518 3789 571 3854 43.
596 3789 769 3856 Post-remo
785 3791 962 3856 Parochus·
974 3791 1140 3876 baptizato
1156 3790 1244 3856 dicet
1260 3790 1298 3854 N.
1316 3793 1404 3858 eade
1419 3793 1457 3860 itt
1468 3811 1562 3876 pace
1580 3799 1645 3862 etc.

431 3895 607 3982 compater
630 3897 843 3984 respondebit
865 3898 988 3966 Amen.

518 4003 570 4073 44.
595 4005 749 4072 Discedet
770 4026 789 4071 e
812 4004 904 4071 fonte
926 4009 1052 4092 primus
1076 4011 1244 4092 compater
1268 4025 1343 4072 curn
1371 4005 1499 4074 intente
1517 4005 1646 4096 bapti-

430 4118 514 4190 zato,
538 4120 572 4177 et
595 4111 752 4178 succedet
775 4115 807 4178 in
831 4113 943 4179 locum
965 4117 1036 4180 eius
1053 4114 1216 4181 secundus
1233 4132 1328 4196 quem
1346 4114 1519 4181 Perochus
1536 4118 1640 4184 inter·

431 4221 559 4302 rogabit
583 4221 620 4284 N.
644 4221 821 4287 credistis
844 4220 956 4288 Deum
979 4231 1042 4288 etc.
1069 4232 1106 4289 ut
1129 4241 1229 4309 supra
1245 4241 1319 4286 cum
1336 4223 1374 4288 iis
1391 4243 1474 4306 quae
1496 4245 1648 4309 sequun-

433 4339 488 4391 tur
511 4349 614 4412 usque
637 4329 679 4394 ad
702 4327 809 4394 finem.
835 4329 976 4414 ldipsum
999 4331 1155 4416 deinceps
1180 4329 1235 4396 liet
1260 4331 1400 4416 singulis
1427 4331 1503 4396 aliis
1535 4332 1644 4419 bapti-

432 4433 553 4511 zandis,
578 4435 734 4500 masculis
758 4443 792 4502 et
816 4437 978 4512 foeminis,
995 4438 1159 4503 seri-ando
1186 4458 1315 4524 semper
1338 4437 1528 4504 methodum
1553 4459 1646 4508 eam-

431 4539 503 4605 dem
527 4563 547 4605 a
571 4563 658 4606 num.
682 4545 735 4608 34.
760 4543 801 4608 ad
825 4563 913 4607 num.
937 4547 990 4609 43.
1016 4543 1180 4608 inclusive
1206 4546 1304 4611 huius
1328 4545 1456 4632 capitis.

524 4650 571 4712 45.
597 4649 774 4733 Postquam
798 4650 984 4718 discesserit
1010 4651 1148 4716 ultimus
1173 4652 1368 4738 baptizatus,
1394 4654 1570 4721 Perochus
1594 4653 1644 4722 di·
