<?xml version="1.0" encoding="UTF-8"?>
<!DOCTYPE html PUBLIC "-//W3C//DTD XHTML 1.0 Transitional//EN"
    "http://www.w3.org/TR/xhtml1/DTD/xhtml1-transitional.dtd">
<html xmlns="http://www.w3.org/1999/xhtml" xml:lang="en" lang="en">
 <head>
  <title>
</title>
<meta http-equiv="Content-Type" content="text/html;charset=utf-8" />
  <meta name='ocr-system' content='tesseract 3.04.00' />
  <meta name='ocr-capabilities' content='ocr_page ocr_carea ocr_par ocr_line ocrx_word'/>
</head>
<body>
  <div class='ocr_page' id='page_1' title='image "./manualesacrarum00martgoog_0794.png"; bbox 0 0 4175 5717; ppageno 0'>
   <div class='ocr_carea' id='block_1_1' title="bbox 534 751 1119 819">
    <p class='ocr_par' dir='ltr' id='par_1_1' title="bbox 534 751 1119 819">
     <span class='ocr_line' id='line_1_1' title="bbox 534 751 1119 819; baseline -0.003 -1"><span class='ocrx_word' id='word_1_1' title='bbox 534 751 577 818; x_wconf 76' lang='lat'>72</span> <span class='ocrx_word' id='word_1_2' title='bbox 981 769 1046 819; x_wconf 75' lang='lat' dir='ltr'>rsa.</span> <span class='ocrx_word' id='word_1_3' title='bbox 1072 771 1119 818; x_wconf 90' lang='lat'>111.</span> 
     </span>
    </p>
   </div>
   <div class='ocr_carea' id='block_1_2' title="bbox 433 871 1682 4163">
    <p class='ocr_par' dir='ltr' id='par_1_2' title="bbox 445 871 1682 1177">
     <span class='ocr_line' id='line_1_2' title="bbox 448 871 1682 963; baseline -0.002 -18"><span class='ocrx_word' id='word_1_4' title='bbox 448 880 652 954; x_wconf 86' lang='lat' dir='ltr'>Ostensorio;</span> <span class='ocrx_word' id='word_1_5' title='bbox 676 876 809 943; x_wconf 87' lang='lat' dir='ltr'>claudet</span> <span class='ocrx_word' id='word_1_6' title='bbox 833 877 1043 963; x_wconf 82' lang='lat' dir='ltr'>crystallum,</span> <span class='ocrx_word' id='word_1_7' title='bbox 1069 877 1186 942; x_wconf 94' lang='lat' dir='ltr'>deinde</span> <span class='ocrx_word' id='word_1_8' title='bbox 1202 877 1300 942; x_wconf 79' lang='lat' dir='ltr'>etiam</span> <span class='ocrx_word' id='word_1_9' title='bbox 1318 873 1487 963; x_wconf 73' lang='lat' dir='ltr'><strong>capsulam</strong></span> <span class='ocrx_word' id='word_1_10' title='bbox 1504 895 1564 942; x_wconf 87' lang='lat' dir='ltr'>seu</span> <span class='ocrx_word' id='word_1_11' title='bbox 1577 871 1655 962; x_wconf 86' lang='lat' dir='ltr'>pixi-</span> <span class='ocrx_word' id='word_1_12' title='bbox 1680 887 1682 892; x_wconf 85' lang='lat'>&#39;</span> 
     </span>
     <span class='ocr_line' id='line_1_3' title="bbox 445 980 1654 1071; baseline -0.002 -21"><span class='ocrx_word' id='word_1_13' title='bbox 445 989 529 1064; x_wconf 88' lang='lat' dir='ltr'>dem,</span> <span class='ocrx_word' id='word_1_14' title='bbox 553 991 727 1050; x_wconf 80' lang='lat' dir='ltr'>convertet</span> <span class='ocrx_word' id='word_1_15' title='bbox 751 984 981 1050; x_wconf 88' lang='lat' dir='ltr'>Ostensorium</span> <span class='ocrx_word' id='word_1_16' title='bbox 1005 1005 1048 1050; x_wconf 77' lang='lat' dir='ltr'>ex</span> <span class='ocrx_word' id='word_1_17' title='bbox 1072 993 1167 1071; x_wconf 87' lang='lat' dir='ltr'>parte</span> <span class='ocrx_word' id='word_1_18' title='bbox 1184 986 1355 1063; x_wconf 80' lang='lat' dir='ltr'>anteriori,</span> <span class='ocrx_word' id='word_1_19' title='bbox 1373 980 1554 1051; x_wconf 83' lang='lat' dir='ltr'><strong>collocabit</strong></span> <span class='ocrx_word' id='word_1_20' title='bbox 1574 981 1654 1050; x_wconf 92' lang='lat' dir='ltr'>illud</span> 
     </span>
     <span class='ocr_line' id='line_1_4' title="bbox 445 1089 1455 1177; baseline -0.005 -18"><span class='ocrx_word' id='word_1_21' title='bbox 445 1097 477 1160; x_wconf 92' lang='lat' dir='ltr'>in</span> <span class='ocrx_word' id='word_1_22' title='bbox 502 1095 607 1160; x_wconf 92' lang='lat' dir='ltr'>medio</span> <span class='ocrx_word' id='word_1_23' title='bbox 631 1093 739 1158; x_wconf 72' lang='lat' dir='ltr'>altari</span> <span class='ocrx_word' id='word_1_24' title='bbox 763 1099 796 1157; x_wconf 89' lang='lat' dir='ltr'>et</span> <span class='ocrx_word' id='word_1_25' title='bbox 820 1089 1086 1177; x_wconf 81' lang='lat' dir='ltr'>genuflexionem</span> <span class='ocrx_word' id='word_1_26' title='bbox 1110 1092 1210 1157; x_wconf 83' lang='lat' dir='ltr'>faciet</span> <span class='ocrx_word' id='word_1_27' title='bbox 1234 1093 1332 1157; x_wconf 92' lang='lat' dir='ltr'>unico</span> <span class='ocrx_word' id='word_1_28' title='bbox 1355 1111 1455 1177; x_wconf 80' lang='lat' dir='ltr'>genu.</span> 
     </span>
    </p>

    <p class='ocr_par' dir='ltr' id='par_1_3' title="bbox 440 1198 1658 1932">
     <span class='ocr_line' id='line_1_5' title="bbox 529 1198 1654 1288; baseline 0 -22"><span class='ocrx_word' id='word_1_29' title='bbox 529 1201 583 1266; x_wconf 75' lang='lat'>2⁶2.</span> <span class='ocrx_word' id='word_1_30' title='bbox 607 1201 729 1266; x_wconf 79' lang='lat' dir='ltr'>Postea</span> <span class='ocrx_word' id='word_1_31' title='bbox 751 1205 876 1284; x_wconf 88' lang='lat' dir='ltr'>surget,</span> <span class='ocrx_word' id='word_1_32' title='bbox 902 1199 1035 1264; x_wconf 81' lang='lat' dir='ltr'>recedet</span> <span class='ocrx_word' id='word_1_33' title='bbox 1051 1199 1295 1283; x_wconf 84' lang='lat' dir='ltr'>aliquantulum</span> <span class='ocrx_word' id='word_1_34' title='bbox 1311 1199 1352 1264; x_wconf 91' lang='lat' dir='ltr'>ad</span> <span class='ocrx_word' id='word_1_35' title='bbox 1369 1198 1459 1266; x_wconf 89' lang='lat' dir='ltr'>latus</span> <span class='ocrx_word' id='word_1_36' title='bbox 1477 1199 1654 1288; x_wconf 75' lang='lat' dir='ltr'>Epistulae,</span> 
     </span>
     <span class='ocr_line' id='line_1_6' title="bbox 443 1306 1656 1394; baseline 0 -22"><span class='ocrx_word' id='word_1_37' title='bbox 443 1317 476 1372; x_wconf 90' lang='lat' dir='ltr'>et</span> <span class='ocrx_word' id='word_1_38' title='bbox 500 1311 604 1394; x_wconf 89' lang='lat' dir='ltr'>posito</span> <span class='ocrx_word' id='word_1_39' title='bbox 628 1329 647 1372; x_wconf 91' lang='lat' dir='ltr'>a</span> <span class='ocrx_word' id='word_1_40' title='bbox 671 1306 815 1373; x_wconf 89' lang='lat' dir='ltr'>secundo</span> <span class='ocrx_word' id='word_1_41' title='bbox 839 1307 963 1372; x_wconf 91' lang='lat' dir='ltr'>clerico</span> <span class='ocrx_word' id='word_1_42' title='bbox 986 1306 1135 1372; x_wconf 90' lang='lat' dir='ltr'>scabello</span> <span class='ocrx_word' id='word_1_43' title='bbox 1159 1327 1217 1372; x_wconf 89' lang='lat' dir='ltr'>seu</span> <span class='ocrx_word' id='word_1_44' title='bbox 1252 1306 1344 1372; x_wconf 90' lang='lat' dir='ltr'>brevi</span> <span class='ocrx_word' id='word_1_45' title='bbox 1380 1307 1483 1384; x_wconf 88' lang='lat' dir='ltr'>scala,</span> <span class='ocrx_word' id='word_1_46' title='bbox 1519 1309 1656 1394; x_wconf 87' lang='lat' dir='ltr'>accipiet</span> 
     </span>
     <span class='ocr_line' id='line_1_7' title="bbox 444 1413 1657 1500; baseline -0.002 -18"><span class='ocrx_word' id='word_1_47' title='bbox 444 1416 674 1482; x_wconf 87' lang='lat' dir='ltr'>Ostensorium</span> <span class='ocrx_word' id='word_1_48' title='bbox 698 1415 838 1480; x_wconf 82' lang='lat' dir='ltr'>dextera</span> <span class='ocrx_word' id='word_1_49' title='bbox 861 1423 895 1480; x_wconf 91' lang='lat' dir='ltr'>et</span> <span class='ocrx_word' id='word_1_50' title='bbox 918 1434 1099 1478; x_wconf 86' lang='lat' dir='ltr'>conscenso</span> <span class='ocrx_word' id='word_1_51' title='bbox 1124 1413 1281 1491; x_wconf 72' lang='lat' dir='ltr'>scabello</span> <span class='ocrx_word' id='word_1_52' title='bbox 1298 1423 1397 1500; x_wconf 91' lang='lat' dir='ltr'>ponet</span> <span class='ocrx_word' id='word_1_53' title='bbox 1414 1413 1501 1480; x_wconf 92' lang='lat' dir='ltr'>illud</span> <span class='ocrx_word' id='word_1_54' title='bbox 1517 1417 1551 1480; x_wconf 92' lang='lat' dir='ltr'>in</span> <span class='ocrx_word' id='word_1_55' title='bbox 1570 1415 1657 1480; x_wconf 81' lang='lat' dir='ltr'>ibro-</span> 
     </span>
     <span class='ocr_line' id='line_1_8' title="bbox 442 1521 1658 1612; baseline 0 -22"><span class='ocrx_word' id='word_1_56' title='bbox 442 1547 493 1590; x_wconf 93' lang='lat' dir='ltr'>no.</span> <span class='ocrx_word' id='word_1_57' title='bbox 519 1524 697 1609; x_wconf 89' lang='lat' dir='ltr'>Postquam</span> <span class='ocrx_word' id='word_1_58' title='bbox 720 1523 930 1589; x_wconf 87' lang='lat' dir='ltr'>descenderit</span> <span class='ocrx_word' id='word_1_59' title='bbox 952 1524 985 1588; x_wconf 92' lang='lat' dir='ltr'>in</span> <span class='ocrx_word' id='word_1_60' title='bbox 1009 1522 1265 1610; x_wconf 83' lang='lat' dir='ltr'>suppedaneum,</span> <span class='ocrx_word' id='word_1_61' title='bbox 1291 1523 1426 1590; x_wconf 83' lang='lat' dir='ltr'>iterabit</span> <span class='ocrx_word' id='word_1_62' title='bbox 1455 1521 1658 1612; x_wconf 84' lang='lat' dir='ltr'>genuflexio·</span> 
     </span>
     <span class='ocr_line' id='line_1_9' title="bbox 443 1629 1657 1716; baseline 0.001 -21"><span class='ocrx_word' id='word_1_63' title='bbox 443 1651 515 1696; x_wconf 92' lang='lat' dir='ltr'>nem</span> <span class='ocrx_word' id='word_1_64' title='bbox 540 1637 574 1696; x_wconf 92' lang='lat' dir='ltr'>et</span> <span class='ocrx_word' id='word_1_65' title='bbox 597 1631 637 1694; x_wconf 92' lang='lat' dir='ltr'>de</span> <span class='ocrx_word' id='word_1_66' title='bbox 661 1630 770 1696; x_wconf 79' lang='lat' dir='ltr'>Alteri</span> <span class='ocrx_word' id='word_1_67' title='bbox 794 1629 982 1707; x_wconf 81' lang='lat' dir='ltr'>descendet,</span> <span class='ocrx_word' id='word_1_68' title='bbox 998 1629 1178 1695; x_wconf 74' lang='lat' dir='ltr'>advertens</span> <span class='ocrx_word' id='word_1_69' title='bbox 1195 1650 1237 1696; x_wconf 89' lang='lat' dir='ltr'>ne</span> <span class='ocrx_word' id='word_1_70' title='bbox 1253 1637 1384 1716; x_wconf 80' lang='lat' dir='ltr'>tergum</span> <span class='ocrx_word' id='word_1_71' title='bbox 1401 1631 1530 1698; x_wconf 81' lang='lat' dir='ltr'>directe</span> <span class='ocrx_word' id='word_1_72' title='bbox 1548 1637 1657 1698; x_wconf 86' lang='lat' dir='ltr'>vertat</span> 
     </span>
     <span class='ocr_line' id='line_1_10' title="bbox 440 1735 1656 1804; baseline 0.002 -2"><span class='ocrx_word' id='word_1_73' title='bbox 440 1737 480 1802; x_wconf 93' lang='lat' dir='ltr'>ad</span> <span class='ocrx_word' id='word_1_74' title='bbox 506 1737 562 1804; x_wconf 91' lang='lat' dir='ltr'>SS.</span> <span class='ocrx_word' id='word_1_75' title='bbox 587 1737 848 1803; x_wconf 82' lang='lat' dir='ltr'>Sacramentum.</span> <span class='ocrx_word' id='word_1_76' title='bbox 874 1735 1046 1802; x_wconf 80' lang='lat' dir='ltr'>Secundus</span> <span class='ocrx_word' id='word_1_77' title='bbox 1069 1737 1214 1803; x_wconf 88' lang='lat' dir='ltr'>clericus</span> <span class='ocrx_word' id='word_1_78' title='bbox 1230 1738 1395 1804; x_wconf 83' lang='lat' dir='ltr'>amovebit</span> <span class='ocrx_word' id='word_1_79' title='bbox 1411 1737 1599 1804; x_wconf 88' lang='lat' dir='ltr'>scabellum</span> <span class='ocrx_word' id='word_1_80' title='bbox 1618 1737 1656 1804; x_wconf 86' lang='lat' dir='ltr'>de</span> 
     </span>
     <span class='ocr_line' id='line_1_11' title="bbox 441 1843 1655 1932; baseline 0 -22"><span class='ocrx_word' id='word_1_81' title='bbox 441 1843 660 1932; x_wconf 83' lang='lat' dir='ltr'>suppedaneo.</span> <span class='ocrx_word' id='word_1_82' title='bbox 677 1843 794 1910; x_wconf 88' lang='lat' dir='ltr'>deinde</span> <span class='ocrx_word' id='word_1_83' title='bbox 810 1843 850 1908; x_wconf 87' lang='lat' dir='ltr'>ad</span> <span class='ocrx_word' id='word_1_84' title='bbox 867 1843 978 1909; x_wconf 88' lang='lat' dir='ltr'>locum</span> <span class='ocrx_word' id='word_1_85' title='bbox 995 1865 1090 1908; x_wconf 90' lang='lat' dir='ltr'>suum</span> <span class='ocrx_word' id='word_1_86' title='bbox 1108 1844 1226 1910; x_wconf 88' lang='lat' dir='ltr'>redibit</span> <span class='ocrx_word' id='word_1_87' title='bbox 1243 1864 1262 1909; x_wconf 92' lang='lat' dir='ltr'>a</span> <span class='ocrx_word' id='word_1_88' title='bbox 1278 1846 1421 1910; x_wconf 87' lang='lat' dir='ltr'>sinistris</span> <span class='ocrx_word' id='word_1_89' title='bbox 1438 1845 1655 1912; x_wconf 84' lang='lat' dir='ltr'>Celebrant-is.</span> 
     </span>
    </p>

    <p class='ocr_par' dir='ltr' id='par_1_4' title="bbox 438 1950 1658 2764">
     <span class='ocr_line' id='line_1_12' title="bbox 527 1950 1656 2040; baseline 0.004 -24"><span class='ocrx_word' id='word_1_90' title='bbox 527 1953 580 2017; x_wconf 77' lang='lat'>23.</span> <span class='ocrx_word' id='word_1_91' title='bbox 606 1951 787 2017; x_wconf 83' lang='lat' dir='ltr'>Celebrans</span> <span class='ocrx_word' id='word_1_92' title='bbox 811 1958 889 2016; x_wconf 88' lang='lat' dir='ltr'>ante</span> <span class='ocrx_word' id='word_1_93' title='bbox 914 1950 1032 2015; x_wconf 81' lang='lat' dir='ltr'>Altera</span> <span class='ocrx_word' id='word_1_94' title='bbox 1056 1958 1228 2037; x_wconf 82' lang='lat' dir='ltr'>postquam</span> <span class='ocrx_word' id='word_1_95' title='bbox 1252 1952 1470 2028; x_wconf 87' lang='lat' dir='ltr'>descenderit,</span> <span class='ocrx_word' id='word_1_96' title='bbox 1506 1951 1656 2040; x_wconf 78' lang='lat' dir='ltr'>genufle-</span> 
     </span>
     <span class='ocr_line' id='line_1_13' title="bbox 442 2055 1656 2148; baseline 0.002 -26"><span class='ocrx_word' id='word_1_97' title='bbox 442 2061 572 2122; x_wconf 81' lang='lat' dir='ltr'>xionem</span> <span class='ocrx_word' id='word_1_98' title='bbox 596 2059 760 2144; x_wconf 87' lang='lat' dir='ltr'>duplicem</span> <span class='ocrx_word' id='word_1_99' title='bbox 785 2059 885 2123; x_wconf 85' lang='lat' dir='ltr'>faciet.</span> <span class='ocrx_word' id='word_1_100' title='bbox 909 2060 943 2120; x_wconf 93' lang='lat' dir='ltr'>in</span> <span class='ocrx_word' id='word_1_101' title='bbox 967 2055 1079 2122; x_wconf 83' lang='lat' dir='ltr'>infimo</span> <span class='ocrx_word' id='word_1_102' title='bbox 1094 2059 1213 2143; x_wconf 82' lang='lat' dir='ltr'>gradu,</span> <span class='ocrx_word' id='word_1_103' title='bbox 1229 2067 1344 2145; x_wconf 90' lang='lat' dir='ltr'>postea</span> <span class='ocrx_word' id='word_1_104' title='bbox 1361 2071 1544 2148; x_wconf 83' lang='lat' dir='ltr'>consurget</span> <span class='ocrx_word' id='word_1_105' title='bbox 1560 2059 1656 2126; x_wconf 91' lang='lat' dir='ltr'>simul</span> 
     </span>
     <span class='ocr_line' id='line_1_14' title="bbox 442 2164 1657 2234; baseline 0.003 -4"><span class='ocrx_word' id='word_1_106' title='bbox 442 2187 515 2230; x_wconf 92' lang='lat' dir='ltr'>cum</span> <span class='ocrx_word' id='word_1_107' title='bbox 539 2167 681 2230; x_wconf 81' lang='lat' dir='ltr'>clericis.</span> <span class='ocrx_word' id='word_1_108' title='bbox 708 2164 853 2230; x_wconf 80' lang='lat' dir='ltr'>Accedet</span> <span class='ocrx_word' id='word_1_109' title='bbox 875 2164 916 2229; x_wconf 88' lang='lat' dir='ltr'>ad</span> <span class='ocrx_word' id='word_1_110' title='bbox 940 2165 1081 2230; x_wconf 91' lang='lat' dir='ltr'>medium</span> <span class='ocrx_word' id='word_1_111' title='bbox 1108 2166 1234 2234; x_wconf 79' lang='lat' dir='ltr'>Altaris</span> <span class='ocrx_word' id='word_1_112' title='bbox 1260 2169 1376 2232; x_wconf 89' lang='lat' dir='ltr'>tertius</span> <span class='ocrx_word' id='word_1_113' title='bbox 1408 2168 1555 2234; x_wconf 89' lang='lat' dir='ltr'>clericus</span> <span class='ocrx_word' id='word_1_114' title='bbox 1585 2189 1657 2234; x_wconf 89' lang='lat' dir='ltr'>cum</span> 
     </span>
     <span class='ocr_line' id='line_1_15' title="bbox 440 2270 1656 2356; baseline 0.005 -20"><span class='ocrx_word' id='word_1_115' title='bbox 440 2273 622 2342; x_wconf 81' lang='lat' dir='ltr'>thuribulo,</span> <span class='ocrx_word' id='word_1_116' title='bbox 640 2272 804 2337; x_wconf 82' lang='lat' dir='ltr'>secundus</span> <span class='ocrx_word' id='word_1_117' title='bbox 828 2271 1027 2356; x_wconf 81' lang='lat' dir='ltr'>proximabit</span> <span class='ocrx_word' id='word_1_118' title='bbox 1046 2270 1205 2338; x_wconf 86' lang='lat' dir='ltr'>dexterae</span> <span class='ocrx_word' id='word_1_119' title='bbox 1222 2275 1430 2340; x_wconf 87' lang='lat' dir='ltr'>Gelcbrantis</span> <span class='ocrx_word' id='word_1_120' title='bbox 1446 2283 1481 2340; x_wconf 89' lang='lat' dir='ltr'>et</span> <span class='ocrx_word' id='word_1_121' title='bbox 1497 2273 1656 2342; x_wconf 79' lang='lat' dir='ltr'>fimbriam</span> 
     </span>
     <span class='ocr_line' id='line_1_16' title="bbox 440 2379 1657 2467; baseline 0.007 -26"><span class='ocrx_word' id='word_1_122' title='bbox 440 2379 613 2444; x_wconf 86' lang='lat' dir='ltr'>dexteram</span> <span class='ocrx_word' id='word_1_123' title='bbox 636 2379 794 2464; x_wconf 87' lang='lat' dir='ltr'>pluvialis</span> <span class='ocrx_word' id='word_1_124' title='bbox 818 2381 889 2444; x_wconf 89' lang='lat' dir='ltr'>eius</span> <span class='ocrx_word' id='word_1_125' title='bbox 914 2379 1111 2456; x_wconf 83' lang='lat' dir='ltr'>sublevabit,</span> <span class='ocrx_word' id='word_1_126' title='bbox 1144 2383 1268 2467; x_wconf 85' lang='lat' dir='ltr'>primus</span> <span class='ocrx_word' id='word_1_127' title='bbox 1299 2383 1439 2466; x_wconf 89' lang='lat' dir='ltr'>accipiet</span> <span class='ocrx_word' id='word_1_128' title='bbox 1470 2383 1657 2449; x_wconf 86' lang='lat' dir='ltr'>naviculam</span> 
     </span>
     <span class='ocr_line' id='line_1_17' title="bbox 438 2486 1658 2574; baseline 0.005 -24"><span class='ocrx_word' id='word_1_129' title='bbox 438 2493 473 2552; x_wconf 87' lang='lat' dir='ltr'>et</span> <span class='ocrx_word' id='word_1_130' title='bbox 496 2488 666 2551; x_wconf 91' lang='lat' dir='ltr'>incensum</span> <span class='ocrx_word' id='word_1_131' title='bbox 690 2489 761 2550; x_wconf 79' lang='lat' dir='ltr'>sine</span> <span class='ocrx_word' id='word_1_132' title='bbox 792 2486 916 2550; x_wconf 87' lang='lat' dir='ltr'>osculis</span> <span class='ocrx_word' id='word_1_133' title='bbox 950 2487 1150 2552; x_wconf 89' lang='lat' dir='ltr'>ministrabit</span> <span class='ocrx_word' id='word_1_134' title='bbox 1185 2488 1387 2574; x_wconf 71' lang='lat' dir='ltr'>celebranti,</span> <span class='ocrx_word' id='word_1_135' title='bbox 1418 2491 1474 2572; x_wconf 93' lang='lat' dir='ltr'>qui</span> <span class='ocrx_word' id='word_1_136' title='bbox 1508 2489 1658 2556; x_wconf 88' lang='lat' dir='ltr'>demittet</span> 
     </span>
     <span class='ocr_line' id='line_1_18' title="bbox 439 2591 1658 2682; baseline 0.006 -25"><span class='ocrx_word' id='word_1_137' title='bbox 439 2593 524 2657; x_wconf 92' lang='lat' dir='ltr'>illud</span> <span class='ocrx_word' id='word_1_138' title='bbox 548 2593 618 2656; x_wconf 85' lang='lat' dir='ltr'>sine</span> <span class='ocrx_word' id='word_1_139' title='bbox 641 2591 869 2656; x_wconf 89' lang='lat' dir='ltr'>benedictione</span> <span class='ocrx_word' id='word_1_140' title='bbox 893 2593 926 2655; x_wconf 94' lang='lat' dir='ltr'>in</span> <span class='ocrx_word' id='word_1_141' title='bbox 950 2592 1159 2659; x_wconf 91' lang='lat' dir='ltr'>thuribulum</span> <span class='ocrx_word' id='word_1_142' title='bbox 1177 2596 1235 2680; x_wconf 88' lang='lat' dir='ltr'>ipsi</span> <span class='ocrx_word' id='word_1_143' title='bbox 1252 2603 1500 2682; x_wconf 89' lang='lat' dir='ltr'>praesentatum</span> <span class='ocrx_word' id='word_1_144' title='bbox 1517 2617 1538 2662; x_wconf 89' lang='lat' dir='ltr'>a</span> <span class='ocrx_word' id='word_1_145' title='bbox 1558 2599 1658 2664; x_wconf 87' lang='lat' dir='ltr'>tertio</span> 
     </span>
     <span class='ocr_line' id='line_1_19' title="bbox 442 2700 709 2764; baseline -0.011 0"><span class='ocrx_word' id='word_1_146' title='bbox 442 2700 565 2764; x_wconf 86' lang='lat' dir='ltr'>clerico</span> <span class='ocrx_word' id='word_1_147' title='bbox 589 2704 709 2764; x_wconf 88' lang='lat' dir='ltr'>stante.</span> 
     </span>
    </p>

    <p class='ocr_par' dir='ltr' id='par_1_5' title="bbox 437 2807 1661 3410">
     <span class='ocr_line' id='line_1_20' title="bbox 524 2807 1659 2891; baseline 0.008 -21"><span class='ocrx_word' id='word_1_148' title='bbox 524 2808 576 2871; x_wconf 80' lang='lat'>24.</span> <span class='ocrx_word' id='word_1_149' title='bbox 602 2807 731 2871; x_wconf 83' lang='lat' dir='ltr'>Rursus</span> <span class='ocrx_word' id='word_1_150' title='bbox 755 2825 830 2870; x_wconf 88' lang='lat' dir='ltr'>cum</span> <span class='ocrx_word' id='word_1_151' title='bbox 853 2808 958 2891; x_wconf 90' lang='lat' dir='ltr'>primo</span> <span class='ocrx_word' id='word_1_152' title='bbox 982 2813 1016 2872; x_wconf 89' lang='lat' dir='ltr'>et</span> <span class='ocrx_word' id='word_1_153' title='bbox 1040 2809 1185 2873; x_wconf 86' lang='lat' dir='ltr'>secundo</span> <span class='ocrx_word' id='word_1_154' title='bbox 1209 2810 1333 2875; x_wconf 90' lang='lat' dir='ltr'>clerico</span> <span class='ocrx_word' id='word_1_155' title='bbox 1359 2810 1543 2888; x_wconf 85' lang='lat' dir='ltr'>Celebrans</span> <span class='ocrx_word' id='word_1_156' title='bbox 1578 2812 1659 2879; x_wconf 91' lang='lat' dir='ltr'>sub-</span> 
     </span>
     <span class='ocr_line' id='line_1_21' title="bbox 441 2912 1660 3003; baseline 0.007 -25"><span class='ocrx_word' id='word_1_157' title='bbox 441 2917 549 2979; x_wconf 88' lang='lat' dir='ltr'>mittet</span> <span class='ocrx_word' id='word_1_158' title='bbox 571 2934 680 2998; x_wconf 81' lang='lat' dir='ltr'>genua</span> <span class='ocrx_word' id='word_1_159' title='bbox 704 2914 737 2976; x_wconf 91' lang='lat' dir='ltr'>in</span> <span class='ocrx_word' id='word_1_160' title='bbox 761 2912 868 2976; x_wconf 87' lang='lat' dir='ltr'>medio</span> <span class='ocrx_word' id='word_1_161' title='bbox 891 2913 995 2998; x_wconf 81' lang='lat' dir='ltr'>gradu</span> <span class='ocrx_word' id='word_1_162' title='bbox 1021 2915 1142 2992; x_wconf 85' lang='lat' dir='ltr'>infimo,</span> <span class='ocrx_word' id='word_1_163' title='bbox 1167 2935 1207 2981; x_wconf 93' lang='lat' dir='ltr'>ac</span> <span class='ocrx_word' id='word_1_164' title='bbox 1238 2919 1357 2982; x_wconf 84' lang='lat' dir='ltr'>tertius</span> <span class='ocrx_word' id='word_1_165' title='bbox 1391 2919 1533 3003; x_wconf 84' lang='lat' dir='ltr'>genibus</span> <span class='ocrx_word' id='word_1_166' title='bbox 1564 2917 1660 2986; x_wconf 86' lang='lat' dir='ltr'>flexis</span> 
     </span>
     <span class='ocr_line' id='line_1_22' title="bbox 438 3022 1660 3110; baseline 0.005 -22"><span class='ocrx_word' id='word_1_167' title='bbox 438 3023 580 3088; x_wconf 88' lang='lat' dir='ltr'>adstabit.</span> <span class='ocrx_word' id='word_1_168' title='bbox 604 3022 763 3087; x_wconf 81' lang='lat' dir='ltr'>dexterae</span> <span class='ocrx_word' id='word_1_169' title='bbox 786 3023 882 3107; x_wconf 93' lang='lat' dir='ltr'>primi</span> <span class='ocrx_word' id='word_1_170' title='bbox 906 3022 1031 3086; x_wconf 88' lang='lat' dir='ltr'>clerici.</span> <span class='ocrx_word' id='word_1_171' title='bbox 1058 3025 1118 3090; x_wconf 90' lang='lat' dir='ltr'>Hic</span> <span class='ocrx_word' id='word_1_172' title='bbox 1134 3033 1304 3110; x_wconf 90' lang='lat' dir='ltr'>acceptum</span> <span class='ocrx_word' id='word_1_173' title='bbox 1322 3026 1532 3093; x_wconf 90' lang='lat' dir='ltr'>thuribulum</span> <span class='ocrx_word' id='word_1_174' title='bbox 1549 3028 1660 3096; x_wconf 87' lang='lat' dir='ltr'>tradet</span> 
     </span>
     <span class='ocr_line' id='line_1_23' title="bbox 438 3127 1661 3223; baseline 0.007 -28"><span class='ocrx_word' id='word_1_175' title='bbox 438 3133 508 3195; x_wconf 89' lang='lat' dir='ltr'>sine</span> <span class='ocrx_word' id='word_1_176' title='bbox 533 3130 655 3193; x_wconf 88' lang='lat' dir='ltr'>osculis</span> <span class='ocrx_word' id='word_1_177' title='bbox 680 3127 881 3204; x_wconf 77' lang='lat' dir='ltr'>celebranti,</span> <span class='ocrx_word' id='word_1_178' title='bbox 907 3131 962 3212; x_wconf 93' lang='lat' dir='ltr'>qui</span> <span class='ocrx_word' id='word_1_179' title='bbox 980 3129 1037 3195; x_wconf 87' lang='lat' dir='ltr'>SS.</span> <span class='ocrx_word' id='word_1_180' title='bbox 1056 3131 1305 3196; x_wconf 88' lang='lat' dir='ltr'>Sacramentum</span> <span class='ocrx_word' id='word_1_181' title='bbox 1324 3135 1518 3211; x_wconf 90' lang='lat' dir='ltr'>incensabit,</span> <span class='ocrx_word' id='word_1_182' title='bbox 1537 3143 1661 3223; x_wconf 81' lang='lat' dir='ltr'>etpost</span> 
     </span>
     <span class='ocr_line' id='line_1_24' title="bbox 437 3235 1660 3324; baseline 0.007 -23"><span class='ocrx_word' id='word_1_183' title='bbox 437 3235 716 3302; x_wconf 85' lang='lat' dir='ltr'>thurificationem</span> <span class='ocrx_word' id='word_1_184' title='bbox 740 3237 896 3299; x_wconf 86' lang='lat' dir='ltr'>restituet</span> <span class='ocrx_word' id='word_1_185' title='bbox 920 3235 1130 3301; x_wconf 89' lang='lat' dir='ltr'>thuribulum</span> <span class='ocrx_word' id='word_1_186' title='bbox 1155 3240 1260 3324; x_wconf 93' lang='lat' dir='ltr'>primo</span> <span class='ocrx_word' id='word_1_187' title='bbox 1295 3239 1429 3318; x_wconf 90' lang='lat' dir='ltr'>clerico,</span> <span class='ocrx_word' id='word_1_188' title='bbox 1461 3241 1517 3308; x_wconf 91' lang='lat' dir='ltr'>hic</span> <span class='ocrx_word' id='word_1_189' title='bbox 1547 3251 1660 3310; x_wconf 89' lang='lat' dir='ltr'>autem</span> 
     </span>
     <span class='ocr_line' id='line_1_25' title="bbox 439 3345 551 3410; baseline -0.036 0"><span class='ocrx_word' id='word_1_190' title='bbox 439 3345 551 3410; x_wconf 84' lang='lat' dir='ltr'>tertio.</span> 
     </span>
    </p>

    <p class='ocr_par' dir='ltr' id='par_1_6' title="bbox 433 3449 1661 4163">
     <span class='ocr_line' id='line_1_26' title="bbox 523 3449 1661 3544; baseline 0.009 -28"><span class='ocrx_word' id='word_1_191' title='bbox 523 3451 576 3516; x_wconf 83' lang='lat'>25.</span> <span class='ocrx_word' id='word_1_192' title='bbox 602 3449 752 3515; x_wconf 83' lang='lat' dir='ltr'>Clericus</span> <span class='ocrx_word' id='word_1_193' title='bbox 776 3451 895 3514; x_wconf 87' lang='lat' dir='ltr'>tertius</span> <span class='ocrx_word' id='word_1_194' title='bbox 919 3450 1058 3534; x_wconf 88' lang='lat' dir='ltr'>recipiet</span> <span class='ocrx_word' id='word_1_195' title='bbox 1080 3451 1289 3518; x_wconf 90' lang='lat' dir='ltr'>thuribulum</span> <span class='ocrx_word' id='word_1_196' title='bbox 1321 3460 1356 3520; x_wconf 89' lang='lat' dir='ltr'>et</span> <span class='ocrx_word' id='word_1_197' title='bbox 1385 3454 1475 3521; x_wconf 84' lang='lat' dir='ltr'>iacta</span> <span class='ocrx_word' id='word_1_198' title='bbox 1505 3456 1661 3544; x_wconf 79' lang='lat' dir='ltr'>genufle-</span> 
     </span>
     <span class='ocr_line' id='line_1_27' title="bbox 435 3558 1660 3652; baseline 0.008 -28"><span class='ocrx_word' id='word_1_199' title='bbox 435 3561 535 3624; x_wconf 84' lang='lat' dir='ltr'>xione</span> <span class='ocrx_word' id='word_1_200' title='bbox 559 3558 681 3644; x_wconf 89' lang='lat' dir='ltr'>duplici</span> <span class='ocrx_word' id='word_1_201' title='bbox 704 3559 738 3622; x_wconf 94' lang='lat' dir='ltr'>in</span> <span class='ocrx_word' id='word_1_202' title='bbox 762 3560 961 3644; x_wconf 86' lang='lat' dir='ltr'>pavimento,</span> <span class='ocrx_word' id='word_1_203' title='bbox 986 3558 1114 3624; x_wconf 84' lang='lat' dir='ltr'>referet</span> <span class='ocrx_word' id='word_1_204' title='bbox 1147 3560 1232 3626; x_wconf 91' lang='lat' dir='ltr'>illud</span> <span class='ocrx_word' id='word_1_205' title='bbox 1267 3563 1300 3626; x_wconf 92' lang='lat' dir='ltr'>in</span> <span class='ocrx_word' id='word_1_206' title='bbox 1331 3566 1516 3630; x_wconf 88' lang='lat' dir='ltr'>sacrarium</span> <span class='ocrx_word' id='word_1_207' title='bbox 1549 3566 1660 3652; x_wconf 85' lang='lat' dir='ltr'>ibique</span> 
     </span>
     <span class='ocr_line' id='line_1_28' title="bbox 435 3666 1659 3762; baseline 0.008 -30"><span class='ocrx_word' id='word_1_208' title='bbox 435 3667 586 3752; x_wconf 91' lang='lat' dir='ltr'>deponet,</span> <span class='ocrx_word' id='word_1_209' title='bbox 612 3667 637 3730; x_wconf 90' lang='lat' dir='ltr'>si</span> <span class='ocrx_word' id='word_1_210' title='bbox 661 3666 790 3732; x_wconf 84' lang='lat' dir='ltr'>iunctio</span> <span class='ocrx_word' id='word_1_211' title='bbox 814 3669 878 3731; x_wconf 88' lang='lat' dir='ltr'>erit</span> <span class='ocrx_word' id='word_1_212' title='bbox 901 3666 1146 3750; x_wconf 91' lang='lat' dir='ltr'>aliquantulum</span> <span class='ocrx_word' id='word_1_213' title='bbox 1170 3669 1312 3754; x_wconf 85' lang='lat' dir='ltr'>prolixa,</span> <span class='ocrx_word' id='word_1_214' title='bbox 1337 3669 1517 3737; x_wconf 79' lang='lat' dir='ltr'>ueletiam</span> <span class='ocrx_word' id='word_1_215' title='bbox 1554 3675 1659 3762; x_wconf 87' lang='lat' dir='ltr'>ipsum</span> 
     </span>
     <span class='ocr_line' id='line_1_29' title="bbox 434 3772 1660 3868; baseline 0.008 -30"><span class='ocrx_word' id='word_1_216' title='bbox 434 3774 604 3858; x_wconf 89' lang='lat' dir='ltr'>relinquet</span> <span class='ocrx_word' id='word_1_217' title='bbox 626 3772 713 3858; x_wconf 90' lang='lat' dir='ltr'>apud</span> <span class='ocrx_word' id='word_1_218' title='bbox 736 3772 874 3838; x_wconf 87' lang='lat' dir='ltr'>abacum</span> <span class='ocrx_word' id='word_1_219' title='bbox 898 3779 933 3838; x_wconf 89' lang='lat' dir='ltr'>et</span> <span class='ocrx_word' id='word_1_220' title='bbox 956 3772 1077 3838; x_wconf 91' lang='lat' dir='ltr'>redibit</span> <span class='ocrx_word' id='word_1_221' title='bbox 1107 3774 1148 3839; x_wconf 92' lang='lat' dir='ltr'>ad</span> <span class='ocrx_word' id='word_1_222' title='bbox 1182 3775 1292 3840; x_wconf 90' lang='lat' dir='ltr'>locum</span> <span class='ocrx_word' id='word_1_223' title='bbox 1328 3797 1423 3842; x_wconf 91' lang='lat' dir='ltr'>suum</span> <span class='ocrx_word' id='word_1_224' title='bbox 1457 3778 1515 3845; x_wconf 91' lang='lat' dir='ltr'>ubi</span> <span class='ocrx_word' id='word_1_225' title='bbox 1548 3801 1660 3868; x_wconf 81' lang='lat' dir='ltr'>genua</span> 
     </span>
     <span class='ocr_line' id='line_1_30' title="bbox 434 3879 1659 3967; baseline 0.008 -21"><span class='ocrx_word' id='word_1_226' title='bbox 434 3881 606 3946; x_wconf 88' lang='lat' dir='ltr'>submittet</span> <span class='ocrx_word' id='word_1_227' title='bbox 628 3899 730 3967; x_wconf 89' lang='lat' dir='ltr'>prope</span> <span class='ocrx_word' id='word_1_228' title='bbox 754 3881 904 3967; x_wconf 87' lang='lat' dir='ltr'>primum.</span> <span class='ocrx_word' id='word_1_229' title='bbox 930 3879 1126 3946; x_wconf 78' lang='lat' dir='ltr'>confratres</span> <span class='ocrx_word' id='word_1_230' title='bbox 1149 3887 1249 3947; x_wconf 87' lang='lat' dir='ltr'>etiarn</span> <span class='ocrx_word' id='word_1_231' title='bbox 1273 3903 1347 3948; x_wconf 91' lang='lat' dir='ltr'>cum</span> <span class='ocrx_word' id='word_1_232' title='bbox 1371 3887 1551 3954; x_wconf 85' lang='lat' dir='ltr'>intorticiis</span> <span class='ocrx_word' id='word_1_233' title='bbox 1569 3889 1659 3956; x_wconf 84' lang='lat' dir='ltr'>facta</span> 
     </span>
     <span class='ocr_line' id='line_1_31' title="bbox 433 3985 1659 4076; baseline 0.011 -24"><span class='ocrx_word' id='word_1_234' title='bbox 433 3985 676 4073; x_wconf 84' lang='lat' dir='ltr'>genuflexione,</span> <span class='ocrx_word' id='word_1_235' title='bbox 700 3993 738 4053; x_wconf 90' lang='lat' dir='ltr'>ut</span> <span class='ocrx_word' id='word_1_236' title='bbox 762 4008 871 4076; x_wconf 86' lang='lat' dir='ltr'>supra,</span> <span class='ocrx_word' id='word_1_237' title='bbox 897 3987 1053 4054; x_wconf 88' lang='lat' dir='ltr'>redibunt</span> <span class='ocrx_word' id='word_1_238' title='bbox 1076 3987 1116 4054; x_wconf 93' lang='lat' dir='ltr'>ad</span> <span class='ocrx_word' id='word_1_239' title='bbox 1140 3989 1251 4056; x_wconf 92' lang='lat' dir='ltr'>locum</span> <span class='ocrx_word' id='word_1_240' title='bbox 1285 4011 1391 4070; x_wconf 71' lang='lat' dir='ltr'>suum</span> <span class='ocrx_word' id='word_1_241' title='bbox 1415 4013 1515 4062; x_wconf 85' lang='lat' dir='ltr'>secus</span> <span class='ocrx_word' id='word_1_242' title='bbox 1548 4017 1659 4066; x_wconf 84' lang='lat' dir='ltr'>rema·</span> 
     </span>
     <span class='ocr_line' id='line_1_32' title="bbox 434 4094 1112 4163; baseline 0.001 -4"><span class='ocrx_word' id='word_1_243' title='bbox 434 4095 560 4162; x_wconf 91' lang='lat' dir='ltr'>nebunt</span> <span class='ocrx_word' id='word_1_244' title='bbox 584 4094 627 4160; x_wconf 91' lang='lat' dir='ltr'>ibi</span> <span class='ocrx_word' id='word_1_245' title='bbox 653 4117 726 4162; x_wconf 90' lang='lat' dir='ltr'>cum</span> <span class='ocrx_word' id='word_1_246' title='bbox 751 4097 928 4163; x_wconf 88' lang='lat' dir='ltr'>intorticiis</span> <span class='ocrx_word' id='word_1_247' title='bbox 951 4097 1112 4162; x_wconf 89' lang='lat' dir='ltr'>accensis.</span> 
     </span>
    </p>
   </div>
   <div class='ocr_carea' id='block_1_3' title="bbox 431 4205 1659 4724">
    <p class='ocr_par' dir='ltr' id='par_1_7' title="bbox 432 4205 1659 4402">
     <span class='ocr_line' id='line_1_33' title="bbox 520 4205 1659 4298; baseline 0.011 -28"><span class='ocrx_word' id='word_1_248' title='bbox 520 4206 573 4270; x_wconf 80' lang='lat'>26.</span> <span class='ocrx_word' id='word_1_249' title='bbox 598 4207 720 4272; x_wconf 84' lang='lat' dir='ltr'>Preces</span> <span class='ocrx_word' id='word_1_250' title='bbox 737 4214 769 4273; x_wconf 89' lang='lat' dir='ltr'>et</span> <span class='ocrx_word' id='word_1_251' title='bbox 788 4209 956 4274; x_wconf 89' lang='lat' dir='ltr'>orationes</span> <span class='ocrx_word' id='word_1_252' title='bbox 980 4205 1181 4285; x_wconf 87' lang='lat' dir='ltr'>recitandae,</span> <span class='ocrx_word' id='word_1_253' title='bbox 1195 4211 1386 4295; x_wconf 77' lang='lat' dir='ltr'>recognitae</span> <span class='ocrx_word' id='word_1_254' title='bbox 1403 4216 1437 4274; x_wconf 86' lang='lat' dir='ltr'>et¹</span> <span class='ocrx_word' id='word_1_255' title='bbox 1452 4210 1659 4298; x_wconf 85' lang='lat' dir='ltr'>adprobatae</span> 
     </span>
     <span class='ocr_line' id='line_1_34' title="bbox 432 4312 1515 4402; baseline 0.008 -27"><span class='ocrx_word' id='word_1_256' title='bbox 432 4312 472 4375; x_wconf 90' lang='lat' dir='ltr'>ab</span> <span class='ocrx_word' id='word_1_257' title='bbox 497 4313 658 4400; x_wconf 88' lang='lat' dir='ltr'>Episcopo</span> <span class='ocrx_word' id='word_1_258' title='bbox 682 4315 736 4379; x_wconf 89' lang='lat' dir='ltr'>vel</span> <span class='ocrx_word' id='word_1_259' title='bbox 762 4317 801 4380; x_wconf 88' lang='lat' dir='ltr'>ab</span> <span class='ocrx_word' id='word_1_260' title='bbox 825 4317 927 4402; x_wconf 84' lang='lat' dir='ltr'>ipsius</span> <span class='ocrx_word' id='word_1_261' title='bbox 952 4313 1087 4379; x_wconf 82' lang='lat' dir='ltr'>Vicario</span> <span class='ocrx_word' id='word_1_262' title='bbox 1112 4316 1261 4400; x_wconf 84' lang='lat' dir='ltr'>generali</span> <span class='ocrx_word' id='word_1_263' title='bbox 1286 4336 1358 4382; x_wconf 89' lang='lat' dir='ltr'>esse</span> <span class='ocrx_word' id='word_1_264' title='bbox 1381 4316 1515 4385; x_wconf 86' lang='lat' dir='ltr'>debent.</span> 
     </span>
    </p>

    <p class='ocr_par' dir='ltr' id='par_1_8' title="bbox 431 4419 1659 4724">
     <span class='ocr_line' id='line_1_35' title="bbox 519 4419 1659 4511; baseline 0.011 -27"><span class='ocrx_word' id='word_1_265' title='bbox 519 4419 572 4484; x_wconf 75' lang='lat'>27.</span> <span class='ocrx_word' id='word_1_266' title='bbox 598 4421 665 4487; x_wconf 93' lang='lat' dir='ltr'>Sub</span> <span class='ocrx_word' id='word_1_267' title='bbox 689 4421 786 4488; x_wconf 88' lang='lat' dir='ltr'>finem</span> <span class='ocrx_word' id='word_1_268' title='bbox 810 4445 945 4511; x_wconf 90' lang='lat' dir='ltr'>precum</span> <span class='ocrx_word' id='word_1_269' title='bbox 969 4429 1003 4487; x_wconf 93' lang='lat' dir='ltr'>et</span> <span class='ocrx_word' id='word_1_270' title='bbox 1037 4425 1225 4487; x_wconf 88' lang='lat' dir='ltr'>orationum</span> <span class='ocrx_word' id='word_1_271' title='bbox 1260 4430 1462 4489; x_wconf 89' lang='lat' dir='ltr'>statutarum</span> <span class='ocrx_word' id='word_1_272' title='bbox 1498 4425 1659 4497; x_wconf 90' lang='lat' dir='ltr'>redibunt</span> 
     </span>
     <span class='ocr_line' id='line_1_36' title="bbox 432 4522 1657 4622; baseline 0.016 -38"><span class='ocrx_word' id='word_1_273' title='bbox 432 4522 465 4586; x_wconf 92' lang='lat' dir='ltr'>in</span> <span class='ocrx_word' id='word_1_274' title='bbox 489 4532 671 4592; x_wconf 88' lang='lat' dir='ltr'>sacrarium</span> <span class='ocrx_word' id='word_1_275' title='bbox 696 4529 760 4595; x_wconf 92' lang='lat' dir='ltr'>duo</span> <span class='ocrx_word' id='word_1_276' title='bbox 784 4532 943 4618; x_wconf 87' lang='lat' dir='ltr'>praedicti</span> <span class='ocrx_word' id='word_1_277' title='bbox 967 4529 1156 4596; x_wconf 81' lang='lat' dir='ltr'>confratres</span> <span class='ocrx_word' id='word_1_278' title='bbox 1181 4551 1220 4595; x_wconf 90' lang='lat' dir='ltr'>ac</span> <span class='ocrx_word' id='word_1_279' title='bbox 1256 4534 1376 4596; x_wconf 86' lang='lat' dir='ltr'>tertius</span> <span class='ocrx_word' id='word_1_280' title='bbox 1407 4531 1569 4612; x_wconf 88' lang='lat' dir='ltr'>clericus,</span> <span class='ocrx_word' id='word_1_281' title='bbox 1604 4539 1657 4622; x_wconf 90' lang='lat' dir='ltr'>qui</span> 
     </span>
     <span class='ocr_line' id='line_1_37' title="bbox 431 4629 1656 4724; baseline 0.017 -35"><span class='ocrx_word' id='word_1_282' title='bbox 431 4629 591 4712; x_wconf 89' lang='lat' dir='ltr'>recipient</span> <span class='ocrx_word' id='word_1_283' title='bbox 616 4638 801 4719; x_wconf 85' lang='lat' dir='ltr'>respective</span> <span class='ocrx_word' id='word_1_284' title='bbox 818 4639 986 4703; x_wconf 86' lang='lat' dir='ltr'>intorticia</span> <span class='ocrx_word' id='word_1_285' title='bbox 1001 4644 1033 4702; x_wconf 89' lang='lat' dir='ltr'>et</span> <span class='ocrx_word' id='word_1_286' title='bbox 1051 4635 1270 4715; x_wconf 90' lang='lat' dir='ltr'>thuribulum,</span> <span class='ocrx_word' id='word_1_287' title='bbox 1289 4637 1443 4705; x_wconf 89' lang='lat' dir='ltr'>redibunt</span> <span class='ocrx_word' id='word_1_288' title='bbox 1461 4639 1503 4706; x_wconf 92' lang='lat' dir='ltr'>ad</span> <span class='ocrx_word' id='word_1_289' title='bbox 1522 4643 1656 4724; x_wconf 80' lang='lat' dir='ltr'>Altera,</span> 
     </span>
    </p>
   </div>
   <div class='ocr_carea' id='block_1_4' title="bbox 0 0 2092 5717">
    <p class='ocr_par' dir='ltr' id='par_1_9' title="bbox 0 0 2092 5717">
     <span class='ocr_line' id='line_1_38' title="bbox 0 0 2092 5717; baseline 0 1"><span class='ocrx_word' id='word_1_290' title='bbox 0 0 2092 5717; x_wconf 95' lang='lat' dir='ltr'> </span> 
     </span>
    </p>
   </div>
  </div>
 </body>
</html>
