4175 5717
520 737 557 799 11
962 755 1026 801 ms.
1053 755 1099 800 ιιι.

517 861 570 925 32.
596 860 777 926 Gelebrans
801 861 912 926 veniet
927 859 968 926 ad
984 861 1128 926 medium
1143 862 1271 928 Altaria
1287 868 1321 927 et
1337 863 1427 928 facta
1442 861 1484 928 ad
1501 861 1642 929 Crucem

432 971 631 1046 reverentia,
656 967 782 1035 sedebit
805 971 839 1034 in
862 968 1010 1035 scabello
1033 990 1053 1035 3
1076 970 1184 1036 latere
1212 971 1397 1057 Evangelii,
1427 971 1578 1038 humeris
1599 969 1641 1036 ad

432 1077 550 1142 Altare
567 1079 684 1142 versis.
702 1077 873 1143 Secundus
886 1077 1029 1143 clericus
1041 1079 1191 1164 porriget
1202 1077 1396 1144 celebranti
1407 1077 1562 1144 biretum.
1578 1096 1644 1162 quo

429 1190 528 1270 caput
552 1186 690 1271 operiat,
714 1203 822 1269 neque
846 1185 977 1249 omittet
992 1203 1116 1270 ponere
1134 1184 1166 1248 in
1183 1183 1289 1250 medio
1305 1183 1417 1250 Altari
1441 1183 1645 1270 pelviculam

430 1313 505 1357 cum
529 1291 706 1369 cineribus,
730 1290 807 1357 dum
832 1289 1014 1358 celebrans
1038 1290 1098 1356 ibit
1122 1311 1248 1356 sessum
1271 1293 1304 1356 in
1328 1290 1486 1357 scabello.

518 1399 571 1464 33.
597 1399 774 1465 Sucundus
797 1400 941 1465 clericus
958 1398 1047 1474 dato,
1065 1406 1102 1463 ut
1118 1419 1227 1486 supra,
1239 1399 1349 1463 bireto
1368 1398 1572 1476 Celebranti,
1593 1397 1648 1464 de·

431 1506 567 1572 scendet
590 1526 610 1571 a
633 1506 741 1572 latere
765 1505 805 1572 de
829 1505 938 1571 Alteri
956 1507 1039 1570 etin
1058 1505 1158 1592 plano
1174 1525 1194 1571 a
1210 1526 1314 1572 cornu
1332 1505 1511 1594 Evangelii
1534 1505 1646 1582 stabit,

431 1615 516 1680 facie
538 1612 579 1679 ad
602 1614 741 1679 abacum
764 1634 872 1691 versa,
897 1615 991 1696 eique
1017 1635 1052 1679 se
1076 1613 1174 1680 addet
1198 1613 1341 1679 clericus
1365 1615 1497 1679 tertius.

516 1723 570 1788 34.
595 1720 776 1788 Celebrans
801 1725 832 1787 in
856 1723 1003 1789 scabello
1028 1721 1146 1788 sedens
1169 1721 1271 1788 verba
1294 1722 1395 1788 faciet
1417 1719 1460 1787 ad
1482 1720 1648 1807 populum

435 1850 535 1916 super
559 1831 626 1894 ritu
650 1834 684 1894 et
706 1831 875 1915 mysteriis
900 1828 1057 1897 cinerum
1081 1829 1341 1896 benedictorum.

520 1937 573 2003 35.
599 1936 760 2002 Sermone
783 1936 947 2016 absoluto,
972 1937 1155 2004 celebrans
1178 1937 1302 2003 nudato
1318 1938 1425 2024 capite
1442 1943 1601 2024 assurget
1618 1941 1653 2004 et

433 2046 475 2110 ad
498 2045 641 2111 medium
664 2043 791 2110 Altaris
816 2045 937 2110 veniet.

520 2153 573 2217 36.
599 2151 770 2217 Secundus
787 2152 931 2218 clericus
947 2157 1119 2239 acceptum
1138 2153 1346 2219 Celebrantis
1361 2153 1505 2219 biretum
1521 2149 1564 2218 ad
1577 2149 1654 2218 aba·

434 2280 509 2324 cum
525 2259 661 2330 referet,
679 2258 866 2324 scabellum
882 2259 1049 2326 amovebit
1065 2280 1085 2326 3
1101 2260 1309 2348 suppedaneo
1324 2266 1359 2327 et
1371 2280 1472 2347 prope
1489 2261 1654 2346 parietem

436 2370 469 2432 in
492 2368 600 2433 latere
624 2367 800 2451 Evangelii
823 2366 974 2453 deponet.

522 2476 574 2540 37.
601 2475 781 2541 Celebrans
805 2475 976 2542 submittet
999 2497 1109 2562 genua
1133 2479 1164 2542 in
1190 2476 1408 2564 suppedaneo,
1433 2476 1564 2561 sibique
1581 2476 1653 2563 ipse

435 2585 580 2648 cinerem
612 2583 709 2668 capiti
741 2584 885 2668 imponet
916 2585 949 2648 in
981 2583 1114 2650 modum
1147 2585 1275 2660 Crucis,
1308 2584 1441 2650 nullum
1475 2583 1657 2670 proferens

436 2691 584 2756 verbum.

522 2798 575 2862 38.
600 2797 634 2863 Si
651 2797 760 2862 aderit
775 2797 864 2863 alter
881 2797 1053 2876 Sacerdos,
1071 2803 1134 2865 iste
1151 2801 1303 2866 Cinerem
1322 2797 1534 2867 celebrantis
1554 2797 1658 2884 capiti

436 2907 590 2990 imponet.
617 2902 788 2980 Sacerdos,
806 2904 866 2969 ille
890 2905 1025 2970 indutus
1042 2907 1288 2992 superpelliceo
1305 2909 1375 2972 sino
1392 2906 1480 2972 stola
1496 2925 1532 2970 se
1558 2905 1658 2972 sistet

435 3019 513 3078 ante
538 3011 781 3086 celebrantem,
806 3013 861 3096 qui
885 3021 1104 3078 convertetur
1128 3014 1168 3078 ad
1193 3034 1267 3079 cum
1299 3013 1447 3079 humeris
1479 3014 1589 3078 versis
1612 3011 1658 3078 ad

436 3120 565 3198 Altarc,
582 3126 615 3183 et
639 3121 737 3205 capiti
757 3117 967 3186 Celebrantis
985 3121 1128 3186 cinerem
1154 3123 1297 3208 imponet
1320 3123 1354 3186 in
1378 3119 1510 3186 modum
1534 3119 1657 3186 Crucis

437 3228 548 3294 dicens
573 3229 756 3304 Memento,
775 3228 885 3304 tomo,
903 3229 988 3312 quio
1005 3229 1124 3310 puluis
1148 3249 1183 3294 es
1207 3236 1239 3296 ct
1261 3231 1299 3295 in
1319 3231 1505 3313 puluerem
1528 3245 1658 3295 recce-

438 3339 529 3405 tcris.
556 3336 726 3403 Secundus
743 3337 886 3402 clericus
903 3338 935 3400 in
952 3337 1014 3403 hac
1030 3338 1161 3403 actione
1185 3336 1360 3403 sustinebit
1380 3334 1554 3402 Sacerdoti
1578 3333 1658 3422 pel·-

436 3445 579 3510 viculam
604 3466 678 3509 curn
702 3444 877 3510 cineribus.

527 3555 579 3619 311.
606 3553 796 3629 Celebrans,
821 3558 958 3638 accepto
983 3553 1113 3636 Gincre,
1138 3553 1258 3617 redibit
1280 3551 1321 3617 ad
1345 3550 1480 3616 Missale
1506 3557 1541 3616 et
1565 3550 1662 3618 elata

440 3680 522 3725 voce
546 3681 619 3726 cum
644 3661 775 3726 clericis
799 3661 953 3726 recitabit
977 3660 1176 3747 antiphonas
1193 3660 1426 3727 immutemur
1443 3657 1567 3726 babitu
1587 3665 1657 3726 etc.

441 3772 472 3833 in
498 3768 733 3834 distributione
758 3767 912 3833 cinerum
936 3769 1169 3853 praescriptas.

529 3878 581 3942 40.
606 3876 738 3942 Redibit
755 3875 935 3942 Celebrans
951 3875 992 3942 ad
1008 3876 1149 3941 medium
1166 3876 1294 3941 Altaris
1310 3881 1344 3940 et
1359 3875 1490 3941 cineres
1507 3875 1662 3962 imponet

440 3987 572 4052 clericis
596 3982 780 4070 genuflexis
804 3985 836 4048 in
862 3986 1076 4050 extremitate
1101 3983 1308 4069 suppedanci,
1338 3983 1443 4069 primo
1474 3979 1661 4068 genuflexo

440 4096 473 4158 in
497 4093 605 4158 latere
629 4091 808 4178 Epistolae‚
827 4091 971 4168 secundo
987 4093 1021 4156 in
1038 4092 1154 4167 medio,
1171 4092 1271 4156 tertio
1289 4083 1321 4154 in
1339 4090 1446 4154 latere
1465 4089 1660 4176 Evangelii.

441 4203 473 4266 Si
498 4200 641 4266 aderunt.
664 4205 698 4265 et
721 4200 777 4264 alii
802 4199 1007 4284 Presbyteri,
1026 4201 1166 4286 primum
1183 4200 1260 4285 ipsis
1277 4199 1423 4283 imponet
1439 4199 1581 4274 cineres,
1600 4199 1663 4264 ini·

443 4312 523 4374 tium
540 4329 672 4374 sumens
688 4329 707 4372 a
723 4310 863 4384 seniore,
884 4314 918 4372 et
933 4306 1051 4372 ordine
1069 4306 1259 4393 supradicto
1276 4305 1585 4390 congeniculabunt
1608 4305 1661 4372 illi

442 4419 475 4481 in
500 4416 718 4502 suppedaneo.

530 4525 581 4587 11.
608 4523 800 4598 Gelebrans,
817 4523 893 4588 dum
911 4524 1040 4588 cineres
1059 4523 1203 4607 imponet
1219 4520 1361 4594 clericis,
1379 4518 1581 4605 pelviculam
1601 4521 1659 4586 Gi-

445 4647 558 4693 nerum
584 4631 642 4694 sibi
669 4631 737 4717 ipse
754 4631 938 4696 sustinebit.
958 4629 1103 4712 Singulis
1119 4633 1229 4694 autem
1248 4647 1304 4692 scu
1323 4627 1455 4692 clericis
1472 4627 1543 4690 sive
1560 4626 1657 4694 laicis
