4175 5717
517 727 583 794 240
979 743 1046 793 nra.
1066 745 1087 792 1.

515 851 569 919 65.
594 851 662 919 Sub
685 853 802 940 hymni
823 851 922 919 linem
945 851 987 918 ad
1010 852 1252 918 invocationem
1275 848 1333 918 SS.
1350 849 1523 917 Trinitatis
1545 853 1653 938 caput

429 980 547 1026 versus
573 959 694 1026 Altare
723 959 908 1026 inclinabit.
937 959 1117 1026 Inclinabit
1145 977 1275 1043 quoque
1305 957 1428 1024 librum
1457 975 1587 1035 versus.
1619 955 1652 1024 si

429 1067 652 1133 nominabitur
675 1065 828 1143 Sanctus,
852 1069 947 1133 cuius
970 1067 1093 1133 festum
1117 1064 1351 1142 celebrabitur,
1382 1063 1439 1132 vel
1461 1063 1498 1130 B.
1528 1063 1650 1152 Vm
1767 1127 1770 1134 .

429 1174 549 1241 Altare
571 1179 684 1241 autom
706 1193 835 1252 versus,
858 1176 887 1240 si
910 1193 1030 1240 nomon
1052 1175 1131 1240 Jesu
1155 1172 1279 1240 Christi
1302 1173 1504 1260 proferetur.
1640 1258 1642 1262 Ι

518 1283 571 1348 66.
596 1282 679 1347 Post
701 1286 873 1348 cantatum
896 1301 1031 1347 versum
1055 1281 1221 1347 intonabit
1242 1281 1458 1368 antiphonam
1478 1284 1559 1348 ante
1574 1277 1655 1348 Ha·

427 1391 584 1477 gnificat,
609 1409 693 1472 quaa
716 1408 737 1454 a
759 1391 864 1474 primo
888 1388 1081 1475 pluvialista
1104 1389 1165 1474 ipsi
1188 1389 1410 1474 praecinetur.

518 1497 572 1562 67.
596 1495 788 1583 Antiphona
810 1498 970 1572 intonata,
995 1495 1123 1563 sedebit
1145 1500 1310 1583 caputque
1332 1495 1509 1581 cooperiet.

518 1603 572 1668 68.
596 1603 647 1668 Α6
671 1604 913 1668 intonationem
935 1605 1057 1669 cantici
1080 1603 1296 1692 Mapuiflcat
1321 1602 1458 1668 nudabit
1472 1606 1583 1690 caput,
1599 1619 1654 1668 as-

431 1716 550 1797 surget
571 1718 606 1777 et
628 1710 773 1796 signabit
795 1730 831 1776 se
854 1713 950 1796 signo
974 1710 1100 1789 Crucis
1124 1710 1165 1776 de
1188 1730 1248 1776 suo
1271 1711 1347 1776 loco
1370 1707 1527 1787 (incedet,
1550 1727 1656 1776 reve-

432 1821 542 1885 rentia
564 1818 724 1884 salutabit
746 1817 893 1894 Glarum,
917 1837 1019 1901 seque
1040 1817 1225 1904 adiungens
1241 1818 1444 1905 pluvialistis
1459 1819 1494 1884 in
1508 1815 1657 1884 medinm

433 1926 571 1992 chorum
594 1931 674 1990 ante
695 1924 816 1992 Altare
837 1925 1005 2012 procedet.

520 2035 574 2101 69.
598 2035 672 2111 Quo
703 2055 804 2121 quum
834 2037 1037 2122 pervenerit,
1069 2036 1293 2101 reverentiam
1324 2031 1522 2122 profundam
1553 2031 1656 2100 cruci

435 2148 651 2227 exsequutus,
674 2142 833 2209 ascendet
854 2141 896 2208 ad
918 2141 1049 2220 altare,
1072 2142 1159 2227 quod
1182 2144 1216 2207 in
1238 2141 1346 2208 medio
1369 2141 1578 2209 osculabitur
1592 2159 1657 2228 po-

433 2269 515 2315 nens
539 2252 668 2315 interea
689 2268 790 2334 super
813 2251 919 2335 ipsum
941 2269 1060 2316 manus
1082 2255 1248 2316 extensas.

521 2358 574 2424 70.
600 2356 691 2423 Thus
715 2355 834 2423 deinde
857 2359 891 2422 in
920 2356 1131 2424 thuribulum
1161 2377 1237 2423 cum
1268 2356 1499 2424 benedictione
1528 2357 1660 2425 iniiciet

434 2471 469 2532 et
490 2463 610 2530 Altare
632 2462 788 2530 adolebit.
813 2461 861 2552 (a)
1443 2485 1445 2490 ·

522 2573 575 2637 71.
600 2571 822 2638 Thuribulum
846 2573 951 2659 primo
975 2573 1189 2660 pluvialistae
1212 2575 1379 2652 restituet,
1402 2572 1443 2639 de
1467 2571 1580 2640 Altari
1602 2571 1661 2639 dc·

435 2680 582 2756 scendet,
605 2681 832 2747 reverentiam
854 2680 1051 2765 profundam
1078 2682 1177 2747 Cruci
1192 2680 1328 2746 iterabit
1342 2702 1417 2747 cum
1437 2681 1668 2748 inclinatione.

435 2787 485 2852 ad·
500 2786 650 2864 chorum;
673 2793 710 2854 et
730 2785 773 2852 ad
795 2787 906 2853 locum
929 2809 1036 2866 suum,
1061 2790 1131 2854 sive
1154 2807 1323 2854 scamnum
1347 2789 1417 2855 sive
1440 2787 1588 2866 stallum,
1606 2805 1658 2854 rc·

436 2893 526 2960 dibit.

525 3001 578 3067 72.
603 3000 638 3068 Si
660 3002 755 3067 locus
778 3002 850 3068 eius
873 3003 907 3067 in
930 3005 1036 3088 primo
1060 3003 1161 3070 stallo
1185 3005 1259 3080 erit,
1283 3003 1367 3069 illuc
1390 3022 1490 3088 quum
1514 3003 1657 3080 venerit,

437 3108 621 3193 digniorem
644 3110 733 3174 inter
757 3108 901 3186 (ilerum,
925 3111 981 3193 qui
1004 3115 1079 3196 post
1102 3131 1177 3176 eum
1200 3110 1431 3194 subsequetur,
1455 3109 1497 3176 ad
1518 3107 1658 3175 thurifl-

436 3219 599 3283 cationem
623 3235 698 3281 cum
721 3218 937 3283 inclinatione
958 3218 1122 3284 invitabit.

525 3325 578 3390 73.
603 3324 675 3410 lpse
698 3324 805 3390 tribus
829 3323 981 3390 ductibus
1004 3343 1025 3389 a
1048 3327 1154 3411 primo
1175 3326 1369 3412 pluvialista
1399 3322 1658 3401 thurificabitur,

325 3461 329 3468 ·
440 3435 474 3496 et
496 3433 617 3497 iunctis
640 3431 789 3499 manibus
813 3437 905 3498 stare
927 3436 1045 3518 perget
1067 3433 1108 3498 66
1131 3439 1239 3500 totum
1262 3434 1469 3522 Magnificat
1491 3431 1578 3517 quod
1604 3451 1660 3498 ca·

439 3543 550 3603 netur.

528 3647 581 3710 74.
609 3646 691 3712 Post
719 3651 890 3712 cantatum
923 3646 1045 3716 diora
1076 3647 1180 3715 Patri
1207 3648 1335 3715 sedebit
1357 3653 1391 3714 et
1421 3652 1521 3735 caput
1548 3646 1658 3714 bireto

440 3755 617 3843 cooperiet.

528 3862 580 3927 75.
597 3861 752 3947 Repetita
766 3862 946 3949 antiphona
961 3863 1120 3942 canenda,
1136 3864 1274 3931 nudabit
1289 3869 1398 3951 caput,
1415 3869 1571 3949 assurget
1585 3861 1660 3928 iun·

440 3973 567 4055 otiaque
590 3970 741 4035 manibus
764 3970 912 4036 cantabit
933 3972 1106 4039 Dominus
1128 3972 1305 4040 vobiscum
1320 3978 1355 4038 et
1370 3971 1562 4048 orationem,
1586 3968 1659 4036 sire

441 4079 608 4145 orationes
631 4079 659 4143 si
683 4082 718 4142 et
739 4077 827 4142 aliae
850 4081 1178 4146 commemorationes
1201 4078 1291 4145 fluet.
1316 4080 1398 4146 Post
1413 4079 1564 4145 ultimam
1586 4095 1662 4144 ora·

442 4188 567 4253 tionem
590 4184 738 4251 canendo
761 4191 892 4272 repetet
914 4187 1086 4254 Dominus
1108 4187 1286 4255 cobtscum
1309 4193 1343 4254 et
1359 4193 1532 4274 postquam
1547 4191 1663 4252 canto-

444 4313 498 4358 res
510 4295 693 4359 cccinerint
709 4298 740 4366 i.
758 4293 1012 4362 Benediccmus
1025 4296 1182 4371 Domino,
1196 4297 1264 4380 ipse
1281 4295 1442 4361 submissa
1453 4313 1534 4360 voce
1546 4293 1663 4360 adiun-

443 4407 500 4484 get
522 4407 553 4475 i.
578 4402 753 4468 Fidelium
774 4402 913 4468 animae
936 4408 998 4468 etc.

516 4542 558 4609 (6)
577 4542 675 4599 Ritum
687 4541 873 4599 thurificandi
886 4541 995 4600 Altaris
1007 4543 1236 4618 supersedemus
1249 4543 1428 4610 describere,
1441 4559 1478 4601 eo
1490 4543 1567 4619 qnod
1580 4542 1663 4604 vide-

445 4647 479 4686 rc
498 4636 543 4685 cst
562 4647 625 4703 cap.
645 4633 680 4685 V.
700 4631 786 4690 huius
804 4631 878 4688 libri.
