4175 5717
521 631 564 689 :ht
978 625 1052 690 'nm
1081 647 1099 692 1.

517 757 591 819 264.
617 755 725 821 Stabit
748 753 789 818 ad
814 755 987 820 introitum
1012 752 1109 818 etad
1136 756 1365 820 recitationem
1388 755 1509 841 Kyrte.

516 863 591 927 265.
617 861 651 928 Si
682 863 863 949 Episcopus
894 860 971 926 dum
1001 862 1135 926 canitur
1160 860 1270 948 Kyme
1301 861 1441 939 sedebit,
1464 861 1653 929 considebit

430 970 529 1034 etiam
555 969 684 1035 Oleros.
1204 1025 1207 1032 .

518 1077 594 1143 266.
618 1075 670 1142 nd
693 1076 933 1142 intonationem
953 1076 1075 1144 Gloria
1090 1078 1129 1143 in
1144 1076 1293 1143 emcelsis
1309 1082 1343 1141 et
1358 1075 1399 1141 ad
1418 1076 1653 1142 recitationem

430 1186 531 1271 ipsius
555 1185 666 1261 stabit,
691 1182 810 1250 deinde
833 1183 970 1250 sedebit.

519 1292 594 1358 267.
620 1292 805 1375 Postquam·
822 1298 940 1357 cantus
971 1292 1088 1378 hymni
1115 1290 1239 1358 Gloria
1268 1290 1442 1357 absolutus
1475 1292 1549 1368 erit,
1575 1311 1656 1358 con·
1725 1327 1729 1338 ·

338 1451 342 1460 ,
432 1408 547 1484 surget.
577 1397 617 1464 ad
648 1399 885 1465 salutationem
908 1400 991 1465 Pam
1017 1397 1113 1465 cobis
1136 1397 1234 1465 etad
1258 1398 1545 1490 orationemsive
1577 1417 1655 1462 ora·

433 1510 548 1582 tiones,
573 1526 656 1590 quae
680 1514 781 1572 erunt
803 1508 983 1573 canendae.

520 1614 594 1679 268.
620 1613 753 1680 Sedebit
783 1621 853 1680 toto
884 1622 1032 1701 tempore
1068 1635 1133 1699 quo
1163 1613 1353 1680 cantabitur
1384 1613 1544 1699 Epistola,
1569 1612 1655 1679 Gra·

433 1721 542 1798 duale,
568 1722 747 1806 Sequentia
770 1729 834 1787 etc.

520 1830 594 1895 269.
621 1831 807 1915 Consurget
830 1850 930 1915 quum
953 1830 1144 1897 cantabitur
1166 1830 1399 1914 Evangelinm.

520 1938 595 2001 276.
621 1937 654 2000 8ἰ
687 1944 761 2023 post
791 1936 1013 2024 Evangelium
1044 1936 1101 2002 flet
1135 1957 1231 2002 sacra
1259 1938 1391 2031 concio,
1423 1935 1655 2022 perseverabit

433 2053 523 2108 stare
546 2057 580 2108 et
604 2043 774 2109 submittet
801 2065 911 2130 genua
937 2045 1014 2110 dum
1044 2066 1065 2111 a
1095 2049 1330 2111 concionatore
1362 2042 1556 2109 recitabitur
1579 2044 1656 2110 Ave

436 2152 566 2217 Maria.
1534 2143 1536 2147 Ι

519 2260 594 2324 271.
620 2260 795 2326 Cone-ionis
819 2269 967 2347 tempore
991 2261 1128 2328 sedebit.

520 2369 595 2433 272,
620 2368 702 2433 Fine
726 2370 894 2434 concionis
918 2369 1018 2446 facte,
1038 2370 1138 2434 stabit
1160 2368 1237 2434 dum
1262 2368 1452 2433 cantabitur
1479 2367 1658 2454 Confiteor

433 2493 462 2538 or
489 2475 528 2539 66
554 2475 831 2561 pubblioationem
857 2476 1096 2562 indulgentiae.

520 2583 595 2645 278.
621 2582 799 2648 Submittet
831 2603 941 2667 genua
975 2584 1017 2648 66
1051 2584 1294 2650 absolutionem
1325 2595 1374 2678 et¹
1392 2581 1656 2652 benedictionem

433 2710 529 2773 quani
554 2690 738 2775 Episcopus
762 2689 908 2756 donabit.
1010 2746 1012 2750 ,

520 2797 594 2860 274.
620 2796 670 2861 nd
694 2798 934 2863 intonationem
959 2798 1108 2883 Symboli
1133 2805 1164 2863 et
1191 2799 1295 2862 donec
1315 2798 1520 2864 recitabitur.
1538 2795 1656 2870 stabit..

434 2906 577 2970 notando
600 2905 687 2989 quod
711 2906 750 2970 ad
776 2912 806 2978 t.
831 2907 876 2974 Et
898 2908 1110 2973 incarnatus
1133 2914 1197 2972 etc.
1224 2927 1289 2971 una
1312 2927 1387 2971 curn
1411 2906 1574 2991 Episcopo
1597 2924 1658 2988 ge-

434 3010 679 3077 nuflectendum
704 3020 764 3078 est.

521 3121 594 3183 275.
621 3120 731 3185 Donec
755 3121 945 3186 cantabitur
972 3123 1083 3189 Credo
1107 3121 1243 3197 sedebit
1261 3141 1361 3205 quum
1385 3139 1466 3185 vero
1483 3118 1530 3184 Ι66
1554 3124 1586 3193 t.
1610 3119 1658 3186 Et

433 3228 644 3293 torrerentur
668 3235 822 3293 cantores
846 3231 1072 3312 pervenerint,
1090 3230 1262 3294 submittet
1286 3246 1405 3312 genua,
1423 3226 1571 3312 exceptis
1596 3227 1659 3290 Cn·

437 3333 544 3396 nonici
570 3341 599 3396 et
627 3334 802 3398 Praelatis.

520 3440 595 3504 276.
621 3441 799 3525 Postquam
831 3449 1001 3508 cantatum
1036 3443 1141 3508 fuerit
1175 3441 1369 3528 Symbolum
1402 3447 1584 3524 consurget
1622 3448 1659 3504 et

433 3546 532 3610 stabit
556 3546 633 3611 dum
658 3547 840 3633 Episcopus
864 3549 1075 3615 chirothecas
1100 3549 1251 3635 deponet.

520 3655 596 3718 277.
621 3654 737 3719 Genua
760 3656 933 3721 submittet
957 3656 998 3721 ad
1022 3657 1226 3722 ablutionem
1251 3676 1406 3721 manuum
1431 3654 1593 3741 Episcopi.

521 3761 596 3824 278.
621 3761 707 3825 Dum'
729 3762 911 3847 Episcopus
935 3764 1045 3829 iturus
1062 3764 1102 3828 ad
1120 3763 1239 3829 Altare
1255 3762 1518 3849 benedictionem
1535 3783 1656 3829 versus

435 3868 568 3933 Clermn
592 3868 735 3944 donabit,
760 3868 1026 3954 genuflexionem
1052 3893 1170 3937 versus
1194 3874 1298 3959 ipsum
1322 3872 1431 3936 saciet.

520 3975 595 4041 279.
621 3975 681 4040 Ubi
706 3976 887 4063 Episcopus
912 3978 953 4042 ad
977 3979 1097 4044 Altare
1122 3981 1323 4064 pervenerit,
1342 3977 1525 4044 considebit
1549 3997 1657 4062 nsque

433 4082 474 4146 ad
497 4081 594 4147 finem
618 4080 872 4149 thurificationis
897 4085 1036 4150 altaris.
1160 4085 1166 4093 “
1495 4089 1500 4098 ’

520 4191 596 4257 280.
621 4175 737 4257 Genua
760 4193 990 4260 submittetad
1007 4195 1151 4259 alteram
1175 4195 1379 4261 ablutionem
1404 4213 1559 4259 manuum
1581 4195 1659 4281 Epi-

436 4301 535 4385 scopi.
1429 4285 1431 4290 ¹

521 4407 596 4471 28].
621 4408 724 4473 Stabit
750 4407 826 4473 dum
852 4410 1080 4475 incensabitur
1106 4410 1225 4476 Clerus
1249 4431 1287 4474 ac
1311 4409 1464 4495 deinceps
1486 4409 1562 4474 dum
1580 4429 1657 4474 can-

437 4513 558 4576 tabitur
583 4516 750 4579 Praefatio
775 4523 806 4579 et
834 4518 1028 4581 recitabitur
1054 4516 1217 4583 Serretes.
