4175 5717
526 728 569 788 88
990 741 1056 792 nm.
1080 747 1100 794 1.

436 855 644 922 caeremonia
668 873 740 919 sese
766 856 800 918 in
834 855 1045 939 processione
1073 854 1231 940 adiunget
1265 856 1472 924 Subdiacono
1507 866 1541 926 et
1578 840 1654 925 oco-

437 963 553 1048 lythis.

523 1073 576 1139 95.
601 1071 811 1138 Descendens
834 1071 874 1137 ab
898 1070 1008 1136 Alteri
1032 1071 1135 1137 societ
1167 1071 1208 1138 ad
1244 1073 1350 1159 ipsum
1372 1071 1652 1159 genuflexionem.

438 1182 472 1248 Si
502 1201 561 1267 per
592 1180 777 1245 Ecclesiam
811 1178 968 1258 incedens
998 1181 1204 1245 transiturus
1239 1188 1327 1246 esset
1354 1187 1433 1247 ente
1463 1182 1593 1260 Altare,
1617 1184 1653 1247 in

438 1309 503 1373 quo
526 1293 720 1354 asservatur
747 1285 804 1353 SS.
834 1286 1097 1364 Sacramentum,
1120 1284 1386 1372 genuflexionem
1410 1289 1453 1355 ibi
1477 1287 1607 1356 efficiet.

526 1396 579 1460 96.
611 1395 785 1460 Redeunte
825 1396 1048 1481 precessione,
1084 1394 1241 1461 subsistet
1268 1415 1343 1461 cum
1378 1395 1588 1462 Subdiucono
1618 1402 1654 1462 et

440 1502 654 1567 ceroferariis
675 1509 778 1568 entra
799 1499 889 1568 ‘fores
915 1499 1096 1580 Ecclesiae,
1113 1508 1205 1567 stone
1222 1501 1263 1567 ed
1280 1501 1453 1569 dexterum
1468 1504 1566 1590 primi
1580 1524 1656 1570 aco-

440 1609 527 1693 lythi
539 1622 603 1694 quo
615 1616 763 1695 tempure
779 1607 969 1675 cantabitur
992 1610 1136 1695 hymnus
1156 1609 1288 1685 Gbriu,
1307 1613 1395 1687 tuus,
1413 1615 1445 1678 et
1460 1612 1573 1678 bonor
1587 1617 1652 1677 etc.

445 1702 447 1708 ¹
525 1717 577 1782 97.
604 1715 773 1783 Reseratis
796 1715 932 1792 foribus,
958 1718 1082 1802 primus
1106 1719 1185 1782 ante
1200 1718 1342 1783 Crucem
1367 1716 1575 1802 ingredietur
1592 1719 1654 1783 Ec-

439 1825 584 1889 clesiem.

523 1933 577 1998 98.
596 1934 710 2008 Quum
735 1934 866 1998 venerit
888 1939 966 1998 ante
990 1933 1117 2010 Altere,
1142 1930 1377 2019 genuflexione
1400 1933 1500 2011 tacte,
1533 1941 1653 2020 perget

364 2055 367 2060 ’
438 2039 479 2104 ad
504 2041 730 2106 renovandum
752 2039 918 2106 thuribuli
942 2042 1063 2126 ignem,
1088 2048 1127 2106 nt
1160 2043 1194 2106 in
1223 2046 1376 2126 promptu
1404 2040 1526 2107 habeat
1558 2042 1653 2107 initio

438 2148 566 2224 Missae,
592 2168 676 2232 quae
699 2150 811 2214 statim
834 2153 908 2235 post
931 2149 1175 2234 processionem
1199 2148 1401 2213 cantabitur.

522 2256 576 2322 99.
601 2257 639 2321 ln
662 2257 765 2323 Missa
785 2252 929 2324 solemni
950 2257 1085 2323 nullum
1108 2256 1286 2323 discrimen
1310 2259 1651 2345 patiuntursuperius

436 2363 593 2451 descripti
628 2367 722 2431 ritus:
757 2364 789 2430 id
819 2371 949 2431 tantum
978 2364 1143 2441 advertat,
1178 2370 1215 2430 ut
1245 2365 1387 2451 palmam
1419 2384 1518 2431 manu
1553 2367 1654 2431 susti·

437 2479 523 2548 neat,
547 2472 624 2539 dum
647 2475 781 2539 canitur
812 2473 946 2550 Pauo,
983 2474 1080 2537 sicuti
1116 2472 1236 2538 Oleros
1271 2474 1304 2536 in
1332 2472 1445 2547 ohoro;
1477 2478 1512 2537 et
1542 2476 1653 2537 sumat

433 2580 641 2648 thuribulum
665 2601 739 2646 cum
765 2581 920 2645 navicula
942 2585 1080 2665 propter
1103 2578 1254 2643 ultimam
1277 2585 1407 2665 partem
1423 2579 1547 2646 Passio
1564 2598 1650 2663 quae

433 2697 583 2765 cauetur,
608 2708 707 2772 quum
731 2695 801 2753 tres
824 2687 885 2765 illi,
911 2688 965 2771 qui
988 2688 1096 2773 ipsum
1120 2686 1245 2754 Paccio
1269 2687 1465 2761 cecinerint,
1481 2686 1522 2752 de
1539 2685 1651 2751 Alteri

434 2796 605 2861 decedent.

721 3017 752 3095 ξ.
781 3012 830 3076 13.
856 3010 900 3077 lu
921 3011 1105 3078 mouente
1130 3010 1368 3077 tenebrarum.

525 3231 595 3294 100.
621 3207 771 3293 ln'hisce
797 3227 969 3292 Matutinis
994 3225 1122 3290 nullius
1144 3227 1198 3290 rei
1229 3228 1393 3312 particeps
1424 3234 1477 3290 est
1507 3226 1649 3292 thurife-

434 3340 553 3404 rarius.
579 3335 736 3419 siquidem
761 3336 792 3398 in
818 3336 893 3418 ipsis
919 3353 1094 3417 numquam
1120 3332 1298 3399 adhibetur
1322 3333 1544 3399 thuribulum.

660 3554 691 3634 ᾖ.
720 3551 768 3614 lt.
795 3549 838 3615 lu
861 3545 968 3615 Furio
1000 3548 1035 3612 V.
1060 3550 1098 3615 tu
1122 3551 1240 3617 Coeno
1265 3551 1415 3617 Domini.

524 3769 595 3833 101.
621 3765 774 3834 Officium
794 3766 1007 3831 thuriferarii
1030 3767 1065 3830 in
1089 3767 1228 3833 solemni
1252 3767 1350 3831 huius
1362 3765 1431 3830 diei
1449 3766 1549 3831 Missa
1567 3764 1651 3830 nihil

433 3883 483 3943 est
506 3876 673 3940 diversum
696 3872 737 3937 ab
760 3873 835 3937 aliis
859 3874 968 3939 Missis
991 3874 1205 3951 solemnibus,
1234 3876 1267 3938 in
1299 3872 1420 3956 quibus
1456 3875 1481 3937 si
1515 3871 1652 3938 Subdiu·
1725 3941 1728 3948 ,

394 4044 398 4053 .
433 4004 551 4050 conum
575 3980 788 4046 comitabitur
808 3980 852 4045 od
875 3999 988 4067 pacem
1010 3981 1153 4046 dandum
1176 3982 1290 4056 choro,
1315 3981 1378 4044 hoo
1410 3980 1463 4045 die
1497 3980 1651 4045 advertet

433 4091 518 4177 quod
542 4109 608 4175 pax
632 4106 697 4153 non
716 4089 831 4153 datur.

523 4197 595 4261 102.
620 4197 686 4260 Pro
711 4198 919 4281 processione
947 4203 1058 4262 eutem
1083 4181 1171 4282 opus*
1188 4202 1240 4259 est
1262 4194 1389 4259 duobus
1410 4194 1650 4274 thuriferariis,

431 4309 485 4392 qui
509 4305 568 4371 sub
587 4290 689 4368 linem
714 4303 833 4369 ltsssstte
854 4305 1015 4369 solennis
1033 4303 1180 4389 proiecti
1199 4322 1222 4367 e
1246 4305 1313 4367 suis
1348 4304 1381 4367 in
1417 4304 1520 4368 choro
1556 4304 1650 4381 lucie,

432 4424 467 4480 tn
491 4412 596 4478 medio
621 4416 703 4476 unte
732 4412 850 4476 Altero
881 4411 1025 4476 efficient
1055 4410 1153 4475 11111111
1184 4407 1450 4495 genuflexionem
1481 4410 1651 4497 duplicem

430 4522 470 4588 ad
494 4520 550 4587 SS.
570 4519 837 4597 'Sacramentum
862 4528 896 4584 et
919 4524 1061 4605 pergent
1084 4518 1125 4582 od
1148 4516 1287 4584 obscum
1309 4520 1366 4584 uel
1399 4521 1431 4583 in
1464 4522 1647 4585 sacrarium

429 4632 470 4699 ad
494 4630 682 4714 accipienda
705 4651 779 4694 cum
803 4627 968 4693 naviculis
993 4627 1178 4692 thuribula.
