4175 5717
520 735 562 801 44
976 751 1042 802 urs.
1068 749 1103 802 n.

518 865 570 927 77.
595 862 631 925 ln
656 861 762 954 choro
786 860 907 928 (laria
930 859 1128 927 recitabitur
1151 879 1171 925 a
1195 859 1294 926 clero
1317 857 1432 926 eadem
1449 855 1583 944 regula
1607 873 1648 924 aa

431 971 582 1056 superius
605 967 730 1034 tradita
751 988 812 1055 pro
838 967 1064 1034 confessione.

518 1077 571 1140 78.
595 1075 648 1141 Ad
664 1075 765 1140 verba
781 1075 984 1143 Adoramas
1001 1083 1041 1143 te.
1062 1073 1205 1142 Gratias
1217 1076 1357 1160 aqimus
1370 1073 1439 1142 aba
1451 1073 1540 1142 Jeaa
1553 1073 1654 1170 Chri·

429 1191 490 1252 ste.
504 1182 650 1266 acccipe
665 1183 947 1266 deprecationem
963 1189 1133 1260 nostram,
1150 1181 1341 1258 Celebrans,
1359 1181 1504 1250 Ministri
1523 1187 1558 1248 et
1573 1181 1652 1246 cbo·

432 1311 489 1356 rus
513 1290 723 1356 inclinabunt
745 1297 845 1377 caput
868 1297 903 1357 et
924 1289 965 1356 ad
988 1290 1093 1356 verba
1109 1290 1170 1356 illa
1193 1310 1275 1358 cam
1299 1287 1426 1360 Sancto
1450 1287 1589 1374 Spiritu
1616 1307 1652 1354 se

431 1417 544 1463 omnes
568 1397 756 1482 signabunt.

520 1505 572 1570 79.
597 1503 632 1570 Si
655 1504 791 1570 Missale
815 1524 890 1570 cum
907 1504 1001 1590 legili
1017 1505 1050 1568 in
1067 1502 1209 1569 medium
1227 1503 1346 1570 Altare
1362 1502 1566 1573 translatum
1582 1501 1654 1570 fue·

430 1613 484 1688 rit,
509 1611 775 1678 Gaeremoniario
798 1631 901 1676 curae
924 1612 968 1676 sit
999 1611 1131 1676 referre
1163 1610 1249 1676 illud
1278 1612 1311 1676 iu
1343 1629 1449 1677 cornu
1480 1609 1653 1698 Epistola

430 1721 622 1805 priusquam
646 1718 829 1787 celebrans
853 1718 894 1784 de
917 1718 1029 1783 Alteri
1052 1717 1210 1784 discedat.

518 1827 571 1890 80.
597 1827 769 1913 completa
792 1826 910 1912 hymni
932 1826 1076 1911 angelici
1101 1827 1308 1902 recitatione,
1334 1825 1516 1892 celebrans
1551 1843 1653 1892 reve-

432 1935 572 1999 rentiam
596 1934 698 1998 faciet
720 1932 762 1998 ad
787 1933 937 2008 Crucem,
969 1933 1116 1998 Ministri
1147 1930 1415 2017 genuflexionem
1449 1933 1570 2019 regula
1593 1953 1653 1998 su-

430 2043 543 2127 perius
567 2039 699 2117 tradita,
723 2059 763 2106 ac
787 2039 827 2106 de
852 2040 963 2106 Alteri
987 2038 1228 2106 descendentes
1251 2059 1272 2106 a
1294 2040 1413 2117 latere,
1437 2047 1580 2128 pergent
1611 2037 1653 2104 ad

431 2167 601 2213 scamnum
626 2146 734 2230 ibique
757 2145 987 2212 considebunt.
1011 2145 1225 2213 Discedentes
1248 2157 1360 2218 autem
1383 2147 1424 2214 de
1440 2147 1653 2234 suppedaneo

431 2255 569 2330 Altaria,
596 2252 777 2319 (lelebrans
800 2273 836 2319 se
859 2260 1035 2318 convertet
1058 2273 1159 2339 super
1183 2255 1351 2320 sinistram
1378 2274 1481 2332 suam,
1506 2255 1654 2338 itemque

432 2361 668 2437 Subdiaconus;
692 2360 858 2426 Diaconus
882 2379 963 2425 vero
987 2380 1088 2445 super
1112 2360 1285 2427 dexteram
1317 2381 1420 2438 suam,
1445 2381 1487 2428 ne
1517 2367 1653 2447 tergum

431 2474 543 2534 uertat
567 2467 768 2534 celebranti:
786 2473 904 2532 euntes
920 2466 961 2532 ad
977 2486 1157 2544 scamnum,
1182 2468 1391 2536 considentes
1407 2476 1441 2536 et
1460 2476 1561 2556 caput
1577 2487 1655 2536 con-

432 2583 583 2663 tegentes
607 2576 790 2642 servabunt
812 2595 852 2652 ea
875 2594 959 2660 quae
983 2577 1135 2662 superius
1159 2597 1219 2663 pro
1240 2577 1351 2665 Kyme
1368 2577 1539 2644 declarata
1562 2581 1654 2644 sunt.

519 2685 572 2750 81.
596 2685 631 2750 Si
655 2703 755 2768 quum
777 2683 1012 2750 discedendum
1039 2685 1081 2750 de
1112 2686 1223 2751 Altari
1253 2687 1319 2752 erit
1353 2685 1545 2752 Celebranti
1576 2705 1653 2752 cum

432 2792 604 2868 Ministris,
627 2791 818 2858 cantabitur
841 2791 961 2877 aliquis
985 2811 1029 2858 ex
1053 2812 1154 2877 supra
1178 2794 1301 2859 notatis
1326 2793 1487 2870 versibus,
1504 2791 1546 2858 ad
1570 2813 1654 2876 quos

431 2898 584 2965 facienda
606 2906 695 2970 esset
717 2899 899 2975 inclinatio,
923 2898 1079 2964 advertet
1103 2899 1389 2966 caeremoniarius
1413 2899 1564 2966 detinere
1595 2919 1656 2966 eos

433 3009 473 3074 ad
497 3008 626 3085 Altare,
651 3007 756 3073 donec
781 3028 898 3074 versus
923 3007 982 3073 ille
1009 3014 1165 3073 cantatus
1189 3009 1301 3074 fuerit:
1326 3010 1353 3075 si
1384 3007 1576 3074 cantabitur
1606 3010 1657 3072 in·

432 3123 527 3182 terea
550 3115 627 3180 dum
650 3136 693 3181 ex
717 3115 829 3180 Altari
853 3114 976 3181 vadent
992 3114 1033 3180 ad
1050 3134 1230 3193 scamnum,
1247 3135 1454 3201 nequaquam
1470 3115 1656 3182 subsistent

433 3223 491 3289 sed
515 3228 664 3307 pergent:
689 3222 775 3307 quod
799 3224 826 3288 si
851 3221 1042 3288 cantabitur
1059 3224 1172 3288 statim
1188 3243 1227 3288 ac
1244 3225 1398 3289 venerint
1411 3223 1455 3288 ad
1471 3241 1655 3300 scamnum,

435 3350 502 3395 non
524 3330 695 3407 sedebunt,
720 3329 778 3396 sed
801 3335 928 3395 stantes
946 3330 989 3395 ibi
1007 3350 1124 3394 versus
1141 3329 1260 3396 Altare
1277 3351 1313 3396 se
1329 3330 1547 3408 inclinabunt
1566 3331 1656 3416 quod

433 3439 558 3504 facient
574 3437 719 3504 Ministri
736 3443 876 3514 tantum,
893 3437 922 3502 si
936 3437 1128 3502 cantabitur
1144 3457 1262 3504 versus
1278 3443 1452 3524 postquam
1470 3436 1656 3506 celebrans

434 3545 567 3620 sederit,
592 3551 627 3612 et
650 3546 841 3631 priusquam
865 3544 1060 3612 consideant
1082 3545 1153 3630 ipsi.

522 3651 574 3718 82.
599 3651 633 3718 Si
657 3658 775 3718 cantus
799 3651 915 3738 hymni
941 3650 1064 3718 dario
1079 3651 1343 3719 intercalabitur
1352 3671 1555 3738 organorum
1570 3671 1656 3720 sono

434 3763 482 3827 ita
504 3766 543 3825 ut
564 3759 653 3825 alter
677 3779 795 3826 versus
819 3764 1019 3828 cantatura
1042 3758 1156 3836 choro,
1180 3758 1270 3832 altar
1293 3761 1457 3832 recitetur
1491 3759 1657 3830 submissa

435 3888 517 3934 voce
540 3887 563 3931 a
583 3871 720 3936 cantore
743 3865 821 3930 dum
844 3871 982 3934 sonatur
1006 3867 1147 3950 organis.
1164 3885 1234 3938 nou
1262 3866 1479 3942 inclinabitur
1509 3885 1572 3934 nec
1593 3865 1658 3934 de-

435 3979 569 4060 tegetur
592 3980 692 4060 caput
708 3972 750 4038 ad
773 3993 892 4038 versus
914 3974 1068 4059 superius¹
1090 3974 1286 4052 nominatoS,
1304 3993 1405 4058 quum
1422 3973 1657 4040 recitabuntur

436 4082 597 4148 submissa
620 4101 713 4154 uoce.

522 4189 575 4253 83.
601 4187 706 4254 Simul
730 4207 769 4252 ac
792 4187 916 4253 sederit
939 4187 1130 4264 Celebrans,
1156 4188 1338 4260 considebit
1360 4189 1459 4254 etiam
1485 4187 1604 4255 Olerus
1620 4189 1656 4254 in

436 4298 548 4376 chore,
573 4305 607 4364 et
630 4302 794 4382 congruet
817 4317 892 4362 cum
916 4297 1115 4364 celebrante
1139 4301 1172 4363 in
1197 4298 1381 4384 detegendo
1405 4306 1440 4364 et
1462 4296 1656 4364 inclinando

437 4412 544 4490 caput,
570 4412 607 4470 ut
630 4406 760 4491 saepius
784 4409 934 4469 notatum
961 4411 1021 4470 est.

522 4512 575 4575 84.
600 4512 760 4597 Acolythi
785 4520 1013 4595 exsequentur
1036 4533 1076 4578 ea
1098 4533 1182 4598 quae
1198 4512 1432 4600 descripsimus
1448 4511 1489 4579 de
1506 4513 1656 4597 ipsorum

438 4615 542 4683 officio
566 4616 607 4684 ad
630 4619 750 4705 Kyrie,
774 4623 890 4704 postea
913 4618 1070 4685 redibunt
1093 4618 1134 4685 ad
1158 4619 1307 4687 abacum.
