4175 5717
523 705 588 774 264
984 725 1050 778 tra.
1076 727 1097 775 1.

519 834 596 900 275.
620 836 744 901 Deinde
767 837 799 902 S.
833 837 1101 903 Communionem
1132 838 1341 917 ministrabit,
1372 839 1650 925 quemadmodum

434 943 585 1026 superius
609 945 821 1028 exposuimus
845 963 933 1009 num.
962 945 1033 1020 133,
1058 951 1092 1011 et
1114 965 1202 1030 seqq.
1226 952 1319 1013 stans
1343 949 1377 1013 in
1399 948 1505 1016 medio
1527 945 1651 1037 sappa-

434 1050 539 1116 daneo
563 1051 710 1116 humeris
732 1050 773 1116 ad
796 1051 915 1118 Altare
938 1054 1054 1130 versis,
1078 1052 1159 1120 licet
1180 1056 1214 1118 in
1245 1054 1349 1121 calice
1380 1055 1531 1124 clausurn
1561 1055 1650 1124 adsit

435 1155 492 1222 SS.
517 1155 778 1223 Sacramentum.

520 1263 596 1330 276.
622 1265 801 1349 Postquam
823 1263 1085 1352 purificationem
1116 1275 1151 1334 et
1180 1266 1383 1335 ablutionem
1410 1272 1590 1358 sumpserit
1612 1277 1650 1338 st

434 1391 471 1437 os
492 1373 697 1450 absterserit,
713 1369 922 1458 genuflectet·
932 1380 966 1439 et
980 1374 1081 1441 vadet
1095 1374 1137 1440 ad
1154 1377 1290 1442 Missale
1314 1383 1352 1443 nt
1374 1377 1466 1463 legat
1487 1383 1519 1453 t.
1542 1379 1648 1447 Gens-

432 1483 562 1549 mum'o.
587 1481 671 1545 Dum
693 1477 904 1565 genuflectet,
928 1501 1046 1549 manus
1068 1488 1225 1549 extensas
1249 1484 1360 1550 Alteri
1383 1503 1512 1572 semper
1543 1486 1649 1572 impo-

433 1595 492 1654 net
514 1596 613 1654 entra
635 1587 820 1673 corporale.

521 1698 597 1762 277.
621 1696 789 1761 Reversus
811 1694 854 1760 ad
877 1696 1020 1763 medium
1043 1695 1171 1774 Altare,
1202 1695 1471 1783 genuflexionem
1500 1697 1647 1777 iterabit,

433 1806 551 1871 Altare
575 1801 783 1869 osculabitur
805 1803 839 1866 i'n
861 1802 979 1880 medio,
995 1821 1031 1870 se
1044 1805 1197 1890 paullum
1213 1803 1390 1872 'convertet
1406 1825 1522 1872 versus
1538 1824 1647 1872 cornu

433 1914 618 1999 Evangelii,
642 1922 740 1980 canet
762 1913 932 1981 Dominus
955 1911 1143 1990 ooaaown,
1167 1910 1372 1999 genuflectet
1394 1933 1511 1980 rursus
1534 1919 1568 1980 et
1596 1933 1649 1980 re·

431 2040 548 2087 versus
571 2020 613 2085 ad
636 2021 770 2087 Missale
793 2019 943 2086 cantabit
956 2021 1148 2086 orationem
1167 2023 1456 2104 postcommunio.
1648 2011 1650 2016 ’

519 2128 594 2192 278.
618 2129 700 2193 Post
721 2130 904 2193 orationem
928 2126 1049 2192 redibit
1072 2127 1105 2191 in
1128 2127 1280 2204 medium,
1296 2128 1478 2195 'renovabit
1500 2121 1649 2213 {genufle-

432 2237 574 2313 xionem,
599 2255 635 2302 se
658 2241 833 2302 convertet
855 2233 896 2300 ad
919 2234 1086 2320 populum,
1111 2243 1149 2301 ut
1171 2241 1279 2311 antes,
1304 2242 1338 2301 et
1361 2240 1458 2302 canet
1473 2235 1647 2305 nomem

431 2344 619 2410 vobiscum.

517 2450 593 2516 279.
618 2450 796 2533 Postquam
819 2449 983 2515 diaconus
1012 2450 1172 2514 cecinerit
1202 2449 1262 2525 Ite,
1295 2447 1408 2516 Missa
1435 2455 1495 2526 est,
1525 2467 1647 2516 rursus

431 2557 473 2622 ad
496 2557 615 2621 Altare
638 2562 864 2632 convertetur,
888 2552 1092 2641 genuflectet
1114 2555 1182 2620 alia
1205 2557 1278 2620 vice
1302 2563 1337 2621 et
1359 2555 1512 2622 recitabit
1527 2559 1649 2622 oratio·

432 2683 506 2728 nem
531 2664 673 2731 Placeat
697 2659 757 2730 tabi
777 2669 840 2729 etc.
865 2670 1058 2749 postquam
1082 2662 1289 2729 osculabitur
1321 2663 1450 2740 Altare,
1479 2668 1514 2730 et
1546 2662 1647 2730 elatis

432 2771 591 2846 manibus,
616 2777 654 2837 ut
676 2769 713 2836 fit
735 2773 769 2835 in
791 2771 866 2836 aliis
889 2771 1008 2847 Missis,
1032 2770 1120 2836 dicet
1143 2770 1330 2838 Benedicat
1352 2779 1413 2838 dos
1428 2770 1647 2853 ommpotm

392 2929 395 2934 .
432 2878 537 2955 Deus,
562 2876 773 2962 genuflectet,
797 2895 832 2943 se
856 2883 1031 2944 convertet
1053 2877 1094 2943 ad
1117 2878 1275 2965 populum
1298 2897 1318 2943 a
1340 2876 1514 2953 laterent
1532 2895 1645 2964 supra,

432 2993 466 3050 et
489 2985 750 3050 benedictionem
774 2986 1015 3072 impertietur„

518 3093 594 3157 280.
619 3091 662 3158 Se
685 3098 860 3158 convertet
881 3091 931 3156 ad-
946 3093 1064 3157 Altare
1087 3111 1189 3177 snper
1212 3092 1302 3157 latus
1336 3092 1421 3158 idem
1456 3111 1522 3156 non
1551 3109 1648 3157 com-

430 3198 525 3284 plens
549 3200 722 3276 circulum,
746 3217 808 3265 nec
829 3195 1096 3284 genuflexionem
1112 3205 1276 3284 repetens,
1291 3198 1381 3266 ¹dicet
1398 3199 1568 3267 Dennaba
1584 3217 1647 3267 eo·

366 3365 368 3370 .
431 3305 564 3372 &cam
588 3313 622 3371 et
646 3306 865 3391 Euangelium
890 3306 922 3371 S.
946 3307 1082 3370 ioannis
1105 3307 1268 3383 recitabit,
1295 3307 1329 3370 in
1364 3308 1458 3372 cuius
1481 3306 1574 3372 initio
1609 3325 1647 3372 se

430 3412 581 3496 signabit,
605 3432 671 3478 non
695 3433 775 3478 vero
798 3412 926 3478 Altare.
951 3413 1081 3478 Poterit
1103 3413 1233 3496 quidem
1256 3415 1392 3498 signare
1415 3411 1588 3490 tabellam,
1604 3405 1646 3480 ¹si

431 3519 461 3583 ei
484 3520 675 3604 porrigetur
698 3540 718 3584 a
741 3519 957 3586 subdiacono.
981 3518 1033 3584 Ad
1064 3519 1215 3587 Verbum
1237 3539 1321 3588 caro
1345 3524 1408 3587 etc.
1439 3515 1645 3605 genuflectet

432 3644 550 3691 versus
574 3624 630 3691 SS.
656 3626 921 3693 Sacramentum.
1316 3665 1322 3676 ·

519 3733 593 3797 281.
618 3731 720 3799 Sacro
742 3741 886 3819 peracto,
903 3734 1023 3800 redibit
1037 3733 1079 3799 ad
1094 3734 1236 3800 medinm
1252 3735 1370 3802 Altare
1385 3736 1419 3800 in
1435 3734 1646 3822 supmdaneo

430 3837 641 3924 genuflectet,
666 3839 844 3907 descendet
865 3861 885 3906 a
908 3842 1014 3907 latere
1038 3841 1078 3907 de
1101 3841 1212 3907 Aliari
1235 3861 1280 3907 ex
1301 3848 1397 3930 parte
1421 3842 1592 3929 Epistolas
1608 3849 1645 3910 et

431 3955 549 4034 perget
569 3948 610 4013 ad
633 3969 812 4027 scamnum,
837 3950 891 4015 ubi
914 3950 1063 4016 humeris
1086 3950 1127 4014 ad
1150 3969 1318 4016 scamnum
1341 3952 1448 4037 ipsum
1471 3952 1645 4018 conversis

431 4054 571 4141 deponet
594 4056 762 4142 planetam
785 4076 860 4121 cum
883 4058 1060 4142 manipulo,
1085 4062 1120 4122 et
1141 4058 1280 4143 pluviali
1304 4058 1471 4124 induetur.

517 4163 592 4230 282.
617 4163 756 4229 indutus
779 4164 928 4249 pluuiali,
952 4162 1210 4249 p1·ocedetante
1233 4166 1351 4230 Altare
1374 4170 1408 4230 et
1430 4163 1646 4250 genuflexio-

428 4289 503 4334 nem
526 4271 692 4356 duplicem
715 4277 917 4355 exsequetur
940 4273 973 4335 in
996 4273 1183 4357 pavimento
1217 4280 1294 4337 ante
1326 4272 1466 4358 gradum
1494 4271 1645 4340 infimum

429 4376 463 4440 in
487 4378 603 4455 medio,
627 4378 743 4444 deinde
766 4384 921 4463 assurget
936 4385 970 4444 et
993 4381 1026 4442 in
1051 4378 1157 4445 medio
1173 4379 1287 4446 eodem
1302 4379 1409 4465 gradu
1424 4381 1643 4465 geniculabit.

518 4485 593 4550 283.
617 4486 699 4553 Post
721 4487 855 4553 brevem
879 4486 1072 4565 orationem,
1097 4490 1255 4554 innuente
1279 4490 1554 4566 caeremoniario,
1585 4509 1646 4556 ω-

431 4598 547 4675 surget
570 4600 603 4659 et
625 4597 796 4663 incensum
818 4598 889 4662 sine
913 4595 1140 4665 benedictione
1162 4602 1195 4665 in
1211 4600 1276 4665 duo
1292 4600 1465 4667 thuribula
1487 4601 1645 4686 imponet.
