4175 5717
520 709 564 777 56
978 728 1045 776 um.
1071 728 1105 774 u.

431 835 606 902 dexterum
631 836 847 914 Celebrautis
872 857 912 902 ac
934 838 1116 923 suspiciens
1137 838 1277 906 Crucem
1303 855 1467 903 unacum
1490 835 1553 904 illo
1571 835 1656 904 celi·

432 964 503 1009 cem
527 940 644 1010 offeret
667 944 765 1010 simul
789 946 934 1011 recitans
963 947 1146 1010 orationem
1180 943 1367 1032 Offeramus
1401 944 1470 1024 tibi,
1499 945 1654 1016 maiae

433 1058 496 1117 etc.
520 1071 584 1136 quo
608 1053 641 1116 iu
664 1057 742 1117 actu
766 1053 932 1118 sinistram
956 1054 1084 1137 pectori
1107 1053 1295 1140 applicabit.

523 1161 596 1227 155.
621 1160 728 1236 Quum
753 1161 934 1227 Celebrans
959 1161 1104 1226 Calicem
1137 1162 1304 1248 corporali
1335 1162 1536 1249 imposuerit,
1568 1161 1656 1228 Dia-

434 1288 536 1333 conus
559 1270 699 1355 accipiet
721 1269 845 1354 pallam
869 1275 969 1352 atque
991 1270 1062 1354 ipsa
1093 1268 1237 1334 Calicem
1267 1269 1445 1354 cooperiet.
1478 1268 1654 1358 Sumptem

433 1376 550 1441 deinde
574 1377 634 1441 sub
659 1377 826 1462 corporali
849 1383 1001 1462 patenam
1026 1375 1137 1441 tradet
1160 1374 1377 1442 Subdiacono.

525 1483 596 1550 156.
621 1484 848 1552 subdiaconus
872 1490 1024 1571 patenam
1048 1483 1189 1549 dextere
1212 1483 1300 1550 nuda
1323 1485 1463 1570 accipiet
1485 1489 1520 1550 et
1534 1489 1654 1550 extre-

433 1592 546 1657 mitate
570 1591 710 1658 dextera
732 1591 801 1657 veli
822 1591 1006 1658 humeralis
1029 1595 1186 1676 conteget
1209 1611 1291 1669 eam,
1314 1591 1456 1656 alteram
1486 1593 1653 1659 extremi·

432 1704 534 1764 tatem
557 1700 669 1765 sinens
691 1696 847 1765 defluere:
872 1697 1049 1765 sustinebit
1071 1697 1165 1764 illam
1188 1704 1265 1764 ante
1281 1703 1397 1784 pectus
1413 1718 1514 1784 quum
1529 1699 1570 1766 de
1591 1699 1653 1766 Al·

432 1806 498 1872 tari
521 1804 707 1882 descendet,
732 1825 832 1890 quum
854 1805 1005 1892 paullum
1029 1804 1209 1871 inclinatus
1234 1804 1445 1892 respondebit
1471 1804 1651 1892 Susam

433 1917 604 1983 Dominus
627 1921 690 1982 etc.
714 1915 755 1981 ad
783 1914 887 1983 Orate
908 1916 1054 1999 fratrem
1078 1934 1178 1999 quum
1213 1935 1233 1979 a
1262 1915 1406 1982 Diacono
1437 1913 1652 1984 thurificabi-

430 2029 495 2098 tur,
521 2044 621 2108 quum
643 2022 683 2088 ad
707 2023 826 2090 Altare
849 2022 1007 2089 ascendet
1036 2027 1072 2087 et
1101 2022 1255 2087 recitabit
1286 2020 1447 2101 Sanctus,
1479 2029 1651 2110 postremo

430 2150 530 2213 quum
552 2130 805 2216 adgeniculatus
829 2131 894 2196 erit
915 2129 956 2194 ad
980 2129 1212 2195 elevationem.
1231 2129 1349 2206 Perre,
1368 2135 1498 2216 sumpta
1513 2137 1649 2218 patena,

430 2238 556 2304 directe
579 2238 619 2305 de
636 2239 747 2304 Altari
763 2237 942 2305 descendet
957 2257 993 2303 se
1010 2241 1211 2303 convertens
1228 2257 1329 2324 super
1346 2237 1519 2304 dexteram
1542 2259 1648 2306 suam:

430 2366 531 2429 quum
557 2346 690 2411 venerit
718 2351 796 2411 ante
827 2343 970 2410 infimum
1002 2344 1153 2430 gradum,
1187 2340 1392 2430 genuflectet
1422 2344 1464 2412 ad
1494 2345 1648 2426 Crucem,

431 2453 539 2537 ibique
561 2455 722 2519 consistet
744 2453 785 2518 ad
802 2453 921 2519 Altare
937 2472 1120 2518 conversus
1137 2458 1212 2538 post
1229 2451 1471 2529 Celebrantem
1489 2460 1647 2542 patenam

430 2563 596 2629 sustineus
620 2561 742 2626 elatam
764 2561 806 2626 ad
829 2559 1039 2626 altitudinem
1063 2560 1179 2626 vultus
1202 2561 1254 2626 sui
1277 2566 1312 2626 et
1327 2580 1460 2628 manum
1476 2563 1646 2630 sinistram

431 2671 553 2756 poterit
575 2690 739 2757 apponere
762 2670 889 2756 pectori
913 2669 968 2734 vel
992 2669 1081 2735 infra
1104 2668 1252 2734 cubitum
1275 2667 1450 2736 dexterum
1474 2675 1513 2736 ut
1532 2667 1649 2739 sufful-

431 2779 497 2842 ciat
519 2777 701 2843 brachium.

521 2885 593 2949 157.
619 2884 801 2951 Celebrans
824 2886 953 2951 interea
975 2884 1111 2950 Missam
1134 2889 1355 2970 prosequetur
1378 2884 1423 2954 Ia
1437 2885 1570 2969 spiritu
1586 2885 1648 2956 bu·

429 2993 585 3059 militatis
609 2999 673 3056 etc.

519 3098 592 3164 158.
617 3099 774 3164 Profecto
797 3118 841 3164 ex
864 3097 976 3163 Alteri
992 3096 1210 3175 Subdiacono,
1227 3097 1465 3165 thuriferarius
1481 3119 1558 3166 cum
1576 3100 1649 3168 thu·

430 3205 538 3270 ribulo
562 3210 597 3270 et
619 3205 775 3270 navicula
797 3205 1043 3292 suppedaneum
1067 3225 1087 3270 a
1110 3205 1218 3271 latere
1241 3206 1451 3272 conscendet.
1481 3207 1648 3274 Diaconus

431 3313 601 3377 incensum
624 3300 824 3378 ministrabit
847 3313 1049 3388 celebranti,
1067 3314 1122 3396 qui
1139 3313 1173 3378 in
1189 3311 1399 3377 thuribulum
1417 3313 1543 3380 iniiciet
1563 3315 1649 3382 illud

431 3438 505 3482 oum
529 3418 755 3484 benedictione
779 3421 924 3485 recitans
956 3419 1134 3484 formulam
1166 3417 1237 3485 Per
1268 3420 1552 3488 intercessionem
1583 3429 1650 3490 etc.

431 3526 679 3592 Thuriterarius
710 3527 918 3594 thuribulum
949 3527 1093 3592 Diacono
1125 3526 1244 3602 tradet,
1277 3528 1415 3612 recipiet
1445 3530 1647 3610 naviculam,

431 3631 609 3697 descendet
637 3633 677 3698 de
701 3634 820 3710 Alteri,
852 3641 991 3721 reponet
1014 3634 1204 3699 naviculam
1236 3635 1268 3699 in
1299 3634 1401 3700 abaco
1425 3641 1459 3700 et
1489 3637 1524 3702 in
1547 3637 1649 3724 plano

431 3759 532 3826 prope
555 3740 644 3805 latus
668 3741 837 3827 Epistolae
868 3742 1057 3829 expectabit
1089 3742 1269 3807 Diaconum
1301 3746 1338 3806 ut
1361 3743 1541 3810 comitetur
1573 3764 1650 3812 eum

430 3849 463 3913 in
486 3845 743 3914 thurificatione.

520 3954 592 4021 159.
617 3955 650 4022 Si
684 3956 970 4023 caeremoniarius
1001 3958 1132 4024 abesset
1163 3964 1222 4022 aut
1251 3956 1317 4022 alia
1348 3977 1385 4022 re
1416 3958 1649 4044 impediretur,

430 4064 518 4130 alter
543 4085 585 4130 ex
608 4064 785 4151 Acolythis
810 4067 864 4132 vel
889 4067 1127 4132 thuriferarius
1152 4068 1338 4132 meminerit
1360 4086 1517 4134 amovere
1532 4067 1575 4135 ab
1591 4071 1653 4136 Al·

430 4175 495 4237 tari
518 4173 620 4258 legile
644 4193 702 4238 seu
726 4175 894 4238 cussinum
918 4194 992 4239 cum
1015 4175 1143 4240 blissali
1167 4173 1423 4240 thurificationis
1451 4195 1580 4244 caussa.

520 4281 591 4347 160.
618 4281 781 4346 Diaconus
806 4282 1014 4346 thuribulum
1038 4281 1150 4347 tradet
1174 4282 1375 4359 Celebranti,
1401 4284 1551 4365 quisine
1576 4285 1651 4352 ulla

431 4390 620 4453 reverentia
650 4395 709 4453 aut
737 4385 969 4473 genuflexione
1002 4390 1123 4456 Oblata
1158 4393 1268 4455 statim
1299 4389 1505 4456 thurificabit
1535 4390 1651 4460 dicens

430 4493 618 4564 [oceasum
640 4498 737 4564 istud
760 4506 822 4563 etc.
847 4497 1001 4564 Adolebit
1024 4498 1142 4565 deinde
1166 4499 1284 4564 Altare
1312 4499 1425 4564 dicens
1456 4498 1650 4585 Diripatur

432 4605 495 4668 etc.
518 4602 692 4682 Diaconus,
710 4605 786 4672 dum
805 4605 984 4672 Celebrans
1000 4606 1184 4673 incensabit
1201 4606 1332 4692 Oblata,
1351 4606 1495 4673 Galicem
1511 4609 1545 4672 in
1566 4608 1651 4695 pede
