4175 5717
629 685 690 750 158
1088 702 1154 749 um.
1180 701 1200 748 1.

622 811 675 876 86.
701 811 734 878 Si
751 830 818 877 nou
835 810 1099 886 communicabit,
1117 813 1191 897 post
1206 807 1469 893 Indumentiom
1484 806 1606 874 redibit
1621 807 1663 874 ad
1678 807 1764 876 dex·

536 925 642 984 teram
667 920 875 986 celebrantis
901 920 971 985 sive
994 918 1035 983 ad
1059 919 1149 983 latus
1175 915 1345 1003 Epistolae
1370 917 1403 981 in
1428 914 1676 1003 suppedaneum
1698 935 1765 1002 ge·

538 1026 699 1094 nuflectet
723 1049 798 1094 eum
823 1026 1033 1101 Celebraute,
1058 1032 1092 1091 et
1115 1047 1150 1091 se
1173 1029 1350 1090 convertet
1372 1044 1446 1090 eum
1471 1042 1511 1089 eo
1535 1023 1657 1090 iunctis
1688 1043 1765 1090 ma-

537 1135 634 1200 nibus
658 1136 699 1201 ad
724 1133 1023 1210 communicandos,
1049 1154 1114 1218 qua
1136 1134 1300 1219 positione
1323 1132 1470 1199 manebit
1499 1138 1571 1199 toto
1603 1133 1764 1200 Commu·

538 1244 646 1308 nionis
670 1249 829 1330 tempore.

624 1353 676 1416 87.
702 1351 734 1416 Si
760 1350 1021 1417 communicandi
1047 1355 1147 1414 erunt
1177 1350 1254 1415 laici
1284 1349 1325 1415 ad
1360 1348 1590 1427 balaustrium,
1622 1351 1764 1416 comita·

537 1460 627 1524 bitur
650 1469 684 1525 et
707 1470 866 1546 sequetur
890 1459 1133 1534 celebrantem,
1157 1459 1411 1525 descendentem
1446 1459 1486 1525 de
1513 1457 1671 1545 gradibus
1701 1459 1764 1524 nl-

538 1570 620 1633 taris
643 1588 743 1633 manu
767 1568 908 1634 dextera
930 1566 1117 1633 sustinebit:
1142 1570 1175 1632 in
1199 1567 1310 1633 reditu
1326 1566 1367 1633 ad
1384 1568 1503 1633 Altare
1519 1567 1666 1634 manebit
1680 1567 1764 1634 dex·

536 1683 684 1741 trorsum
709 1676 916 1742 Celebrantis
941 1677 1036 1759 eique
1060 1674 1102 1739 ad
1125 1675 1244 1741 Altare
1268 1675 1459 1742 ascendenti
1483 1673 1644 1744 fimbriam
1667 1681 1764 1742 ante·

538 1786 661 1850 riorem
684 1786 826 1850 vestium
850 1783 1049 1849 sublevabit.

625 1892 677 1956 88.
704 1889 915 1958 Genuflectet
938 1912 1012 1956 cum
1038 1891 1247 1967 Celebranta
1273 1893 1299 1955 si
1335 1911 1400 1976 qua
1430 1893 1463 1956 in
1494 1891 1606 1977 pixide
1638 1911 1763 1978 super·

538 2001 641 2066 fuerit
664 2000 839 2086 particula,
863 1999 1115 2086 pixidemquea
1150 1998 1350 2065 Celebrante
1380 1997 1585 2085 purificatam
1617 2001 1764 2086 accipiet

536 2109 576 2175 ab
602 2111 680 2194 ipse,
706 2108 943 2195 cooperculum
976 2109 1131 2193 imponet,
1163 2126 1301 2191 eamque
1333 2107 1444 2173 tradet
1479 2105 1762 2186 caeremoniario,

538 2221 574 2281 ut
598 2216 639 2282 ad
662 2216 802 2282 abacum
826 2216 924 2280 ferat.

767 2435 799 2517 §-
825 2434 855 2498 3.
881 2433 926 2499 lo
950 2431 1071 2499 Missis
1094 2432 1306 2500 solennibus
1328 2431 1525 2517 ferialibus.

625 2650 677 2714 89.
704 2648 931 2715 Subdiaconus
955 2654 1071 2714 utetur
1095 2651 1163 2714 rit-u
1185 2669 1244 2733 pro
1270 2649 1377 2714 blissis
1393 2648 1597 2715 solennibus
1619 2655 1762 2728 statuto,

537 2778 612 2823 cum
637 2757 887 2842 exceptionibus
910 2762 1022 2821 tamen
1047 2777 1130 2841 quae
1154 2763 1351 2842 sequuntur.

624 2865 677 2929 90.
702 2865 775 2929 Non
799 2865 971 2941 tunicella,
988 2865 1044 2929 sed
1063 2865 1199 2950 planeta
1215 2864 1373 2930 induetur
1389 2870 1466 2932 ante
1482 2869 1598 2951 pectus
1621 2865 1763 2951 plicata,

537 2972 711 3039 dummodo
735 2974 887 3039 Ecclesia
910 2975 954 3038 sit
977 2993 1044 3037 una
1067 2993 1110 3038 ex
1133 2975 1308 3058 primariis.
1333 2974 1446 3050 Secus,
1464 2974 1666 3040 ministrabit
1681 2975 1766 3040 ami·

534 3086 602 3156 ctu,
627 3082 713 3154 alba,
739 3082 874 3167 cingulo
900 3087 933 3146 et
957 3082 1126 3167 manipulo
1150 3082 1297 3148 indutus.

625 3191 678 3253 91.
704 3190 738 3256 Si
762 3189 1098 3255 Diaconusmantabit
1123 3190 1322 3256 Fteetomus
1350 3211 1472 3275 yeauo
1501 3195 1579 3256 ante
1610 3190 1762 3276 aliquam

538 3298 732 3373 orationem,
758 3297 984 3364 Subdiaconus
1008 3295 1211 3381 genuflectet
1234 3319 1308 3362 cum
1342 3298 1413 3374 illc,
1438 3299 1494 3365 sed
1528 3300 1655 3384 primus
1686 3317 1764 3364 om-

541 3404 628 3468 nium
652 3413 806 3492 assurget
830 3425 953 3471 canens
978 3404 1105 3471 Leuate
1127 3409 1206 3469 tono
1230 3407 1423 3470 constituto.

626 3513 678 3577 92.
705 3514 738 3580 Si
762 3515 898 3600 planeta
920 3514 1043 3600 plicata
1069 3517 1191 3586 utetur,
1217 3513 1277 3578 sub
1289 3515 1423 3580 initium
1440 3515 1577 3581 ultimae
1598 3515 1762 3582 orationis

538 3624 617 3684 ante
642 3621 825 3705 Epistolam
849 3622 991 3707 deponet
1014 3642 1086 3687 eam
1110 3642 1170 3690 suo
1203 3626 1277 3690 loco
1312 3622 1491 3689 adiuvante
1520 3623 1761 3709 acolythorum

538 3727 659 3802 altero,
685 3731 822 3814 recipiet
857 3730 1095 3815 Epistolarium
1128 3738 1226 3798 canet
1260 3732 1443 3817 Epistolam
1474 3751 1513 3796 ac
1542 3729 1761 3796 deosculatus

538 3834 747 3901 Celebrantis
771 3858 914 3916 manum,
950 3839 1189 3924 Epistolarium
1224 3840 1375 3926 deponet,
1411 3845 1558 3904 resumet
1588 3838 1761 3925 planetam

538 3943 694 4028 plicatam
718 3945 816 4011 etad
839 3946 929 4012 latus
954 3947 1131 4033 Evangelii
1153 3949 1340 4014 transferet
1363 3947 1511 4013 Missale.

627 4053 679 4116 93.
704 4053 756 4119 Ad
780 4059 810 4128 t.
836 4055 975 4121 Actiaco
999 4075 1063 4122 aes
1086 4057 1193 4132 Deos,
1218 4077 1317 4141 quum
1341 4054 1510 4121 canendus
1534 4057 1609 4134 erit,
1634 4054 1677 4122 ad
1692 4055 1762 4132 lac·

538 4181 611 4225 vam
636 4161 843 4228 Celebrantis
867 4162 1073 4246 geniculabit
1096 4166 1130 4228 in
1154 4164 1372 4250 suppedaneo.

627 4381 658 4459 ἓ.
684 4379 714 4441 4.
740 4377 784 4444 Io
807 4377 1011 4460 aspersione
1034 4397 1149 4463 oquae
1172 4379 1433 4447 benediciseis
1465 4379 1670 4448 mminieis.

628 4588 680 4653 94.
705 4591 831 4656 Exiens
854 4591 894 4656 de
919 4591 1072 4657 Sacrario
1090 4591 1316 4659 Subdiaconus
1333 4595 1372 4661 ad
1390 4597 1519 4662 laevam
1537 4595 1761 4679 celebrantis,

539 4693 700 4761 fimbriam
724 4699 784 4782 ipsi
807 4700 973 4766 sinistram
997 4700 1154 4786 pluvialis
1178 4702 1374 4770 sublevabit.
