4175 5717
531 775 573 841 54
984 791 1051 839 ura.
1077 789 1125 838 111.

529 901 582 966 35.
608 901 702 966 Stola
725 913 760 966 et
782 899 931 986 pluviale
954 899 1022 965 albi
1047 900 1180 965 coloris.

528 1009 581 1072 :ltu
607 1008 745 1073 llantile
769 1029 829 1094 pro
853 1007 1060 1093 extergendo
1084 1009 1191 1095 capite
1215 1007 1362 1072 infantis.

528 1116 582 1180 37,
607 1116 762 1182 Alterum
785 1116 923 1181 mantile
947 1114 1023 1181 loco
1046 1117 1148 1181 restis
1171 1113 1340 1180 candidae.

528 1223 581 1286 38.
607 1223 762 1299 candela,
787 1223 871 1308 qnae
894 1230 1010 1309 postea
1032 1222 1186 1289 tradetur
1208 1241 1350 1288 accensa
1373 1221 1552 1306 baptizato.

920 1440 964 1508 Ia
989 1439 1183 1524 functione.

526 1655 579 1722 39.
605 1656 696 1721 Hora
718 1657 919 1743 praestituta
942 1655 1130 1741 pulsabitur
1152 1651 1319 1720 crotalum
1349 1657 1451 1718 extra
1486 1651 1664 1720 eccleciam

439 1762 479 1828 ad
503 1762 772 1832 annunciandum
795 1761 947 1828 fidelibus
970 1762 1154 1828 functionis
1178 1760 1318 1826 initium.

527 1871 580 1936 40.
605 1871 757 1946 Quatuor
768 1870 883 1935 clerici
899 1869 1179 1956 superpelliceum
1191 1866 1330 1933 induent
1342 1865 1404 1932 sibi
1416 1885 1521 1953 supra
1537 1875 1666 1934 vastam

439 1978 580 2043 talarem
604 1987 636 2044 ct
660 1977 836 2064 disponent
859 1997 914 2043 res
938 1995 1052 2042 omnes
1076 1977 1144 2042 suis
1179 1975 1263 2040 locis
1298 1973 1472 2052 indicatas,
1507 1975 1575 2042 nisi
1604 1977 1667 2042 iam

436 2093 631 2171 preparatae
654 2086 792 2151 luerint.

525 2194 579 2259 41.
604 2194 756 2260 Clericus
778 2213 864 2258 unns
888 2191 1024 2258 indutus
1040 2191 1285 2279 superpelliceo
1301 2190 1463 2257 accendet
1480 2191 1597 2278 ignem
1613 2211 1669 2259 ex-

438 2307 492 2365 tra
515 2303 701 2376 ecclesiam,
725 2313 759 2366 et
782 2300 933 2366 favillam
968 2300 1122 2364 eliciete
1157 2298 1260 2374 silice,
1296 2297 1457 2382 siquidem
1493 2299 1551 2364 bic
1584 2301 1667 2366 ritas

439 2428 505 2472 non
528 2417 621 2476 caret
647 2410 818 2495 mysterio.

526 2519 578 2582 42.
604 2516 785 2582 celebrans
787 2515 1084 2601 praeparationem
1102 2513 1142 2578 ad
1160 2513 1293 2578 Missam
1305 2513 1499 2598 praemittet
1511 2519 1549 2580 et
1566 2535 1666 2600 quum

437 2625 547 2688 omnia
569 2623 728 2709 disposita
750 2630 851 2688 erunt
874 2629 910 2687 ut
934 2619 1032 2686 officii
1055 2621 1186 2686 initium
1220 2617 1287 2698 ilat,
1322 2617 1450 2684 lavabit
1482 2641 1607 2688 manus
1634 2629 1667 2690 et

437 2729 672 2798 adiuvantibus
705 2729 838 2796 clericis
862 2726 1020 2794 induetur
1050 2729 1184 2806 amictu,
1218 2727 1304 2803 alba,
1337 2725 1485 2813 cingulo,
1510 2727 1606 2796 stola
1634 2735 1667 2796 at

441 2838 581 2923 pluviali
604 2838 764 2924 violaceo.

527 2945 580 3010 43.
606 2945 809 3010 Reuerentia
831 2942 928 3008 simul
953 2963 1028 3008 cum
1059 2943 1211 3008 clericis·
1229 2941 1329 3008 faciet
1358 2940 1400 3006 ad
1431 2941 1580 3010 Crucem
1611 2943 1665 3010 rel

438 3053 479 3117 ad
503 3055 677 3138 imaginem
700 3053 911 3138 praecipuam
931 3051 1084 3128 sacrarii,
1110 3059 1211 3138 caput
1235 3051 1362 3136 operiet
1385 3049 1494 3116 bireto
1518 3059 1557 3118 et
1591 3073 1665 3120 cum

437 3161 570 3226 clericis
593 3159 823 3246 proficiscetur
845 3158 887 3224 ad
912 3165 1041 3244 portam
1066 3158 1282 3245 principalem
1307 3157 1482 3224 ecclesiae.
1679 3167 1681 3172 '

524 3270 577 3332 44.
603 3267 751 3332 Praeibit
773 3268 898 3352 primns
922 3266 1066 3332 clericus
1091 3267 1212 3331 iunctis
1237 3265 1399 3340 manibus,
1415 3273 1583 3351 sequetur
1598 3273 1667 3334 ter·

435 3377 503 3440 tius
526 3381 662 3459 gestans
678 3373 819 3440 Crucem
834 3373 1125 3461 processionalem,
1143 3383 1310 3461 postremo
1327 3373 1513 3442 celebrans
1536 3375 1666 3444 medius

437 3480 728 3548 intersecantium
752 3489 786 3549 et
808 3491 974 3567 quartum,
997 3483 1055 3566 qni
1078 3479 1223 3547 fimbrias
1257 3481 1415 3568 pluvialis
1447 3483 1524 3550 eius
1560 3485 1667 3552 eneti-

436 3590 573 3656 nebunt.

523 3698 576 3763 45.
601 3697 651 3762 Ad
675 3703 804 3784 portam
820 3698 983 3764 ecclesiae
998 3718 1099 3783 quum
1116 3703 1253 3764 rentum
1270 3699 1344 3776 erit,
1361 3697 1510 3766 ctericus
1528 3701 1665 3780 tertius.

434 3805 594 3870 subsistet
616 3807 649 3870 in
672 3806 786 3870 limine
808 3812 936 3892 portae,
960 3805 1108 3871 humeris
1132 3807 1238 3872 versis
1261 3803 1302 3870 ad
1325 3805 1494 3892 ipsamet
1520 3807 1666 3896 imagine

435 3911 593 3979 crncifixi
616 3932 780 3980 conversa
802 3912 843 3977 ad
870 3913 1114 3979 Celebrantem.
1223 3899 1226 3906 ¹

521 4021 574 4086 46.
598 4021 780 4088 Gelebrans
802 4019 941 4088 accedet
961 4020 1003 4086 ad
1026 4021 1166 4088 abacum
1188 4022 1232 4088 ibi
1248 4026 1495 4108 praeparatum,
1516 4025 1576 4110 qui
1601 4025 1667 4092 erit

434 4133 523 4196 inter
546 4133 652 4216 ipsum
676 4140 710 4196 et
735 4130 887 4196 Crucem.
1706 4131 1709 4140 '

521 4242 574 4304 47.
600 4241 636 4304 ln
660 4260 699 4304 eo
723 4239 798 4304 loco
822 4247 920 4324 caput
946 4240 1082 4305 nudabit
1107 4240 1224 4316 bireto,
1250 4239 1337 4324 qnod
1361 4237 1476 4306 tradet
1513 4237 1665 4310 secundo

431 4349 566 4424 cleric0;
591 4350 646 4414 hic
668 4351 807 4434 accipiet
832 4348 916 4414 illud
953 4371 1027 4415 cum
1065 4349 1188 4415 osculis
1224 4351 1392 4415 consuetis
1426 4355 1461 4414 et
1498 4361 1607 4438 ponet
1631 4353 1663 4418 in

434 4455 546 4520 abaco.

520 4565 572 4628 48.
598 4567 722 4631 lunctis
746 4565 896 4630 manibus
913 4587 956 4632 ex
972 4567 1100 4634 blissali
1117 4568 1223 4653 posito
1240 4568 1272 4631 in
1289 4565 1383 4652 legili
1399 4565 1559 4634 recitabit
1576 4587 1660 4634 voce

431 4677 642 4740 conuenienti
667 4675 839 4743 Dominus
871 4677 1103 4745 vobiscumet
1136 4677 1317 4741 orationem
1353 4672 1522 4759 triplicem
1562 4695 1663 4766 super
