4175 5717
524 681 587 748 144
985 693 1052 751 nra.
1073 705 1095 751 1.

430 810 463 875 in
486 810 552 876 alio
576 810 688 877 Altari
710 815 771 878 aut
792 832 810 878 e
835 814 970 897 regione
1002 817 1062 878 aut
1089 813 1123 877 in
1154 817 1334 898 conspectu
1363 812 1460 879 fieret
1492 813 1648 892 elevatio,

429 918 484 984 vel
508 918 711 986 communio,
725 918 933 992 adstantibus
958 921 1216 997 ministraretur,
1241 920 1369 986 nullam
1393 921 1464 986 eius
1488 922 1538 987 rei
1553 927 1651 1008 geret

432 1047 557 1104 curam,
582 1027 639 1092 sed
663 1032 779 1113 perget
803 1028 898 1112 fungi
921 1026 1029 1094 officio
1059 1047 1120 1093 suo
1151 1028 1278 1093 etiamsi
1309 1048 1349 1093 eo
1378 1034 1527 1114 tempore
1560 1035 1652 1096 stara

431 1134 577 1201 deberet.

520 1244 573 1309 43.
601 1243 725 1309 Caveat
747 1261 789 1308 ne
814 1261 959 1326 unquam
983 1243 1133 1308 manibus
1148 1244 1320 1327 multoque
1336 1245 1443 1309 minus
1459 1244 1578 1311 cubitis
1595 1243 1653 1310 Al-

429 1353 493 1417 tori
518 1350 696 1426 incumbat,
721 1351 783 1415 etsi
808 1347 1099 1435 genuflectendum
1116 1352 1169 1427 sit;
1187 1370 1229 1415 ne
1246 1349 1411 1415 tobaleam
1427 1352 1577 1435 inquinet
1591 1355 1651 1416 aut

432 1459 578 1525 maculet
592 1459 746 1544 gossypio
763 1462 879 1522 cerato
895 1477 996 1540 quum
1015 1457 1181 1534 candelas,
1195 1456 1364 1533 accendet,
1377 1463 1437 1523 aut
1451 1459 1539 1535 vino,
1551 1477 1654 1542 quum

433 1566 631 1632 Celebrante
654 1564 871 1641 minist-rabit3
896 1565 1063 1630 instauret
1086 1563 1252 1640 candelas,
1277 1565 1303 1629 si
1327 1563 1422 1629 faede
1445 1564 1486 1629 ab
1510 1565 1550 1631 iis
1573 1584 1653 1631 cera

432 1671 603 1749 deflueret
620 1692 661 1738 ne
678 1672 790 1759 pulset
813 1671 1043 1758 campanulum
1060 1670 1100 1736 ad
1118 1673 1304 1757 Trisagium
1322 1677 1356 1737 et
1370 1671 1411 1736 ad
1427 1671 1651 1739 elevationem
1667 1738 1669 1746 ,

430 1802 531 1872 quum
553 1781 587 1845 in
605 1780 756 1846 Ecclesia
772 1781 874 1846 Missa
889 1786 1024 1845 cantata
1041 1778 1277 1856 celebrabitur,
1294 1779 1350 1844 vel
1366 1799 1466 1864 quum
1483 1781 1651 1866 processio

432 1890 544 1972 aliqua
566 1908 626 1974 per
649 1886 835 1954 Ecclesiam
859 1885 926 1968 fiet,
951 1893 988 1952 ut
1012 1888 1046 1951 in
1071 1887 1157 1952 sesto
1181 1884 1427 1952 Purificationis
1450 1887 1554 1953 Beata
1577 1888 1655 1955 Vir·

435 1998 530 2081 ginis,
556 1998 590 2061 in
613 1995 782 2061 Dominica
805 1995 997 2060 Palmarum
1021 2001 1056 2060 et
1079 1994 1251 2071 similibus;
1286 1995 1362 2059 item
1397 2015 1498 2078 quum
1533 1994 1652 2062 Glerus

433 2104 555 2169 incedit
571 2102 613 2168 ad
629 2104 767 2168 chorum
784 2108 844 2167 aut
859 2104 1045 2168 revertitur
1063 2104 1096 2166 in
1115 2102 1313 2179 sacrarium,
1331 2108 1365 2167 et
1381 2102 1535 2168 similiter
1550 2122 1652 2188 quum

433 2212 613 2278 celebrans
637 2230 712 2276 cnm
735 2211 897 2276 Ministris
920 2215 955 2275 et
969 2210 1137 2295 acolythis
1154 2209 1304 2295 procedit
1318 2209 1359 2274 ad
1376 2209 1495 2275 Altare
1512 2210 1650 2277 Sacrum

432 2319 578 2385 solemne
602 2325 810 2405 operaturus,
834 2322 893 2382 aut
916 2323 1074 2401 operatus
1098 2316 1138 2382 ab
1162 2316 1223 2382 illo
1246 2316 1393 2382 discedit.

519 2428 571 2491 44.
598 2426 631 2491 Si
655 2428 690 2490 in
715 2426 868 2491 Ecclesia
891 2425 1079 2510 expositum
1096 2426 1139 2496 sit
1155 2423 1211 2490 SS.
1229 2424 1480 2490 Sacramentum
1498 2445 1564 2490 non
1580 2424 1653 2509 pul·

430 2536 516 2601 sebit
531 2535 762 2620 campanulam
778 2533 820 2598 ad
836 2533 1026 2617 'l'risagium
1044 2532 1208 2616 nequead
1224 2531 1456 2608 elevationem,
1474 2531 1532 2598 sed
1550 2552 1651 2598 unum

429 2649 560 2710 tantum
582 2644 740 2709 tinnitum
765 2641 805 2707 de
829 2640 1026 2726 campanula
1050 2641 1188 2705 sacrarii
1211 2659 1254 2703 ex
1285 2641 1354 2725 ipso
1389 2638 1564 2723 egrediens
1595 2659 1653 2705 ex·

431 2752 555 2826 citabit,
580 2756 618 2816 nt
640 2751 771 2834 signum
795 2749 916 2814 Missae
939 2746 980 2812 ad
1005 2747 1162 2832 populum
1186 2744 1253 2811 fiat.
1396 2751 1398 2754 ’

519 2858 571 2923 45.
596 2859 633 2922 ln
657 2858 757 2923 Missa
790 2876 850 2941 pro
884 2854 1060 2930 defunctio,
1094 2855 1303 2920 reverentiae
1334 2853 1463 2938 quidem
1498 2856 1651 2941 superius

433 2971 566 3032 notatae
593 2965 782 3032 Celebranti
805 2961 901 3038 fiunt,
926 2962 984 3028 sed
1006 2962 1103 3027 nulla
1120 2962 1235 3027 oscula
1250 2960 1400 3047 figuntur
1415 2962 1571 3048 ampullis
1591 2967 1653 3029 aut

430 3075 505 3140 aliis
530 3075 638 3150 rebus,
663 3093 746 3157 quae
769 3072 1003 3136 ministrantur
1026 3070 1082 3134 vel
1106 3071 1314 3156 accipiuntur
1336 3069 1376 3134 ab
1401 3070 1480 3155 ipso.

520 3182 573 3246 46.
599 3180 632 3246 Si
656 3182 767 3256 Missa,
786 3180 840 3244 cui
856 3179 1008 3253 inservit,
1025 3177 1217 3244 celebretur
1233 3180 1267 3242 in
1283 3177 1394 3242 Altari
1412 3179 1445 3243 in
1461 3198 1526 3262 quo
1542 3178 1652 3265 palam
1711 3169 1714 3176 ’

434 3292 620 3377 expositum
644 3290 688 3354 sit
711 3288 768 3353 SS.
787 3287 1049 3362 Sacramentum,
1071 3286 1269 3351 documenta
1285 3305 1369 3369 quae
1385 3292 1581 3369 sequuntur,
1598 3287 1654 3353 ob·

432 3399 589 3464 servabit.
621 3397 657 3460 ln
691 3415 827 3461 accessu
858 3393 899 3459 ad
930 3395 1048 3460 Altare
1073 3401 1107 3459 et
1130 3396 1162 3458 in
1188 3393 1296 3459 reditu
1326 3395 1367 3460 ab
1398 3395 1467 3479 ipso
1498 3393 1652 3480 genufle-

432 3509 532 3572 xione
556 3504 680 3589 duplici
703 3505 773 3568 sive
797 3506 939 3585 utroque
955 3522 1053 3587 genu,
1071 3507 1195 3567 utetur:
1214 3502 1360 3586 reliquas
1377 3523 1489 3569 omnes
1506 3501 1653 3589 genufle-

433 3616 560 3688 xiones,
585 3617 656 3676 toto
680 3612 800 3676 Missae
824 3616 983 3696 tempore,
1007 3630 1075 3675 uno
1104 3617 1234 3676 tantum
1265 3631 1353 3695 genu
1384 3609 1546 3677 conficiet:
1577 3612 1653 3676 sim·

434 3722 511 3808 plici
536 3716 778 3804 genuflexione,
803 3719 873 3783 sive
897 3738 963 3782 uno
987 3724 1116 3784 tantum
1141 3739 1229 3804 genu
1253 3726 1369 3785 utetur
1392 3741 1492 3804 quum
1514 3720 1554 3784 ad
1587 3719 1651 3785 al-

434 3836 506 3893 tare
530 3826 666 3892 accedet
688 3846 707 3890 a
731 3825 848 3901 latere,
873 3830 911 3890 ut
934 3845 986 3890 ex.
1011 3846 1042 3910 g.
1067 3847 1167 3910 quum
1190 3823 1307 3892 afferet
1322 3827 1487 3914 ampullas
1502 3836 1565 3922 etc:
1583 3848 1650 3894 non

433 3933 683 4001 deosculabitur
706 3952 759 3997 res
785 3952 868 4016 quae
893 3932 1084 3998 celebranti
1107 3935 1258 4020 porriget
1279 3935 1336 3998 vel
1358 3935 1398 4000 ab
1415 3937 1485 4021 ipso
1501 3937 1649 4022 recipiet:

435 4043 615 4108 celebrans
639 4060 754 4104 manus
779 4040 905 4105 lavabit
928 4046 1026 4105 extra
1050 4040 1168 4106 altare
1191 4041 1276 4107 facie
1307 4042 1348 4107 ad
1379 4043 1537 4130 populum
1567 4063 1650 4109 con-

433 4170 540 4224 versa,
566 4146 746 4213 etidcirco
769 4148 923 4213 Minister
946 4147 1122 4214 adversum
1146 4150 1251 4233 ipsum
1275 4170 1347 4215 sese
1371 4153 1475 4217 sistet:
1500 4151 1540 4217 ad
1572 4152 1650 4216 Tri-

328 4243 331 4248 ⁴
436 4259 561 4342 sagium
586 4262 620 4321 et
643 4255 684 4319 nd
707 4255 928 4321 elevationem
954 4256 1184 4341 campanulam
1207 4257 1338 4323 minime
1362 4260 1517 4344 pulsabit.

522 4366 573 4428 47.
599 4363 801 4439 Quibusdam
825 4365 903 4428 anni
926 4365 1023 4430 statis
1047 4363 1161 4428 diebus
1184 4366 1327 4429 animum
1351 4367 1507 4433 advertet
1535 4369 1576 4433 ad
1604 4368 1650 4435 di-

437 4472 603 4546 scrimina,
627 4492 711 4555 quae
734 4473 768 4536 in
791 4472 855 4537 hoc
889 4472 1072 4538 ministerio
1106 4491 1284 4539 occurrere
1318 4483 1466 4560 possunt,
1500 4497 1651 4562 quaeque

436 4579 511 4643 heic
533 4578 681 4644 breviter
705 4580 900 4643 innuuntur.
