4175 5717
935 960 1108 1009 arreuurx
1135 963 1155 1008 ι.
1497 948 1562 1013 203

527 1069 689 1146 Umbella,
712 1089 797 1155 quae
820 1091 921 1157 super
943 1072 1063 1137 ditare
1085 1078 1230 1158 ponitur,
1255 1073 1399 1157 undique
1428 1075 1498 1140 late
1526 1082 1649 1161 pateat,

435 1179 481 1241 ita
505 1183 543 1242 ut
566 1177 684 1243 Altare
707 1179 822 1264 ipsum,
845 1189 881 1244 et
904 1179 1066 1246 Sacerdos
1095 1180 1139 1245 ibi
1163 1180 1337 1246 celebrans
1368 1184 1501 1248 omuino
1532 1189 1650 1249 conte-

434 1292 568 1367 gantur,
592 1305 656 1369 qua
680 1285 749 1362 ille,
785 1294 819 1351 et
841 1286 960 1353 Altare
990 1288 1184 1374 apulvere,
1218 1289 1371 1372 omnique
1395 1289 1520 1356 labenti
1552 1289 1649 1356 sorde

433 1389 665 1468 defendantur,
689 1392 731 1457 ab
764 1391 874 1459 Altari
898 1401 1007 1461 tamen
1039 1395 1160 1460 decore
1190 1395 1289 1472 elata,
1322 1402 1360 1459 ut
1389 1396 1490 1461 facile
1520 1416 1649 1480 quoque

435 1503 571 1588 purgari
596 1510 704 1585 queat.

528 1608 680 1677 Umbella
701 1612 773 1677 alia
796 1631 880 1695 quae
896 1611 1050 1678 defertur
1065 1633 1166 1698 super
1190 1612 1247 1678 SS.
1266 1612 1509 1678 Eucharistiam
1527 1614 1560 1678 in
1577 1631 1651 1698 pro·

434 1717 647 1795 cessionibus,
673 1719 817 1803 undique
840 1719 964 1788 habere
987 1719 1086 1786 debet
1100 1726 1256 1784 ornatum
1273 1719 1453 1805 duplicium
1470 1719 1649 1785 fasciarum

433 1843 516 1910 quae
540 1824 712 1891 duodecim
736 1828 872 1892 circiter
895 1829 1001 1893 unciis
1017 1827 1118 1913 longe
1134 1826 1309 1913 pendeant,
1326 1827 1430 1910 iisque
1446 1825 1558 1891 fasciis
1574 1846 1652 1892 nnn-

433 1937 528 1997 sutae
552 1933 619 1997 sint
641 1932 682 1998 ab
706 1936 793 1998 omni
816 1941 912 2019 parte
935 1932 1082 2000 fimbriae
1107 1954 1181 1999 cum
1198 1931 1386 1998 flilamentis
1400 1934 1479 2000 satis
1496 1932 1651 2019 prolixis,
1765 1923 1768 1928 ’

433 2037 554 2104 hastile
577 2041 747 2105 inseratur
768 2042 858 2106 inter
881 2047 1057 2125 atramque
1080 2042 1228 2115 fasciam,
1252 2039 1338 2124 quod
1369 2046 1459 2106 recta
1475 2039 1651 2126 ,extendat

432 2143 542 2211 latera
566 2146 747 2223 Umbellae,
765 2147 900 2213 hastilia
923 2150 1001 2213 item
1025 2151 1114 2233 picta
1137 2147 1270 2234 paribus
1294 2149 1383 2212 iuter
1406 2166 1442 2212 se
1466 2148 1580 2232 spatiis
1605 2147 1651 2212 di·

433 2254 567 2340 sposita,
592 2254 708 2337 quibus
732 2254 793 2320 iila
815 2255 901 2326 tolli,
926 2263 961 2321 et
982 2257 1109 2340 gestari
1132 2256 1246 2340 possit,
1270 2262 1414 2337 quatuor
1433 2253 1574 2339 plurave
1590 2274 1650 2339 pro

433 2361 579 2446 eJusdem
605 2363 776 2428 Umbellae
799 2363 1026 2449 magnitudine
1049 2368 1288 2449 supponantur;
1312 2360 1407 2427 color
1422 2368 1533 2427 autem
1554 2361 1651 2428 albus

433 2471 591 2534 moverit
622 2470 700 2536 huic
731 2471 912 2547 Umbellam
948 2478 982 2536 et
1012 2472 1098 2535 haec
1120 2469 1160 2535 de
1183 2467 1417 2555 Suppellactili
1452 2487 1557 2544 sacra,
1589 2488 1650 2536 seu

435 2577 705 2642 ministerialiad
731 2597 936 2644 communem
960 2579 1105 2644 Missam.

522 2682 605 2758 Quia
628 2705 709 2750 vero
732 2705 833 2772 supra
856 2687 1062 2751 meminimus
1098 2683 1341 2771 Episcopalium
1370 2682 1650 2760 indumentorum,

433 2793 604 2857 occasione
627 2791 704 2857 data
727 2793 762 2857 in
787 2793 922 2868 Missaii;
948 2813 1015 2858 uon
1037 2794 1104 2857 erit
1126 2791 1185 2856 abs
1208 2811 1256 2867 re,
1288 2792 1315 2855 si
1338 2791 1402 2856 boc
1433 2791 1508 2856 loco
1546 2790 1650 2858 adda-

434 2917 506 2962 mus
537 2899 727 2964 eorumdem
758 2900 1027 2965 indumentorum
1059 2900 1209 2970 formam,
1236 2905 1271 2963 et
1305 2917 1504 2974 mensuram,
1535 2896 1651 2962 ordine

433 3012 577 3081 servato,
602 3027 667 3090 quo
691 3007 935 3073 eadem-induit
958 3008 1151 3093 Episcopus.

416 3185 419 3208 Ε
525 3112 666 3198 Celipae
688 3116 735 3179 ita
758 3115 879 3200 longae
902 3115 1024 3180 debent
1054 3134 1136 3191 esse,
1161 3119 1327 3197 utusque
1356 3111 1397 3177 ad
1431 3131 1541 3197 genua
1571 3131 1653 3197 pro-

416 3215 548 3284 ¹tensae
572 3220 685 3307 ligulis
708 3224 742 3286 in
766 3242 806 3287 ea
829 3229 923 3309 parte
946 3222 1210 3307 adstringantur.

522 3327 699 3404 Scedeba,
724 3349 783 3396 sen
816 3330 932 3397 Calact
961 3349 980 3395 e
1009 3331 1103 3395 solea
1136 3331 1268 3413 integra
1298 3326 1415 3393 subtus
1444 3332 1608 3404 constent,
1632 3347 1652 3391 a

432 3442 527 3521 parte
550 3443 661 3502 autem
685 3439 848 3524 superiori
872 3444 1001 3514 ornata,
1026 3445 1062 3503 et
1084 3457 1127 3501 ex
1150 3437 1259 3501 serico
1288 3453 1398 3521 panno
1424 3433 1554 3502 leviori.
1586 3453 1652 3518 quo

434 3551 469 3608 et
494 3543 638 3628 Caligae,

527 3649 716 3728 Taaicelbt
733 3660 768 3719 et
790 3653 986 3719 Dalmatica
1008 3652 1224 3738 amplioribus
1247 3650 1393 3725 manicis,
1409 3667 1506 3732 quam
1530 3648 1653 3715 Diaco-

433 3758 531 3834 nalis,
555 3764 590 3824 et
612 3779 656 3824 ex
690 3759 803 3826 eadem
837 3762 976 3825 materia
1006 3779 1071 3843 qua
1102 3757 1237 3842 Caligae
1266 3761 1431 3830 constent,
1462 3754 1653 3840 longeest

434 3865 524 3931 latae
547 3868 624 3942 sint,
648 3872 686 3932 ut
710 3866 750 3932 de
774 3866 957 3932 Dalmatica
979 3865 1151 3931 Diaconali
1179 3864 1333 3930 diximus.

525 3974 750 4041 Gbiretbecae
779 3974 901 4039 debent
923 3993 995 4039 esse
1018 3979 1206 4047 contextae,
1232 3979 1266 4038 et
1289 3970 1417 4036 circulo
1441 3989 1544 4035 aureo
1568 3970 1652 4034 insi-

435 4081 546 4165 gniter
569 4083 603 4146 in
626 4089 777 4147 extrema
800 4088 895 4168 parte
918 4087 1067 4147 ornatae.
1185 4113 1189 4136 ι

523 4188 746 4258 Subbiretum
768 4192 906 4258 mitrale
930 4191 1058 4255 lormae
1083 4188 1246 4254 rotundae
1269 4189 1313 4252 sit
1336 4205 1402 4251 nen
1433 4185 1625 4271 quadratae.

523 4299 634 4365 Mitra
657 4300 834 4384 pretiosior
857 4319 875 4363 e
899 4300 1006 4362 serico
1029 4317 1112 4363 auro
1136 4299 1275 4368 intexta,
1299 4295 1445 4379 gemmis,
1460 4302 1495 4359 et
1517 4313 1652 4378 marga-

436 4408 518 4482 ritis,
542 4426 686 4492 acusque
710 4426 808 4492 opere
825 4413 953 4470 ornata.
977 4406 1097 4469 Altera
1120 4404 1373 4489 auriphrygiata
1404 4403 1474 4466 sine
1502 4403 1653 4486 gemmis,

435 4516 506 4579 sine
529 4514 661 4578 laminis
684 4516 805 4588 aureis,
830 4513 884 4578 vel
909 4514 1086 4597 argenteis
1104 4511 1161 4576 sed
1178 4510 1232 4575 vel
1249 4509 1415 4594 aliquibus
1431 4510 1542 4595 parvis
1567 4528 1655 4573 mar·

434 4622 551 4706 garitis
574 4623 764 4708 composita,
789 4621 842 4686 vel
868 4641 910 4686 ex
940 4620 1016 4685 albo
1040 4621 1147 4685 scrico
1172 4637 1256 4683 auro
1287 4618 1490 4693 intermixta
1523 4616 1578 4681 vel
1608 4635 1652 4681 ex

436 4729 506 4794 tela
527 4749 631 4794 aurea
654 4729 791 4815 simplici
815 4732 886 4794 sine
902 4729 1042 4803 laminis,
1060 4727 1116 4791 vel
1132 4726 1330 4812 margaritis.
1348 4724 1461 4789 Tertia
1477 4725 1548 4789 sine
1568 4742 1652 4789 auro

437 4858 479 4902 ex
503 4838 642 4923 simplici
666 4840 774 4901 serico
796 4836 1002 4902 damasceno.
1028 4836 1081 4898 rei
1107 4833 1183 4900 alio.
1208 4842 1266 4897 aut
1289 4834 1387 4896 etiam
1405 4832 1505 4904 linea,
1523 4849 1565 4896 ex
1582 4829 1651 4895 teia
