4175 5717
576 693 641 760 248
1028 707 1092 757 an.
1118 709 1152 760 n.

580 821 629 887 10.
655 819 776 886 Cereus
793 819 963 885 Paschalis
980 821 1183 904 regulariter
1199 820 1427 887 accendendus
1442 825 1532 887 esset
1546 819 1580 887 in
1596 819 1701 886 Missa

490 934 524 993 et
546 928 703 1013 Vesperis
727 926 927 991 solemnibus
950 927 1057 991 tribus
1081 927 1252 993 Paschatis
1276 927 1400 1005 diebus,
1431 929 1465 992 in
1495 927 1634 994 sabbato
1664 927 1699 992 in

491 1037 583 1112 albis,
609 1039 641 1101 in
665 1036 841 1100 Dominicis
865 1043 898 1100 et
921 1037 955 1099 in
977 1035 1064 1100 festo
1089 1036 1307 1112 Ascensionis,
1324 1035 1595 1121 quemadmodum
1610 1033 1704 1101 dein·

491 1165 566 1230 ceps
591 1143 769 1210 docebitur.
794 1143 831 1206 ln
854 1143 929 1206 aliis
951 1142 1044 1207 fest-is
1070 1145 1103 1207 in
1126 1144 1190 1209 hoc
1212 1150 1339 1229 tempus
1355 1141 1589 1222 ¹incidentibus
1619 1139 1704 1206 licet

491 1251 691 1316 solemnibus
716 1269 779 1313 non
803 1250 1013 1326 accendetur,
1046 1251 1109 1315 nisi
1139 1253 1249 1336 vigeat
1280 1252 1448 1315 contraria
1482 1247 1701 1316 consuetudo.

490 1361 540 1424 lta
563 1357 691 1443 quidem
715 1358 832 1422 statuit
856 1357 887 1422 S.
913 1357 946 1422 Ο.
972 1357 1107 1422 Rituum
1132 1357 1183 1423 die
1209 1358 1258 1423 19.
1282 1358 1360 1422 Maii
1385 1357 1480 1424 1607.
1503 1360 1536 1423 in
1553 1357 1705 1424 Placen-

488 1468 559 1532 tina
582 1463 656 1530 dub.
683 1463 732 1529 13.
757 1464 870 1549 Vulgo
892 1469 1003 1530 tamen
1027 1464 1115 1530 solet
1145 1464 1279 1531 accendi
1307 1466 1405 1531 etiarn
1435 1465 1469 1529 in
1499 1463 1572 1532 aliis
1605 1465 1705 1532 iestis

489 1593 541 1638 ex.
565 1591 615 1656 gr.
641 1571 689 1638 Se.
714 1571 857 1656 Philippi
881 1577 915 1636 et
937 1571 1056 1646 lucebi,
1088 1572 1293 1637 inventionis
1324 1571 1356 1638 S.
1380 1571 1515 1668 Crucis,
1546 1571 1702 1650 Patroni,

490 1679 649 1746 Titularis
678 1684 713 1743 et
741 1679 959 1744 anniversarii
989 1677 1221 1756 Dedicationis,
1252 1679 1280 1743 si
1309 1679 1342 1742 in
1373 1683 1503 1764 tempus
1533 1677 1705 1745 Paschale

488 1786 644 1852 incidant.

580 1895 629 1957 ll.
654 1892 747 1968 Quod
770 1894 891 1958 attinet
913 1892 954 1959 ad
977 1893 1204 1978 processiones
1228 1893 1432 1958 litaniarum
1456 1893 1622 1958 maiorum
1637 1891 1707 1958 mi-

490 2020 681 2084 norumque,
705 1999 910 2066 describetur
932 2000 1086 2085 capitulis
1111 1999 1322 2083 sequentibus
1346 2019 1460 2064 earum
1484 1999 1582 2066 ritus.
1610 1997 1707 2064 Illud

489 2113 617 2172 tantum
643 2107 830 2184 notandum,
855 2105 941 2191 quod
964 2109 997 2171 in
1027 2107 1128 2172 blissa
1158 2106 1260 2171 leriae
1290 2125 1356 2170 non
1387 2109 1438 2172 est
1468 2105 1707 2172 accendendus

489 2214 612 2279 Cereus
635 2213 810 2300 paschalis,
834 2212 991 2297 siquidem
1015 2211 1156 2278 officium
1180 2218 1231 2278 est
1253 2212 1382 2289 feriale;
1406 2213 1470 2278 nisi
1495 2212 1587 2278 ferte
1619 2231 1708 2279 con-

486 2321 627 2388 suetudo
650 2323 818 2387 contraria
841 2327 975 2407 recepta
999 2322 1052 2388 sit.

487 2641 538 2699 DE
558 2639 894 2700 PROCESSIONIBUS
918 2640 1111 2698 MAIORUM
1138 2639 1411 2714 MINORUMQUE
1438 2637 1704 2698 LITANIARUM

947 2946 1089 3013 CAPUT
1114 2946 1238 3012 XXIX.

491 3180 518 3245 l.
544 3103 817 3252 processiones
840 3180 1046 3244 Litaniarum
1069 3181 1228 3244 maiorum
1256 3179 1471 3245 celebrantur
1499 3178 1552 3244 die
1585 3179 1705 3248 XXV.

488 3286 622 3372 Aprilis3
647 3293 682 3351 at
704 3288 731 3351 si
755 3288 788 3350 in
811 3287 907 3351 illum
930 3286 1015 3351 diem
1038 3287 1169 3353 Pascha
1191 3285 1360 3364 incideret,
1386 3286 1581 3352 referentur
1595 3287 1640 3354 ad
1658 3289 1706 3356 fe·

487 3396 569 3457 riam
593 3394 647 3457 Ill.
672 3400 871 3477 sequentem:
896 3394 1023 3459 alterae
1047 3401 1158 3459 autem
1183 3395 1344 3459 minorum
1368 3394 1575 3459 Litaniarum
1605 3394 1704 3462 cele-

488 3501 628 3578 brantur
650 3503 684 3566 in
706 3502 813 3567 tribus
836 3501 949 3568 diebus
972 3506 1050 3566 ante
1074 3503 1318 3578 Ascensionem,
1351 3500 1507 3567 videlicet
1537 3502 1573 3566 in
1604 3501 1700 3570 feriis

488 3609 526 3672 ll.
551 3609 606 3672 ΙΙΙ.
630 3614 664 3674 et
687 3609 744 3675 IV.
769 3615 841 3694 post
863 3611 1009 3693 quintam
1033 3630 1053 3673 a
1077 3609 1207 3675 Pascha
1230 3592 1443 3675 Dordiuicam.

574 3717 606 3782 2.
631 3717 737 3792 Quum
760 3715 833 3782 fluis
856 3718 954 3783 huius
978 3718 1095 3803 operis,
1126 3717 1395 3801 quemadmodum
1426 3719 1459 3781 in
1488 3717 1698 3804 praefatione

486 3823 692 3890 declaratum
715 3831 775 3900 est,
800 3826 843 3888 sit
866 3825 1027 3910 regulam,
1052 3824 1159 3908 quoad
1182 3822 1253 3889 fieri
1277 3826 1390 3911 possit,
1415 3831 1607 3890 accuratam
1631 3829 1698 3891 tra-

487 3931 566 3998 dere
589 3934 732 3996 umnium
756 3951 924 3997 sacrarum
952 3931 1170 4008 functionum,
1200 3931 1283 3996 nihil
1315 3930 1514 3998 disseremus
1545 3931 1586 3998 de
1617 3931 1698 3997 illa·

430 4069 433 4074 ·
488 4059 560 4104 rum
584 4040 709 4123 origine
737 4059 798 4104 nec
828 4057 892 4122 qua
921 4041 1049 4103 ratione
1081 4041 1221 4103 maiores
1251 4040 1437 4105 minoresve
1471 4038 1718 4126 appellentur..

488 4146 575 4212 Satis
598 4148 662 4211 erit
685 4152 813 4210 tanturn
836 4165 979 4222 monere,
1003 4145 1090 4229 quod
1114 4147 1253 4211 maiores
1272 4147 1393 4224 maiori,
1411 4148 1555 4212 minores
1577 4147 1698 4212 minori

489 4255 701 4320 celebrantur
725 4252 947 4318 solemnitate.

574 4363 604 4428 3.
630 4363 665 4426 ln
689 4362 815 4426 Rituali
838 4360 985 4425 Romano
1007 4362 1107 4426 titulo
1139 4362 1182 4428 dc
1211 4359 1497 4429 processionibus
1529 4361 1698 4447 praescri-

486 4469 611 4536 buntur
634 4469 771 4554 regulae
794 4487 852 4553 pro
876 4466 996 4532 decora
1017 4488 1057 4534 ac
1080 4468 1208 4534 decenti
1226 4469 1433 4534 functionum
1451 4468 1589 4534 ratione:
1606 4467 1698 4534 hunc

487 4578 622 4641 titulum
645 4578 821 4642 consulere
836 4577 959 4661 poterit
974 4576 1092 4652 lector,
1109 4576 1164 4659 qui
1180 4581 1316 4661 cuperet
1331 4576 1383 4641 his
1399 4574 1439 4640 de
1456 4574 1556 4641 rebus
1573 4573 1696 4640 doceri.
