4175 5717
981 959 1054 1012 ote.
1074 956 1111 1013 v.
1515 941 1559 1014 69

434 1073 504 1144 met
523 1069 702 1138 αι’-666666
721 1070 922 1146 Uelabrenti
946 1071 1079 1138 Interea
1100 1069 1178 1137 dum
1202 1070 1366 1139 Sacerdos
1394 1072 1520 1140 boemo
1541 1072 1646 1139 ‹obla-

434 1179 560 1246 tionem
581 1183 730 1266 peraget.
757 1183 867 1244 sumet
887 1177 1031 1265 pixidem
1058 1197 1195 1264 eamque
1216 1198 1238 1245 a
1257 1179 1366 1246 latere
1388 1184 1536 1267 patenae·
1549 1179 1646 1246 aucte

433 1284 532 1354 nebit
548 1283 759 1352 et-mnden
770 1283 1068 1370 altitudinemque
1083 1285 1263 1352 Gelebmne
1287 1292 1440 1372 patenam
1452 1286 1646 1363 elevaverit,

431 1397 469 1459 et
490 1397 629 1479 peracta
650 1392 827 1469 oblatione,
851 1393 997 1478 imponet
1012 1391 1155 1477 pixidem
1178 1392 1345 1479 corporali
1368 1393 1402 1460 in
1417 1392 1524 1482 medic
1546 1394 1594 1460 itt
1609 1398 1647 1468 ut

431 1500 476 1566 rit
498 1497 726 1585 pertualieem
741 1505 777 1566 et
791 1498 950 1585 operculo
972 1500 1141 1586 cooperiet
1167 1517 1241 1566 enm
1263 1497 1322 1586 (a).
1344 1498 1468 1568 Deinde
1485 1506 1554 1568 taut
1568 1499 1647 1565 Dia-

433 1613 664 1691 nae-quam
682 1605 864 1674 Celebrant
887 1612 1132 1693 persequentur
1145 1608 1294 1676 actiones
1308 1605 1648 1694 capitepraecedenti

433 1718 579 1791 nonus,
601 1713 658 1780 ubi
678 1715 791 1801 agitur
813 1714 854 1780 de
877 1714 995 1780 ritibus
1019 1715 1054 1780 in
1076 1715 1178 1781 Missa
1200 1715 1341 1782 solemni
1362 1715 1545 1784 servandiet
1573 1743 1598 1760 ··

520 1820 741 1908 enitemur
774 1822 931 1890 tremuit
957 1821 1000 1888 ad
1029 1821 1239 1890 Gelebrantls
1268 1822 1441 1890 dexteram
1468 1833 1569 1908 quum
1592 1822 1647 1889 bic

435 1930 717 2000 nautis-verba
739 1930 852 2004 Qum
872 1930 1081 1999 eumenen
1102 1936 1166 1997 etc.
1190 1931 1224 1997 in
1247 1928 1391 2007 (lenone,
1404 1929 1546 2017 pixidem
1561 1928 1648 1998 dex·-

434 2047 509 2107 tera
531 2045 648 2115 tumet,
672 2038 859 2105 admovebit
873 2037 914 2104 ad
938 2037 1175 2106 Oelebrantem
1197 2057 1299 2125 prope
1315 2037 1488 2126 dexterum
1508 2040 1590 2116 oium
1613 2044 1649 2105 et

435 2145 592 2214 umbe
612 2143 664 2210 illi
687 2144 892 2231 operculum,
916 2144 1003 2229 quod
1025 2164 1069 2210 ex
1092 2142 1207 2211 eedem
1229 2151 1325 2231 parte
1347 2151 1449 2231 ponet
1463 2150 1563 2213 extra
1577 2164 1650 2211 cor·

435 2251 562 2339 perula
583 2250 763 2319 advertens
785 2255 825 2318 ut
845 2248 966 2338 pixidis
981 2250 1096 2337 pedem
1112 2253 1250 2319 sinistra
1264 2254 1427 2319 euetiueat
1448 2250 1525 2320 dum
1548 2270 1649 2337 oper·

434 2357 515 2426 eolo
534 2357 670 2444 deteget
682 2377 766 2425 eam.
783 2359 905 2424 Postea
916 2356 1216 2425 dum-coneeoratio
1239 2365 1274 2426 et
1288 2359 1437 2427 elevatio
1457 2363 1648 2446 peragetur,

435 2464 652 2554 peniculablt.
747 2521 750 2526 .
1227 2543 1232 2558 ⁸

521 2572 556 2639 5.
579 2572 688 2650 Quum
712 2572 893 2639 Gelebrene
909 2578 984 2658 poet
997 2571 1220 2640 elevationem
1239 2573 1272 2640 St
1292 2573 1440 2640 Hostium
1463 2573 1652 2661 reposuerit

435 2699 476 2748 ac
497 2693 617 2747 rureue
639 2679 831 2746 adoraverit
853 2677 1097 2766 genuflexione,
1120 2681 1285 2750 Diaconos
1307 2687 1473 2767 assurget,
1507 2681 1668 2768 pixidem.

435 2786 595 2875 operculo
624 2789 744 2854 iterum
774 2788 951 2873 cooperiet
984 2793 1019 2853 et
1049 2786 1189 2853 dextere
1219 2795 1382 2874 sumptam
1416 2795 1555 2875 reponet
1584 2808 1650 2873 quo

436 2895 511 2962 loco
534 2900 634 2960 antee
656 2901 738 2971 erat.
762 2894 901 2961 calicem
923 2894 1014 2981 palla
1029 2893 1172 2981 deteget,
1188 2895 1361 2962 submittet
1375 2914 1493 2982 genua,
1514 2902 1549 2962 et
1570 2915 1648 2962 sues

435 3003 585 3070 actiones
608 3008 754 3094 peraget,
780 3001 816 3067 ut
839 3020 940 3089 supra
964 2997 1021 3089 (6).

524 3109 557 3177 6.
581 3112 800 3197 Posteaquam
825 3109 943 3178 Glerue
967 3130 1079 3198 pacem
1102 3112 1278 3199 acceperit,
1301 3111 1561 3182 communicandi
1591 3132 1650 3181 ca-

436 3220 504 3306 pite
526 3217 652 3286 nudato
674 3225 716 3285 at
731 3220 852 3286 iunctis
875 3218 1025 3286 manibus
1058 3218 1236 3286 devenient
1265 3220 1298 3286 in
1330 3218 1471 3290 medium
1500 3220 1650 3298 chorum,

437 3327 547 3412 ibique
575 3326 642 3393 bini
675 3325 925 3412 peniculebnut
954 3343 1056 3410 quum
1086 3325 1250 3392 Diaconue
1277 3327 1431 3393 recitabit
1466 3326 1648 3415 muer:

438 3431 524 3520 quod
546 3433 574 3500 ei
597 3432 842 3521 presbyterium
865 3432 1212 3498 communicandorum
1229 3450 1402 3499 numerum
1420 3451 1485 3498 uon
1504 3438 1649 3519 caperet,

439 3541 500 3632 lpel
522 3540 565 3608 ad
590 3539 763 3630 Confiteor
785 3560 845 3607 suo
868 3542 1005 3625 quisque
1027 3540 1102 3606 loco
1126 3540 1159 3605 in
1182 3539 1285 3606 choro
1308 3537 1556 3625 geniculebunt.

527 3649 558 3726 7.
582 3647 716 3736 Reliqui
727 3645 768 3718 de
778 3647 882 3718 choro
897 3648 931 3726 in
946 3649 1011 3716 ieta
1021 3654 1057 3715 et
1067 3648 1100 3714 in
1112 3647 1233 3715 celeria
1249 3647 1434 3716 actionibus
1448 3646 1585 3716 stabunt
1594 3645 1650 3744 (c).

481 3909 485 3914 ,
509 3849 554 3920 (ol
574 3846 742 3908 Ponendum
762 3863 829 3906 esee
848 3844 976 3920 pixidem
994 3852 1062 3918 poet
1079 3842 1203 3902 calicem
1221 3842 1384 3902 desumitur
1402 3861 1420 3902 e
1438 3842 1652 3914 caeremoniali

440 3937 654 4014 Bpiecoporum
671 3935 718 3996 lib.
736 3941 762 3993 2.
783 3951 847 4009 cap.
864 3937 899 3992 2⁹
917 3950 995 3994 num.
1013 3937 1039 4006 52

509 4027 578 4088 lion
596 4032 677 4086 essct
696 4023 905 4099 improbandus
923 4041 995 4082 usus
1013 4021 1140 4098 pixidem
1159 4021 1218 4082 alia
1236 4021 1312 4098 palla
1326 4020 1511 4094 contegenti,
1523 4038 1610 4098 quum
1624 4020 1653 4078 in

441 4115 525 4192 praxi
544 4115 658 4176 iaciliue
669 4114 708 4176 sit
719 4115 835 4189 pallam,
845 4131 932 4189 quam
951 4112 1123 4188 operculum
1137 4129 1303 4180 removere.
1316 4129 1353 4172 ea
1364 4128 1480 4188 quoque
1494 4110 1531 4170 de
1546 4127 1654 4172 caussa

440 4208 518 4284 qued
536 4205 656 4266 rubrica
675 4206 703 4265 id
721 4206 859 4265 insinuat
1613 4245 1617 4266 ,

458 4357 461 4362 .
507 4298 549 4369 (b)
569 4296 775 4371 Perpendatur
793 4293 948 4370 expressio
967 4293 1104 4354 rubricae
1118 4293 1175 4354 lut
1188 4292 1281 4352 celeb.
1293 4292 1377 4352 biles.
1391 4289 1654 4352 divulsione.

441 4407 457 4446 e
482 4386 634 4462 Repetite·
647 4385 751 4444 Hostia
774 4393 953 4458 consecrata¹
973 4402 1064 4458 super
1090 4384 1255 4458 corporale,
1281 4382 1452 4455 (sacerdos)
1476 4380 1654 4455 genutlaxue

441 4475 534 4552 ipsam
554 4484 722 4536 venaretur:
741 4474 766 4532 si
785 4474 861 4534 adsit
880 4492 932 4533 vas
949 4474 1074 4532 aliarum
1093 4474 1272 4538 Hostiarum.
1292 4479 1401 4546 patena
1419 4471 1466 4528 vel
1481 4469 1563 4545 palla
1581 4485 1655 4526 coo·

442 4564 527 4640 parit,
545 4572 578 4624 nt
596 4583 687 4640 supra
705 4584 730 4624 a.
750 4564 878 4639 ideoque
898 4562 993 4622 minue
1011 4573 1094 4626 recte
1114 4562 1224 4632 iaciunt
1245 4560 1424 4620 Sacerdotes
1437 4559 1485 4625 illi.
1497 4557 1545 4632 qui
1565 4574 1654 4630 repo·

440 4655 496 4716 vim
519 4655 625 4716 Hostia
646 4673 738 4730 super
761 4654 927 4729 corporale.
945 4653 1043 4712 statim
1070 4660 1232 4725 contegunt
1260 4650 1399 4726 pixidem,
1423 4655 1569 4722 reponunt
1588 4663 1654 4706 cem

441 4753 508 4824 μί
527 4746 667 4812 calcem
686 4755 790 4822 postea
808 4743 1020 4818 genuflectunt

512 4839 554 4910 (c)
572 4835 639 4898 Nou
658 4844 703 4896 ost
722 4833 940 4900 mirandumsi
964 4833 1019 4892 lroc
1046 4832 1110 4910 locq
1134 4832 1337 4891 contendimus
1363 4840 1495 4905 tcuiporu
1522 4830 1658 4890 Commu·
