4175 5717
520 657 584 726 168
968 677 1053 748 ⁴nna
1074 679 1095 728 1.

430 791 464 851 91
486 784 641 851 detrahet
663 784 694 848 ei
716 784 829 850 velum
851 784 1034 862 humerale,
1059 791 1130 852 tum
1166 792 1346 872 consurget
1379 805 1455 853 cum
1489 797 1540 865 eo,
1565 781 1653 854 sub-

429 892 556 959 levabit
577 891 629 956 illi
651 889 812 958 fimbriam
835 891 1008 959 dexteram
1031 891 1188 979 pluvialis
1212 913 1313 978 quum
1333 896 1505 962 incensum
1521 895 1654 962 inliciet

432 1003 465 1066 in
487 979 708 1076 thuribulum,
729 997 934 1085 genuflectet
955 1002 1077 1066 iterum
1100 1000 1142 1066 ad
1165 1001 1296 1068 laevem
1319 1002 1400 1079 eius,
1413 1008 1515 1088 atque
1538 1003 1655 1070 incen-

433 1110 519 1175 senti
544 1106 600 1173 SS.
626 1106 876 1174 Sacramentum
899 1110 1024 1174 rursus‘
1040 1106 1201 1174 fimbriam
1223 1108 1380 1195 pluvialis
1402 1109 1558 1177 elevabit.

522 1217 595 1282 193.
619 1214 669 1280 Ad
693 1223 811 1282 nutum
835 1216 1094 1284 caeremoniarii
1117 1223 1281 1302 assurget,
1305 1214 1573 1302 genuflexionem
1594 1217 1654 1285 du·

433 1326 552 1411 plicam
576 1325 609 1389 in
632 1325 732 1410 plano
755 1324 866 1401 faciet,
890 1325 925 1388 in
947 1323 1040 1390 aditu
1063 1323 1181 1390 sacelli
1204 1325 1342 1410 recipiet
1370 1324 1535 1412 biretum,¹
1548 1331 1653 1414 ceput

432 1435 560 1519 operiet
582 1438 617 1498 et
639 1431 796 1518 procedet
819 1431 860 1498 ad
883 1433 1068 1498 sacrarium
1097 1433 1326 1498 sinistrorsum
1351 1431 1574 1511 Gelebrautis,
1596 1433 1652 1500 cui

434 1542 563 1606 interea
584 1537 744 1606 fimbriam
767 1540 934 1606 sinistram
958 1538 1115 1624 pluvialis
1138 1539 1323 1604 sustinebit.

522 1646 596 1714 194.
620 1647 658 1712 ln
681 1648 864 1713 sacrarium
888 1653 926 1712 ut
948 1646 1090 1722 venerit,
1114 1644 1253 1711 nudabit
1283 1653 1391 1732 caput,
1423 1649 1651 1720 reverentiam

310 1748 315 1759 '
435 1755 534 1822 Cruci
567 1753 622 1819 vel
656 1755 789 1839 imagini
823 1752 1000 1839 principali
1034 1758 1069 1817 et
1103 1751 1294 1817 Celebranti
1328 1751 1459 1830 efficiet,
1483 1754 1652 1821 tunicella

433 1869 590 1937 exuetur,
614 1866 648 1926 et
669 1861 746 1938 alba
768 1867 900 1927 tantum
933 1860 1080 1937 indutus,
1105 1859 1295 1945 expectabit
1316 1858 1361 1925 ibi
1383 1859 1488 1927 donec
1518 1867 1651 1949 tempus

435 1972 500 2035 erit
522 1968 654 2034 Altaria
677 1968 872 2034 denudandi.

524 2077 597 2143 195.
622 2077 783 2142 Recitatis
807 2077 841 2140 in
867 2075 970 2141 choro
1004 2074 1174 2160 Vesperis‚
1205 2074 1429 2140 reverentiam
1461 2073 1562 2142 Gruci
1594 2076 1653 2142 vel

434 2185 568 2269 imagini
598 2185 724 2250 sacrari
748 2181 877 2259 efficiet,
901 2187 1002 2268 caput
1028 2183 1158 2268 operiet
1190 2180 1308 2258 bireto,
1332 2183 1521 2267 iunctisque
1550 2184 1680 2256 mani·¹

434 2291 495 2358 bus
518 2298 676 2376 sequetur
698 2289 884 2377 acolythos.
1647 2333 1656 2354 .

526 2399 597 2465 190.
622 2399 659 2464 In
682 2399 777 2463 chori
798 2396 891 2462 editu
915 2402 1014 2482 caput
1037 2395 1176 2463 nudabit
1197 2397 1314 2474 bireto,
1338 2397 1425 2481 quod
1445 2396 1556 2464 119091
1574 2399 1654 2466 Gae-

434 2507 642 2582 remoniari0,
673 2525 709 2570 se
739 2503 898 2589 adiunget
929 2503 1120 2572 celebranti
1154 2505 1393 2580 sinistrorsum,
1426 2507 1653 2573 reverentiam

435 2615 538 2679 choro
561 2612 672 2689 faciet,
696 2611 854 2697 procedet
875 2619 953 2677 ente
977 2610 1107 2690 Altere,
1125 2609 1436 2697 etgenuflexionem
1452 2612 1493 2678 ad
1510 2613 1654 2680 Orucem

436 2725 648 2803 exsequetur.
1344 2770 1346 2773 -
1610 2740 1612 2745 ·

526 2827 598 2892 197.
622 2826 790 2892 Ascendet
812 2826 929 2893 deinde
953 2846 1028 2892 cum
1054 2826 1254 2893 Celebrante
1277 2826 1319 2894 ad
1349 2827 1479 2903 Altera,
1510 2847 1656 2914 eumque

435 2934 604 3000 adiuvabit
627 2935 660 2998 in
684 2934 874 3000 amovendis
897 2935 938 2999 ab
962 2935 1074 3000 Alteri
1097 2934 1210 3000 eodem
1234 2934 1386 3001 tobaleis.

526 3042 598 3108 198.
625 3043 671 3107 09
693 3042 805 3106 Alteri
828 3041 1015 3119 descendet,
1040 3040 1308 3126 genuflexionem
1332 3043 1431 3109 Cruci
1448 3049 1482 3108 et
1497 3061 1658 3110 reveren-

436 3135 525 3214 tiam¹
539 3149 642 3214 choro
666 3147 794 3225 efficiet,
820 3150 956 3234 recipiet
979 3150 1133 3226 biretum,
1157 3169 1222 3234 quo
1246 3157 1345 3237 caput
1368 3152 1495 3237 operiet
1510 3151 1543 3215 in
1560 3149 1657 3218 editu

436 3256 645 3342 presbyterii,
670 3263 704 3322 et
726 3255 928 3342 praecedens
951 3257 1131 3323 Diaconum
1157 3264 1274 3343 perget
1296 3256 1338 3322 ed
1364 3258 1493 3342 reliqua
1509 3257 1655 3336 Altaria,

437 3364 492 3429 ubi
515 3371 718 3447 exsequetur
741 3364 827 3448 quod
851 3366 884 3429 in
908 3365 1064 3450 primario
1088 3367 1266 3450 peregerit.

527 3470 599 3537 199.
623 3469 797 3536 Altaribus
821 3473 949 3537 cunctis
972 3473 1094 3548 erutis,
1119 3471 1239 3537 redibit
1262 3479 1300 3538 ut
1321 3480 1421 3537 antea
1450 3471 1491 3537 ad
1517 3473 1658 3559 presby·

437 3579 559 3644 terium
582 3584 616 3643 91
639 3577 844 3663 permanebit
865 3586 944 3644 ante
968 3578 1087 3644 Altera
1111 3578 1151 3644 ed
1175 3579 1306 3645 laevam
1330 3579 1549 3646 Celebrantis.
1569 3581 1656 3646 Dato

438 3686 579 3752 abeundi
602 3687 706 3771 signo,
730 3683 932 3770 genuflectet
964 3686 1006 3751 ed
1038 3688 1188 3763 Crucem,
1213 3693 1313 3772 ceput
1342 3687 1449 3753 bireto
1480 3692 1582 3773 teget,
1615 3707 1658 3755 ac

437 3794 638 3881 praecedens
661 3795 841 3859 Diaconum
865 3795 986 3860 iunctis
1010 3795 1160 3860 manibus
1184 3794 1225 3860 ed
1249 3797 1433 3860 sacrarium
1450 3800 1656 3862 revertetur.

526 3902 602 3968 200.
627 3901 664 3965 ln
681 3903 828 3966 sacrario
846 3907 958 3967 eutem
981 3903 1204 3968 reverentiam
1222 3902 1320 3968 Cruci
1338 3902 1391 3966 vel
1409 3903 1543 3988 imagini
1560 3922 1658 3989 prse-

437 4012 552 4096 cipuae
577 4015 611 4074 et
634 4008 824 4074 celebranti
848 4009 950 4073 saciet
973 4015 1007 4074 et
1030 4011 1134 4075 sacris
1158 4012 1359 4094 paramentis
1387 4015 1542 4075 exuetur.

526 4117 601 4183 201.
627 4115 661 4181 Si
685 4113 740 4182 liet
763 4115 976 4183 Muscas-am
998 4122 1132 4201 praesto
1155 4118 1220 4182 erit
1243 4119 1277 4182 in
1301 4117 1454 4183 cubiculo
1471 4137 1531 4182 seu
1547 4119 1656 4184 sacri-

440 4228 504 4292 stia
525 4223 690 4290 ediscenti
712 4223 820 4300 aulae,
844 4225 877 4288 in
901 4243 966 4307 qua
988 4223 1181 4289 Mandatum
1204 4231 1393 4310 peragetur,
1417 4224 1527 4308 ibique
1549 4226 1656 4292 emie-

440 4341 520 4410 tum,
531 4333 652 4409 elbam,
665 4332 846 4417 cingulum,
858 4331 1055 4397 tunicellam
1079 4337 1113 4396 et
1136 4332 1339 4417 manipulum
1361 4332 1483 4398 coloris
1504 4331 1574 4399 albi
1589 4333 1656 4401 sibi

441 4439 565 4506 induet.

527 4549 603 4616 202.
628 4549 768 4617 Crucem
792 4549 847 4616 vel
871 4548 1045 4632 imaginem
1069 4548 1249 4633 principem
1273 4548 1441 4628 salutabit,
1455 4555 1556 4635 caput
1579 4569 1654 4637 ope-
