4175 5717
524 661 587 734 tes
984 682 1051 736 um.
1074 683 1096 736 1.

524 795 573 860 12.
598 794 679 860 Post
712 793 895 880 Epistulam
918 794 974 861 ubi
1007 793 1221 881 responderit
1254 793 1326 862 Deo
1356 789 1506 880 pratas,
1531 791 1586 862 vel
1622 793 1652 862 si

433 903 551 970 deinde
574 904 639 968 erit
661 903 841 987 Sequentia
869 909 930 969 aut
960 904 1102 970 Tractus
1129 903 1261 989 longus,
1293 901 1354 968 sub
1385 900 1482 968 finem
1513 902 1651 968 illorum

433 1017 596 1095 assurget.
622 1009 729 1084 Quum
753 1009 916 1076 Sacerdos
938 1012 1052 1076 veniet
1073 1009 1115 1075 ad
1131 1010 1250 1076 Altare
1266 1008 1419 1075 dicturus
1433 1010 1575 1076 Munda
1589 1028 1652 1077 cor

433 1138 550 1184 meum
572 1122 636 1182 etc.
659 1116 815 1182 transibit
839 1118 872 1181 in
896 1137 1002 1182 cornu
1026 1117 1207 1204 Epistolae,
1232 1123 1341 1182 sumet
1363 1115 1467 1202 legilc
1491 1115 1546 1182 vel
1573 1136 1653 1183 cus-

434 1228 540 1292 sinum
564 1244 639 1289 cum
662 1223 799 1300 Missali,
823 1224 953 1290 deferet
975 1224 1017 1290 ad
1040 1224 1131 1290 latus
1154 1224 1341 1310 Evangelii,
1365 1225 1412 1289 ita
1427 1224 1543 1290 locans
1566 1222 1652 1289 illud

434 1339 473 1399 ut
494 1333 665 1397 summitas
689 1330 767 1396 libri
790 1337 919 1417 spectet
942 1332 1160 1417 posteriorem
1184 1330 1313 1396 Altaris
1337 1331 1583 1396 extremitatem
1617 1330 1652 1395 in

434 1441 542 1505 latere
565 1437 689 1503 eodem.
714 1437 900 1503 Descendet
921 1438 961 1503 de
985 1437 1205 1525 suppedaneo
1230 1438 1338 1522 ibique
1354 1438 1465 1515 stabit,
1478 1436 1652 1504 Sacerdoti

433 1549 467 1611 in
491 1546 650 1632 principio
674 1543 849 1629 Evangelii
873 1565 1105 1631 responsurus:
1141 1565 1242 1629 quum
1277 1543 1439 1610 Sacerdos
1462 1546 1496 1609 in
1526 1544 1664 1610 fronte·
1747 1572 1761 1588 ·

434 1656 468 1719 in
491 1672 549 1717 ore
573 1658 607 1716 et
630 1653 663 1715 in
687 1657 822 1737 pectore
846 1672 881 1717 se
904 1652 1027 1738 pollice
1050 1651 1203 1736 signabit,
1228 1671 1263 1716 se
1280 1650 1425 1736 signabit
1440 1657 1475 1716 et
1490 1650 1651 1725 Minister,

335 1743 338 1748 ⁶
433 1761 489 1843 qui
512 1758 553 1824 ad
577 1778 697 1824 nomen
719 1757 798 1825 Jesu
821 1759 1013 1835 inclinatus,
1031 1778 1131 1842 quum
1147 1757 1341 1844 proferetur
1356 1758 1449 1824 initio
1465 1755 1651 1843 Evangelii,

432 1866 589 1932 transibit
611 1865 651 1930 ad
674 1866 765 1931 latus
789 1866 960 1951 Epistolae
984 1868 1018 1930 in
1041 1865 1177 1951 planum
1200 1871 1279 1930 ante
1302 1864 1431 1942 Altare,
1448 1864 1557 1948 ibique
1575 1881 1653 1928 con·

431 1976 526 2040 sistet
549 1972 699 2059 paullum
722 1993 904 2039 conversus
927 1973 968 2038 ad
1005 1972 1248 2048 Celebrantem,
1279 1971 1385 2039 donec
1415 1970 1506 2056 leget
1537 1972 1652 2038 Evan-

432 2081 566 2166 gelium.
591 2079 699 2154 Quum
716 2080 749 2143 in
766 2076 831 2144 tino
848 2080 1024 2165 Evangelii
1036 2079 1247 2167 responderit
1262 2085 1293 2154 i.
1307 2080 1406 2154 Leuc
1423 2078 1484 2145 tibi
1501 2077 1647 2153 Christe,
1689 2133 1692 2140 .

432 2207 568 2253 rursum
590 2185 804 2271 geniculabit,
828 2192 863 2252 et
886 2188 1030 2252 manebit
1053 2188 1191 2272 genibus
1219 2184 1315 2252 flexis
1345 2185 1386 2251 ad
1419 2186 1649 2252 recitationem

433 2293 593 2380 Symboli.
617 2292 668 2358 Ad
692 2293 794 2359 verba
816 2293 862 2360 Et
884 2295 1095 2361 incaveatus
1118 2302 1178 2369 ert,
1196 2291 1441 2380 genuflectente
1458 2291 1649 2366 Sacerdote,

431 2400 595 2487 profunde
619 2399 844 2468 inclinabitur.

522 2509 572 2574 13.
597 2508 776 2592 Postquam
811 2508 992 2576 celebrans
1027 2517 1106 2576 ante
1141 2507 1348 2576 offertorium
1378 2508 1652 2593 pronunciaverit

436 2615 595 2690 Oramus,
619 2621 736 2701 perget
758 2613 800 2682 ad
823 2615 971 2694 abacum,
996 2625 1104 2683 sumet
1127 2618 1374 2701 munutergium
1398 2616 1469 2681 sive
1496 2599 1650 2698 sudario-

432 2722 512 2798 lum,
537 2742 600 2806 quo
625 2722 791 2807 explicato
815 2723 961 2808 imponet
983 2723 1185 2809 pelviculam
1208 2744 1283 2789 cum
1306 2722 1473 2808 ampullis,
1497 2742 1579 2806 quas
1602 2721 1653 2786 af·

432 2829 545 2894 ferens
568 2828 610 2894 ad
633 2828 752 2896 Altare
775 2836 876 2914 ponet
910 2831 944 2894 in
975 2837 1125 2895 extremo
1156 2830 1264 2896 latere
1296 2828 1475 2916 Epistolae.
1507 2827 1652 2894 Plicabit

432 2939 591 3003 celeriter
615 2938 736 3003 Calicis
758 2937 881 3014 velum,
905 2938 992 3022 quod
1016 2939 1249 3025 complicatum
1274 2939 1380 3023 ponet
1404 2958 1506 3024 prope
1536 2957 1652 3022 corpo·

432 3046 505 3110 rale
529 3065 595 3110 uon
619 3045 718 3129 longe
740 3065 760 3109 a
783 3045 888 3130 gradu
913 3046 1200 3122 candelabrorum,
1218 3053 1256 3111 ut
1271 3047 1374 3131 possit
1390 3045 1570 3111 Celebrans
1587 3064 1650 3129 ap-

432 3153 556 3238 plicare
581 3152 632 3217 illi
655 3152 789 3236 pallam,
814 3158 849 3217 et
871 3153 1003 3218 facilius
1027 3172 1099 3218 eam
1123 3173 1303 3218 resumere.

523 3261 573 3324 14.
598 3259 706 3333 Quum
728 3259 769 3324 ad
793 3258 884 3324 latus
908 3259 1079 3346 Epistolae
1103 3261 1240 3327 accedet
1264 3259 1454 3336 Celebrans,
1478 3277 1597 3343 aquam
1613 3263 1649 3322 et

433 3369 545 3432 vinum
568 3367 602 3431 in
627 3365 770 3454 Calicem
794 3368 977 3443 infusurus,
1001 3368 1141 3434 dextera
1164 3367 1345 3455 ampullam
1369 3368 1446 3444 vini,
1471 3386 1576 3450 aquae
1599 3367 1648 3431 si·

432 3476 538 3538 nistra
561 3474 709 3559 accipiet,
733 3494 814 3557 quas
838 3475 866 3539 si
890 3495 971 3561 opus
995 3475 1108 3551 fuerit,
1134 3496 1233 3562 super
1264 3475 1434 3541 sudariolo
1467 3473 1649 3558 absterget:

432 3581 573 3646 dextera
595 3581 796 3646 ministrabit
819 3582 849 3646 ei
878 3583 1058 3668 ampullam
1092 3585 1170 3661 vini,
1203 3603 1300 3668 quam
1332 3583 1471 3668 recipiet
1501 3582 1649 3657 sinistra,

432 3694 503 3754 tum
527 3687 640 3753 eadem
656 3687 797 3753 dextera
811 3708 917 3772 aquae
933 3691 1114 3776 ampullam
1130 3694 1289 3778 porriget,
1306 3710 1402 3774 quam
1418 3708 1519 3754 manu
1535 3687 1649 3753 eadem

432 3803 589 3872 resumet,
613 3795 792 3862 advertens
815 3803 853 3861 ut
876 3803 1052 3882 utramque
1076 3800 1248 3865 osculetur
1271 3805 1341 3863 tum
1372 3800 1406 3863 in
1436 3796 1648 3884 porrigendo,

431 3910 501 3968 tum
525 3905 559 3967 in
593 3903 791 3989 recipiendo,
823 3910 923 3987 atque
957 3907 1004 3971 ita
1038 3913 1229 3993 praesentet
1252 3927 1307 3971 eas
1343 3907 1512 3971 sustinens
1545 3924 1648 3990 prope

431 4011 528 4075 imam
551 4018 689 4097 partem,
715 4016 753 4076 ut
776 4010 955 4078 Celebrans
979 4015 1084 4099 possit
1107 4013 1275 4079 commode
1299 4016 1458 4099 accipere.

522 4118 571 4183 15.
596 4117 761 4203 Ampullis
785 4119 849 4183 boc
872 4119 967 4185 modo
992 4123 1199 4197 ministratis,
1217 4128 1354 4207 seponet
1370 4121 1551 4206 ampullam
1567 4119 1647 4195 vini,

431 4245 526 4307 quam
551 4227 673 4310 poterit
696 4227 796 4290 etiam
819 4226 860 4291 ad
883 4227 1020 4293 abacum
1043 4230 1184 4304 referre,
1209 4250 1247 4294 ac
1272 4250 1429 4294 reversus
1452 4227 1493 4292 ad
1528 4227 1648 4298 Altare.

431 4332 544 4396 eodem
568 4333 643 4398 loco
667 4332 847 4419 implicabit
871 4334 1075 4401 sudariolum
1100 4358 1158 4402 seu
1193 4340 1438 4423 manutergium
1471 4339 1504 4401 in
1535 4336 1648 4401 Altari

431 4438 510 4523 ipso,
545 4447 578 4504 et
602 4440 741 4505 dextera
774 4441 955 4527 ampullam
988 4463 1103 4527 aquae,
1135 4445 1271 4510 sinistra
1304 4445 1505 4531 pelviculam
1529 4450 1646 4521 sumet,

431 4544 633 4611 ablutionem
657 4569 812 4614 manuum
838 4549 1027 4616 Celebranti
1052 4552 1311 4620 ministraturus.
