4175 5717
523 771 585 835 120
967 781 1033 830 ura.
1060 783 1106 830 iv.

431 921 466 964 se
489 901 606 964 sistent
641 901 828 980 compatres
855 899 889 958 et
919 899 1116 958 commatres
1146 913 1221 958 cum
1256 889 1452 956 infantibus.
1483 887 1592 954 Mares
1622 907 1643 954 a

430 1009 568 1070 sinistra
589 1010 623 1069 et
647 1003 809 1068 foeminae
832 1021 852 1064 a
874 1001 1015 1066 dextera
1038 1003 1208 1086 ingressus
1232 1001 1417 1065 consistent
1439 999 1498 1074 ita,
1522 1001 1559 1062 ut
1591 993 1644 1060 illi

431 1113 622 1184 edentem,
648 1112 730 1174 istae
753 1129 773 1173 a
795 1109 931 1172 sinistra
954 1114 1045 1173 stent
1069 1109 1211 1173 Parocbi
1236 1107 1291 1172 vel
1315 1103 1508 1172 Sacerdotis
1539 1102 1646 1190 bapti-

432 1239 537 1284 smum
560 1216 834 1282 administraturi.

519 1329 549 1390 t.
575 1325 745 1390 Parochus
769 1323 904 1388 indutus
927 1329 1020 1388 reste
1042 1323 1143 1387 talari
1167 1321 1292 1388 lavabit
1314 1341 1432 1386 manus
1452 1317 1492 1386 ¹et
1514 1317 1576 1384 sibi
1591 1319 1647 1384 im·

433 1439 532 1520 ponet
554 1431 833 1518 superpelliceum
856 1437 890 1496 et
913 1431 1033 1496 stolam
1059 1431 1252 1506 violaceam
1269 1436 1339 1495 tum
1355 1447 1456 1494 manu
1478 1427 1646 1494 mutinam

434 1541 567 1607 Rituale
591 1547 625 1605 et
648 1540 823 1604 assistente
846 1559 913 1604 uno
936 1537 991 1602 rel
1014 1537 1143 1604 duobus
1166 1537 1297 1604 clericis
1326 1533 1566 1623 superpellicio
1595 1535 1648 1600 in·

431 1649 530 1720 dutis,
564 1646 725 1713 subsistet
747 1649 781 1710 in
804 1647 918 1710 limine
948 1646 1110 1712 ecclesiae
1141 1646 1195 1712 vel
1226 1645 1423 1731 baptisterii,
1455 1649 1492 1708 et
1522 1643 1646 1730 primus

433 1761 601 1841 compater
624 1774 698 1818 cum
722 1754 827 1839 primo
851 1753 978 1818 infante
1002 1753 1150 1818 masculo
1174 1773 1209 1818 se
1233 1755 1328 1818 sistet
1350 1757 1428 1816 ante
1451 1771 1539 1818 eum.

520 1862 551 1927 5.
576 1861 747 1926 Parochus
775 1860 948 1946 proferens
980 1880 1100 1926 nomen
1131 1881 1190 1925 seu
1221 1861 1354 1924 nomina
1384 1861 1492 1945 primo
1527 1859 1647 1924 infanti

434 1969 638 2054 imponenda,
665 1967 886 2054 interrogabit
908 1967 953 2034 N.
977 1969 1065 2053 quid
1085 1969 1175 2051 petia
1199 1967 1242 2033 ab
1266 1967 1424 2034 Ecclesia
1446 1964 1533 2033 Deit

521 2077 552 2140 6.
579 2075 774 2152 Notandum,
799 2074 885 2160 quod
909 2075 984 2140 loco
1013 2075 1134 2140 literae
1157 2074 1201 2141 N.
1226 2081 1297 2140 tum
1320 2075 1353 2138 in
1377 2075 1441 2140 ista
1457 2079 1528 2140 tum
1549 2075 1585 2138 in
1601 2091 1649 2138 re·

435 2183 533 2266 liquis
557 2182 881 2268 interrogationibus,
907 2203 1035 2258 nomen,
1062 2183 1116 2248 vel
1149 2184 1280 2248 nomina
1310 2181 1496 2268 baptizandi
1533 2181 1648 2268 expri-

436 2289 553 2356 menda
575 2297 663 2356 sunt.
689 2289 737 2378 (a)

544 2399 575 2460 7.
600 2398 774 2483 compater
797 2396 1008 2484 respondebit
1031 2397 1164 2464 Fidem.

543 2506 575 2568 8.
600 2505 772 2570 Parochus
795 2505 947 2570 subiiciet
969 2504 1075 2572 Fides
1099 2505 1186 2590 quid
1203 2505 1264 2573 o'bi
1274 2503 1454 2590 praeelati
1471 2505 1649 2593 Competer

436 2619 557 2678 autem:
590 2611 702 2679 Vitam
723 2619 914 2678 aeternam.
940 2613 1123 2677 Parochus:
1147 2611 1187 2680 Si
1207 2614 1319 2698 igitur
1341 2614 1393 2680 oia
1409 2614 1457 2680 ad
1473 2614 1583 2682 eoam
1601 2615 1650 2682 in·

435 2720 541 2803 predi
562 2726 625 2784 etc.
650 2720 816 2802 usquead
842 2719 903 2785 illa
924 2719 1027 2785 rerba
1044 2722 1255 2803 praeimum
1278 2728 1378 2788 tuum
1393 2710 1651 2807 sibut'teipsam

440 2827 613 2892 inclusive.

548 2935 579 2998 9.
604 2935 725 2999 Postea
748 2935 918 3002 Parochus
952 2936 1088 3002 accedet
1111 2937 1152 3002 ad
1182 2937 1343 3004 infantem
1378 2937 1587 3024 praedictum
1617 2945 1651 3008 et

439 3041 562 3105 leniter
584 3041 692 3106 tribus
715 3042 843 3108 vicibus
865 3044 1020 3109 halitabit
1043 3047 1076 3108 in
1100 3045 1217 3110 faciem
1242 3046 1323 3120 eius,
1347 3065 1386 3112 ac
1409 3045 1529 3114 deinde
1564 3047 1652 3115 dicet

439 3147 513 3214 aaz·
533 3146 576 3213 ab
600 3167 639 3216 eo
661 3155 725 3214 etc.
750 3149 834 3214 Tum
857 3156 1078 3234 prosequetur
1094 3153 1370 3236 cooperientem
1388 3153 1514 3222 Crucis
1532 3161 1568 3222 et
1583 3155 1652 3242 pol·

438 3254 503 3318 lice
526 3254 666 3320 dextero
690 3255 807 3323 Crucis
830 3258 960 3340 signum
983 3259 1017 3322 in
1040 3257 1152 3323 fronte
1176 3261 1246 3324 eius
1271 3260 1415 3345 signabit
1436 3260 1479 3327 ad
1495 3261 1600 3328 verba
1614 3263 1652 3330 ia

436 3363 556 3444 fronte
578 3371 613 3427 et
645 3363 790 3428 alterum
815 3365 848 3427 in
873 3370 1016 3448 pectore,
1039 3364 1153 3430 dicens
1184 3368 1222 3433 ia
1244 3368 1350 3434 eorde
1380 3373 1413 3434 et
1444 3369 1654 3436 continuabit

441 3467 619 3534 formulam
643 3468 810 3552 usquead
832 3467 940 3545 finem,
965 3470 1122 3538 videlicet
1143 3481 1182 3540 ut
1206 3477 1374 3558 templum
1396 3475 1462 3544 oet
1482 3477 1557 3544 iam
1578 3497 1654 3546 aare

437 3576 563 3659 possis.

532 3683 581 3748 10.
606 3683 700 3749 Tunc
721 3684 857 3750 recedet
879 3685 1055 3773 Competer
1078 3707 1152 3754 cum
1176 3691 1279 3776 primo
1303 3691 1432 3758 infante
1454 3699 1489 3758 et
1508 3693 1656 3780 prodibit

441 3791 539 3864 alter,
563 3810 660 3874 quern
682 3792 855 3858 Parochus
878 3795 1099 3882 interrogabit
1120 3796 1164 3862 N.
1189 3797 1277 3882 quid
1297 3801 1386 3882 petia
1410 3805 1473 3866 etc.
1490 3799 1656 3886 usquead

442 3898 545 3964 verba
568 3898 746 3983 praedicta.
1055 3911 1070 3936 ‘
1583 3931 1588 3938 ·

532 4006 581 4069 ll.
606 4005 660 4070 Sic
689 4005 843 4094 deinceps
876 4011 1096 4098 interrogabit
1119 4014 1265 4088 tertium,
1281 4015 1337 4086 ¹sic
1359 4019 1515 4098 quartum
1540 4021 1576 4084 et
1607 4035 1657 4084 re·

442 4111 561 4195 liquos,
585 4121 699 4196 postea
721 4114 891 4183 foeminas.

534 4219 582 4283 12.
607 4219 756 4286 Clericus
780 4225 918 4309 accipiet
941 4227 1044 4292 salem
1069 4246 1142 4291 cum
1174 4230 1313 4302 mantili,
1345 4251 1444 4314 quum
1479 4231 1657 4302 Parochus

442 4326 659 4412 interrogabit
684 4328 836 4394 ultimum
860 4331 1099 4417 baptizandum.

531 4433 581 4498 13.
613 4433 792 4518 Postquam
821 4437 993 4502 Parochus
1025 4441 1295 4525 interrogaverit,
1328 4453 1366 4513 ut
1395 4467 1505 4535 supra,
1539 4469 1656 4520 omnes

512 4648 555 4720 (a.)
574 4650 683 4708 Consm
701 4647 904 4715 adnotationes
923 4671 986 4727 cap.
1006 4655 1195 4729 praecedenti
1214 4664 1324 4736 positas
1343 4664 1396 4723 sub
1410 4681 1486 4722 num.
1499 4665 1527 4722 3.
1542 4667 1568 4722 4.
1588 4669 1656 4726 εΗ.
