<?xml version="1.0" encoding="UTF-8"?>
<!DOCTYPE html PUBLIC "-//W3C//DTD XHTML 1.0 Transitional//EN"
    "http://www.w3.org/TR/xhtml1/DTD/xhtml1-transitional.dtd">
<html xmlns="http://www.w3.org/1999/xhtml" xml:lang="en" lang="en">
 <head>
  <title>
</title>
<meta http-equiv="Content-Type" content="text/html;charset=utf-8" />
  <meta name='ocr-system' content='tesseract 3.04.00' />
  <meta name='ocr-capabilities' content='ocr_page ocr_carea ocr_par ocr_line ocrx_word'/>
</head>
<body>
  <div class='ocr_page' id='page_1' title='image "./manualesacrarum00martgoog_0886.png"; bbox 0 0 4175 5717; ppageno 0'>
   <div class='ocr_carea' id='block_1_1' title="bbox 961 777 1098 826">
    <p class='ocr_par' dir='ltr' id='par_1_1' title="bbox 961 777 1098 826">
     <span class='ocr_line' id='line_1_1' title="bbox 961 777 1098 826; baseline -0.029 -1"><span class='ocrx_word' id='word_1_1' title='bbox 961 777 1026 826; x_wconf 75' lang='lat' dir='ltr'>bib.</span> <span class='ocrx_word' id='word_1_2' title='bbox 1053 777 1098 824; x_wconf 87' lang='lat' dir='ltr'>lv.</span> 
     </span>
    </p>
   </div>
   <div class='ocr_carea' id='block_1_2' title="bbox 430 993 1637 1167">
    <p class='ocr_par' dir='ltr' id='par_1_2' title="bbox 430 993 1637 1167">
     <span class='ocr_line' id='line_1_2' title="bbox 902 993 1159 1058; baseline 0.008 -10"><span class='ocrx_word' id='word_1_3' title='bbox 902 995 951 1050; x_wconf 81' lang='lat' dir='ltr'>DE</span> <span class='ocrx_word' id='word_1_4' title='bbox 970 993 1159 1058; x_wconf 84' lang='lat' dir='ltr'>EXEQUllS</span> 
     </span>
     <span class='ocr_line' id='line_1_3' title="bbox 430 1100 1637 1167; baseline 0 -5"><span class='ocrx_word' id='word_1_5' title='bbox 430 1106 469 1162; x_wconf 84' lang='grc' dir='ltr'>ΙΝ</span> <span class='ocrx_word' id='word_1_6' title='bbox 489 1103 632 1162; x_wconf 82' lang='lat' dir='ltr'>DlEBUS</span> <span class='ocrx_word' id='word_1_7' title='bbox 651 1101 805 1161; x_wconf 79' lang='lat' dir='ltr'>TERTIO.</span> <span class='ocrx_word' id='word_1_8' title='bbox 827 1101 1015 1167; x_wconf 79' lang='lat' dir='ltr'>SEPTIMO,</span> <span class='ocrx_word' id='word_1_9' title='bbox 1033 1100 1251 1162; x_wconf 71' lang='lat' dir='ltr'>Tricastnro</span> <span class='ocrx_word' id='word_1_10' title='bbox 1268 1101 1321 1160; x_wconf 83' lang='lat' dir='ltr'>ET</span> <span class='ocrx_word' id='word_1_11' title='bbox 1340 1101 1637 1162; x_wconf 72' lang='lat' dir='ltr'>anniversario</span> 
     </span>
    </p>
   </div>
   <div class='ocr_carea' id='block_1_3' title="bbox 934 1409 1143 1477">
    <p class='ocr_par' dir='ltr' id='par_1_3' title="bbox 934 1409 1143 1477">
     <span class='ocr_line' id='line_1_4' title="bbox 934 1409 1143 1477; baseline -0.01 0"><span class='ocrx_word' id='word_1_12' title='bbox 934 1409 1078 1477; x_wconf 78' lang='lat' dir='ltr'>CAPUT</span> <span class='ocrx_word' id='word_1_13' title='bbox 1102 1411 1143 1476; x_wconf 89' lang='lat' dir='ltr'>X.</span> 
     </span>
    </p>
   </div>
   <div class='ocr_carea' id='block_1_4' title="bbox 430 1567 1685 4317">
    <p class='ocr_par' dir='ltr' id='par_1_4' title="bbox 431 1567 1638 1836">
     <span class='ocr_line' id='line_1_5' title="bbox 457 1567 1638 1731; baseline 0.002 -21"><span class='ocrx_word' id='word_1_14' title='bbox 457 1648 482 1710; x_wconf 95' lang='lat' dir='ltr'>l.</span> <span class='ocrx_word' id='word_1_15' title='bbox 509 1567 723 1729; x_wconf 73' lang='lat' dir='ltr'>Exequiae</span> <span class='ocrx_word' id='word_1_16' title='bbox 750 1663 810 1730; x_wconf 91' lang='lat' dir='ltr'>pro</span> <span class='ocrx_word' id='word_1_17' title='bbox 840 1645 953 1728; x_wconf 91' lang='lat' dir='ltr'>aliquo</span> <span class='ocrx_word' id='word_1_18' title='bbox 984 1643 1145 1710; x_wconf 82' lang='lat' dir='ltr'>defuncto</span> <span class='ocrx_word' id='word_1_19' title='bbox 1176 1644 1290 1712; x_wconf 78' lang='lat' dir='ltr'>licebit</span> <span class='ocrx_word' id='word_1_20' title='bbox 1319 1643 1502 1731; x_wconf 85' lang='lat' dir='ltr'>praedictis</span> <span class='ocrx_word' id='word_1_21' title='bbox 1532 1643 1638 1712; x_wconf 86' lang='lat' dir='ltr'>diebus</span> 
     </span>
     <span class='ocr_line' id='line_1_6' title="bbox 431 1749 688 1836; baseline -0.016 -16"><span class='ocrx_word' id='word_1_22' title='bbox 431 1754 606 1820; x_wconf 89' lang='lat' dir='ltr'>celebrare</span> <span class='ocrx_word' id='word_1_23' title='bbox 629 1749 688 1836; x_wconf 81' lang='lat' dir='ltr'>(a).</span> 
     </span>
    </p>

    <p class='ocr_par' dir='ltr' id='par_1_5' title="bbox 430 1857 1640 2698">
     <span class='ocr_line' id='line_1_7' title="bbox 514 1857 1638 1944; baseline -0.002 -18"><span class='ocrx_word' id='word_1_24' title='bbox 514 1860 546 1926; x_wconf 84' lang='lat'>2.</span> <span class='ocrx_word' id='word_1_25' title='bbox 572 1861 744 1944; x_wconf 83' lang='lat' dir='ltr'>integrum</span> <span class='ocrx_word' id='word_1_26' title='bbox 768 1857 910 1925; x_wconf 88' lang='lat' dir='ltr'>officium</span> <span class='ocrx_word' id='word_1_27' title='bbox 933 1857 1170 1924; x_wconf 85' lang='lat' dir='ltr'>defunctorum</span> <span class='ocrx_word' id='word_1_28' title='bbox 1194 1877 1268 1924; x_wconf 88' lang='lat' dir='ltr'>oum</span> <span class='ocrx_word' id='word_1_29' title='bbox 1292 1857 1463 1925; x_wconf 86' lang='lat' dir='ltr'><strong>Laudibus</strong></span> <span class='ocrx_word' id='word_1_30' title='bbox 1490 1857 1638 1926; x_wconf 88' lang='lat' dir='ltr'>recitabi-</span> 
     </span>
     <span class='ocr_line' id='line_1_8' title="bbox 430 1965 1640 2052; baseline -0.001 -19"><span class='ocrx_word' id='word_1_31' title='bbox 430 1978 495 2043; x_wconf 86' lang='lat' dir='ltr'>tur,</span> <span class='ocrx_word' id='word_1_32' title='bbox 520 1967 685 2032; x_wconf 76' lang='lat' dir='ltr'>serr-&#39;ando</span> <span class='ocrx_word' id='word_1_33' title='bbox 709 1968 810 2032; x_wconf 90' lang='lat' dir='ltr'>ritum</span> <span class='ocrx_word' id='word_1_34' title='bbox 840 1965 1016 2052; x_wconf 78' lang='lat' dir='ltr'>duplicem,</span> <span class='ocrx_word' id='word_1_35' title='bbox 1050 1965 1104 2032; x_wconf 86' lang='lat' dir='ltr'>rel</span> <span class='ocrx_word' id='word_1_36' title='bbox 1136 1967 1235 2030; x_wconf 88' lang='lat' dir='ltr'>etiam</span> <span class='ocrx_word' id='word_1_37' title='bbox 1259 1985 1362 2032; x_wconf 90' lang='lat' dir='ltr'>unum</span> <span class='ocrx_word' id='word_1_38' title='bbox 1385 1971 1588 2036; x_wconf 86' lang='lat' dir='ltr'>nocturnum</span> <span class='ocrx_word' id='word_1_39' title='bbox 1609 1975 1640 2032; x_wconf 85' lang='lat' dir='ltr'>et</span> 
     </span>
     <span class='ocr_line' id='line_1_9' title="bbox 431 2071 1639 2159; baseline -0.002 -19"><span class='ocrx_word' id='word_1_40' title='bbox 431 2075 561 2140; x_wconf 81' lang='lat' dir='ltr'>Laudes</span> <span class='ocrx_word' id='word_1_41' title='bbox 586 2076 653 2140; x_wconf 87' lang='lat' dir='ltr'>ritu</span> <span class='ocrx_word' id='word_1_42' title='bbox 677 2073 802 2140; x_wconf 89' lang='lat' dir='ltr'>codem.</span> <span class='ocrx_word' id='word_1_43' title='bbox 827 2075 864 2138; x_wconf 95' lang='lat' dir='ltr'>ln</span> <span class='ocrx_word' id='word_1_44' title='bbox 888 2071 953 2138; x_wconf 88' lang='lat' dir='ltr'>fine</span> <span class='ocrx_word' id='word_1_45' title='bbox 970 2073 1205 2159; x_wconf 84' lang='lat' dir='ltr'>-Vesperarum</span> <span class='ocrx_word' id='word_1_46' title='bbox 1228 2079 1263 2138; x_wconf 90' lang='lat' dir='ltr'>et</span> <span class='ocrx_word' id='word_1_47' title='bbox 1284 2071 1436 2139; x_wconf 90' lang='lat' dir='ltr'>Laudum</span> <span class='ocrx_word' id='word_1_48' title='bbox 1457 2071 1639 2138; x_wconf 76' lang='lat' dir='ltr'>recitandae</span> 
     </span>
     <span class='ocr_line' id='line_1_10' title="bbox 431 2179 1639 2267; baseline 0.003 -23"><span class='ocrx_word' id='word_1_49' title='bbox 431 2190 512 2246; x_wconf 83' lang='lat' dir='ltr'>sunt.</span> <span class='ocrx_word' id='word_1_50' title='bbox 534 2201 662 2267; x_wconf 87' lang='lat' dir='ltr'>preces,</span> <span class='ocrx_word' id='word_1_51' title='bbox 687 2181 843 2246; x_wconf 82' lang='lat' dir='ltr'>videlicet</span> <span class='ocrx_word' id='word_1_52' title='bbox 866 2181 1014 2266; x_wconf 85' lang='lat' dir='ltr'>psalmus</span> <span class='ocrx_word' id='word_1_53' title='bbox 1037 2181 1166 2248; x_wconf 79' lang='lat' dir='ltr'>Lauda</span> <span class='ocrx_word' id='word_1_54' title='bbox 1181 2183 1302 2248; x_wconf 70' lang='lat' dir='ltr'>anana</span> <span class='ocrx_word' id='word_1_55' title='bbox 1316 2199 1404 2258; x_wconf 80' lang='lat' dir='ltr'>mea,</span> <span class='ocrx_word' id='word_1_56' title='bbox 1420 2185 1481 2246; x_wconf 90' lang='lat' dir='ltr'>aut</span> <span class='ocrx_word' id='word_1_57' title='bbox 1496 2179 1549 2248; x_wconf 82' lang='lat' dir='ltr'>Dc</span> <span class='ocrx_word' id='word_1_58' title='bbox 1559 2199 1639 2264; x_wconf 72' lang='lat' dir='ltr'>ptu-</span> 
     </span>
     <span class='ocr_line' id='line_1_11' title="bbox 431 2287 1639 2380; baseline 0 -26"><span class='ocrx_word' id='word_1_59' title='bbox 431 2287 568 2372; x_wconf 79' lang='lat' dir='ltr'>fundis,</span> <span class='ocrx_word' id='word_1_60' title='bbox 592 2308 788 2380; x_wconf 78' lang='lat' dir='ltr'>quamquam</span> <span class='ocrx_word' id='word_1_61' title='bbox 811 2287 942 2354; x_wconf 83' lang='lat' dir='ltr'>soleant</span> <span class='ocrx_word' id='word_1_62' title='bbox 966 2290 1102 2355; x_wconf 86' lang='lat' dir='ltr'>recitari</span> <span class='ocrx_word' id='word_1_63' title='bbox 1125 2290 1192 2354; x_wconf 89' lang='lat' dir='ltr'>tria</span> <span class='ocrx_word' id='word_1_64' title='bbox 1214 2294 1390 2366; x_wconf 87' lang='lat' dir='ltr'>nocturna,</span> <span class='ocrx_word' id='word_1_65' title='bbox 1422 2287 1578 2373; x_wconf 90' lang='lat' dir='ltr'>quoniam</span> <span class='ocrx_word' id='word_1_66' title='bbox 1598 2289 1639 2353; x_wconf 91' lang='lat' dir='ltr'>sic</span> 
     </span>
     <span class='ocr_line' id='line_1_12' title="bbox 434 2395 1638 2482; baseline 0 -22"><span class='ocrx_word' id='word_1_67' title='bbox 434 2395 622 2462; x_wconf 88' lang='lat' dir='ltr'>iubentibus</span> <span class='ocrx_word' id='word_1_68' title='bbox 646 2397 788 2462; x_wconf 83' lang='lat' dir='ltr'>rubricis</span> <span class='ocrx_word' id='word_1_69' title='bbox 811 2395 975 2461; x_wconf 86' lang='lat' dir='ltr'>Breriarii</span> <span class='ocrx_word' id='word_1_70' title='bbox 998 2401 1034 2461; x_wconf 87' lang='lat' dir='ltr'>et</span> <span class='ocrx_word' id='word_1_71' title='bbox 1060 2396 1215 2474; x_wconf 84' lang='lat' dir='ltr'>Ritualis‚</span> <span class='ocrx_word' id='word_1_72' title='bbox 1246 2415 1363 2482; x_wconf 86' lang='lat' dir='ltr'>preces</span> <span class='ocrx_word' id='word_1_73' title='bbox 1394 2395 1586 2482; x_wconf 89' lang='lat' dir='ltr'>praedictae</span> <span class='ocrx_word' id='word_1_74' title='bbox 1609 2397 1638 2461; x_wconf 94' lang='lat' dir='ltr'>in</span> 
     </span>
     <span class='ocr_line' id='line_1_13' title="bbox 433 2502 1637 2589; baseline -0.001 -20"><span class='ocrx_word' id='word_1_75' title='bbox 433 2505 486 2570; x_wconf 90' lang='lat' dir='ltr'>dia</span> <span class='ocrx_word' id='word_1_76' title='bbox 509 2503 619 2569; x_wconf 89' lang='lat' dir='ltr'>obitus</span> <span class='ocrx_word' id='word_1_77' title='bbox 641 2509 771 2568; x_wconf 91' lang='lat' dir='ltr'>tantum</span> <span class='ocrx_word' id='word_1_78' title='bbox 795 2505 1006 2570; x_wconf 88' lang='lat' dir='ltr'>omittuntur.</span> <span class='ocrx_word' id='word_1_79' title='bbox 1032 2502 1151 2570; x_wconf 82' lang='lat' dir='ltr'>Oratio</span> <span class='ocrx_word' id='word_1_80' title='bbox 1173 2505 1307 2589; x_wconf 90' lang='lat' dir='ltr'>propria</span> <span class='ocrx_word' id='word_1_81' title='bbox 1330 2509 1381 2570; x_wconf 90' lang='lat' dir='ltr'>est</span> <span class='ocrx_word' id='word_1_82' title='bbox 1404 2502 1545 2584; x_wconf 83' lang='lat' dir='ltr'>dierum,</span> <span class='ocrx_word' id='word_1_83' title='bbox 1566 2521 1637 2588; x_wconf 83' lang='lat' dir='ltr'>qnos</span> 
     </span>
     <span class='ocr_line' id='line_1_14' title="bbox 434 2610 1359 2698; baseline 0 -22"><span class='ocrx_word' id='word_1_84' title='bbox 434 2633 535 2698; x_wconf 81' lang='lat' dir='ltr'>supra</span> <span class='ocrx_word' id='word_1_85' title='bbox 557 2612 799 2676; x_wconf 80' lang='lat' dir='ltr'>nominavimus</span> <span class='ocrx_word' id='word_1_86' title='bbox 822 2617 857 2676; x_wconf 88' lang='lat' dir='ltr'>et</span> <span class='ocrx_word' id='word_1_87' title='bbox 880 2617 995 2676; x_wconf 89' lang='lat' dir='ltr'>notata</span> <span class='ocrx_word' id='word_1_88' title='bbox 1017 2625 1070 2677; x_wconf 91' lang='lat' dir='ltr'>est</span> <span class='ocrx_word' id='word_1_89' title='bbox 1093 2613 1126 2676; x_wconf 93' lang='lat' dir='ltr'>in</span> <span class='ocrx_word' id='word_1_90' title='bbox 1150 2610 1278 2678; x_wconf 86' lang='lat' dir='ltr'>Rituali</span> <span class='ocrx_word' id='word_1_91' title='bbox 1301 2610 1359 2698; x_wconf 85' lang='lat' dir='ltr'>(b).</span> 
     </span>
    </p>

    <p class='ocr_par' dir='ltr' id='par_1_6' title="bbox 432 2717 1639 3107">
     <span class='ocr_line' id='line_1_15' title="bbox 519 2717 1638 2802; baseline 0 -18"><span class='ocrx_word' id='word_1_92' title='bbox 519 2721 551 2784; x_wconf 89' lang='grc'>3.</span> <span class='ocrx_word' id='word_1_93' title='bbox 575 2719 698 2784; x_wconf 80' lang='lat' dir='ltr'>Postea</span> <span class='ocrx_word' id='word_1_94' title='bbox 720 2717 911 2784; x_wconf 90' lang='lat' dir='ltr'>cantabitur</span> <span class='ocrx_word' id='word_1_95' title='bbox 933 2718 1043 2794; x_wconf 83' lang='lat' dir='ltr'>mssa,</span> <span class='ocrx_word' id='word_1_96' title='bbox 1069 2738 1153 2802; x_wconf 91' lang='lat' dir='ltr'>quae</span> <span class='ocrx_word' id='word_1_97' title='bbox 1177 2719 1210 2783; x_wconf 91' lang='lat' dir='ltr'>in</span> <span class='ocrx_word' id='word_1_98' title='bbox 1233 2719 1361 2784; x_wconf 87' lang='lat' dir='ltr'>blissali</span> <span class='ocrx_word' id='word_1_99' title='bbox 1388 2727 1508 2792; x_wconf 81' lang='lat' dir='ltr'>notata</span> <span class='ocrx_word' id='word_1_100' title='bbox 1533 2717 1638 2786; x_wconf 73' lang='lat' dir='ltr'>estis</span> 
     </span>
     <span class='ocr_line' id='line_1_16' title="bbox 433 2826 1638 2911; baseline -0.002 -19"><span class='ocrx_word' id='word_1_101' title='bbox 433 2827 680 2893; x_wconf 74' lang='lat' dir='ltr'>anniversario</span> <span class='ocrx_word' id='word_1_102' title='bbox 703 2845 778 2891; x_wconf 94' lang='lat' dir='ltr'>cum</span> <span class='ocrx_word' id='word_1_103' title='bbox 802 2826 954 2890; x_wconf 84' lang='lat' dir='ltr'>oratione</span> <span class='ocrx_word' id='word_1_104' title='bbox 977 2826 1166 2910; x_wconf 83' lang='lat' dir='ltr'>respectiva</span> <span class='ocrx_word' id='word_1_105' title='bbox 1186 2832 1246 2892; x_wconf 89' lang='lat' dir='ltr'>aut</span> <span class='ocrx_word' id='word_1_106' title='bbox 1262 2845 1322 2911; x_wconf 92' lang='lat' dir='ltr'>pro</span> <span class='ocrx_word' id='word_1_107' title='bbox 1337 2826 1571 2892; x_wconf 81' lang='lat' dir='ltr'>anniversario</span> <span class='ocrx_word' id='word_1_108' title='bbox 1589 2829 1638 2892; x_wconf 85' lang='lat' dir='ltr'>aut</span> 
     </span>
     <span class='ocr_line' id='line_1_17' title="bbox 432 2930 1639 3022; baseline 0 -26"><span class='ocrx_word' id='word_1_109' title='bbox 432 2954 493 3020; x_wconf 90' lang='lat' dir='ltr'>pro</span> <span class='ocrx_word' id='word_1_110' title='bbox 516 2934 636 2998; x_wconf 87' lang='lat' dir='ltr'>ceteris</span> <span class='ocrx_word' id='word_1_111' title='bbox 660 2930 775 2996; x_wconf 85' lang='lat' dir='ltr'>diebus</span> <span class='ocrx_word' id='word_1_112' title='bbox 798 2931 976 3017; x_wconf 90' lang='lat' dir='ltr'>praedictis</span> <span class='ocrx_word' id='word_1_113' title='bbox 998 2938 1034 2997; x_wconf 91' lang='lat' dir='ltr'>et</span> <span class='ocrx_word' id='word_1_114' title='bbox 1056 2952 1131 2998; x_wconf 90' lang='lat' dir='ltr'>cum</span> <span class='ocrx_word' id='word_1_115' title='bbox 1147 2933 1363 3000; x_wconf 87' lang='lat' dir='ltr'>caeremoniis</span> <span class='ocrx_word' id='word_1_116' title='bbox 1380 2931 1559 3022; x_wconf 80' lang='lat' dir='ltr'>descriptis</span> <span class='ocrx_word' id='word_1_117' title='bbox 1576 2953 1639 3020; x_wconf 77' lang='lat' dir='ltr'>cap.</span> 
     </span>
     <span class='ocr_line' id='line_1_18' title="bbox 436 3040 632 3107; baseline -0.02 0"><span class='ocrx_word' id='word_1_118' title='bbox 436 3043 486 3107; x_wconf 91' lang='lat'>10.</span> <span class='ocrx_word' id='word_1_119' title='bbox 510 3040 567 3105; x_wconf 92' lang='lat' dir='ltr'>lib.</span> <span class='ocrx_word' id='word_1_120' title='bbox 592 3041 632 3104; x_wconf 93' lang='lat' dir='ltr'>ll.</span> 
     </span>
    </p>

    <p class='ocr_par' dir='ltr' id='par_1_7' title="bbox 434 3146 1643 3772">
     <span class='ocr_line' id='line_1_19' title="bbox 518 3146 1639 3236; baseline 0.002 -24"><span class='ocrx_word' id='word_1_121' title='bbox 518 3151 550 3212; x_wconf 74' lang='lat'>4.</span> <span class='ocrx_word' id='word_1_122' title='bbox 578 3151 660 3213; x_wconf 83' lang='lat' dir='ltr'>Post</span> <span class='ocrx_word' id='word_1_123' title='bbox 683 3149 818 3215; x_wconf 81' lang='lat' dir='ltr'>Missam</span> <span class='ocrx_word' id='word_1_124' title='bbox 841 3147 899 3215; x_wconf 87' lang='lat' dir='ltr'>fiet</span> <span class='ocrx_word' id='word_1_125' title='bbox 921 3146 1099 3213; x_wconf 81' lang='lat' dir='ltr'>absolutio.</span> <span class='ocrx_word' id='word_1_126' title='bbox 1125 3147 1216 3215; x_wconf 84' lang='lat' dir='ltr'>llaec</span> <span class='ocrx_word' id='word_1_127' title='bbox 1238 3149 1353 3236; x_wconf 76' lang='lat' dir='ltr'>peragi</span> <span class='ocrx_word' id='word_1_128' title='bbox 1374 3151 1505 3236; x_wconf 88' lang='lat' dir='ltr'>poterit</span> <span class='ocrx_word' id='word_1_129' title='bbox 1526 3147 1639 3236; x_wconf 80' lang='lat' dir='ltr'>duplici</span> 
     </span>
     <span class='ocr_line' id='line_1_20' title="bbox 436 3255 1640 3345; baseline 0.004 -23"><span class='ocrx_word' id='word_1_130' title='bbox 436 3255 531 3322; x_wconf 94' lang='lat' dir='ltr'>modo</span> <span class='ocrx_word' id='word_1_131' title='bbox 555 3255 610 3320; x_wconf 87' lang='lat' dir='ltr'>rel</span> <span class='ocrx_word' id='word_1_132' title='bbox 634 3255 675 3320; x_wconf 90' lang='lat' dir='ltr'>ad</span> <span class='ocrx_word' id='word_1_133' title='bbox 699 3256 865 3322; x_wconf 90' lang='lat' dir='ltr'>tumulum</span> <span class='ocrx_word' id='word_1_134' title='bbox 888 3256 921 3320; x_wconf 92' lang='lat' dir='ltr'>in</span> <span class='ocrx_word' id='word_1_135' title='bbox 945 3255 1090 3321; x_wconf 85' lang='lat' dir='ltr'>ccclesia</span> <span class='ocrx_word' id='word_1_136' title='bbox 1123 3263 1282 3332; x_wconf 86' lang='lat' dir='ltr'>erectum,</span> <span class='ocrx_word' id='word_1_137' title='bbox 1306 3255 1363 3322; x_wconf 84' lang='lat' dir='ltr'>rel</span> <span class='ocrx_word' id='word_1_138' title='bbox 1393 3275 1499 3345; x_wconf 90' lang='lat' dir='ltr'>prope</span> <span class='ocrx_word' id='word_1_139' title='bbox 1531 3257 1640 3326; x_wconf 73' lang='lat' dir='ltr'>Alam</span> 
     </span>
     <span class='ocr_line' id='line_1_21' title="bbox 437 3364 1640 3452; baseline 0.002 -22"><span class='ocrx_word' id='word_1_140' title='bbox 437 3367 544 3452; x_wconf 87' lang='lat' dir='ltr'>posita</span> <span class='ocrx_word' id='word_1_141' title='bbox 566 3366 600 3429; x_wconf 91' lang='lat' dir='ltr'>in</span> <span class='ocrx_word' id='word_1_142' title='bbox 623 3366 812 3450; x_wconf 79' lang='lat' dir='ltr'>parimento</span> <span class='ocrx_word' id='word_1_143' title='bbox 835 3364 944 3430; x_wconf 91' lang='lat' dir='ltr'>lodice</span> <span class='ocrx_word' id='word_1_144' title='bbox 966 3364 1117 3442; x_wconf 85' lang='lat' dir='ltr'>funerea,</span> <span class='ocrx_word' id='word_1_145' title='bbox 1142 3385 1201 3430; x_wconf 88' lang='lat' dir='ltr'>seu</span> <span class='ocrx_word' id='word_1_146' title='bbox 1227 3384 1336 3452; x_wconf 88' lang='lat' dir='ltr'>panno</span> <span class='ocrx_word' id='word_1_147' title='bbox 1369 3366 1469 3452; x_wconf 80' lang='lat' dir='ltr'>nigro</span> <span class='ocrx_word' id='word_1_148' title='bbox 1497 3373 1640 3442; x_wconf 77' lang='lat' dir='ltr'>extenuo.</span> 
     </span>
     <span class='ocr_line' id='line_1_22' title="bbox 434 3471 1642 3558; baseline 0.004 -22"><span class='ocrx_word' id='word_1_149' title='bbox 434 3472 490 3538; x_wconf 88' lang='lat' dir='ltr'>rel</span> <span class='ocrx_word' id='word_1_150' title='bbox 514 3490 617 3558; x_wconf 87' lang='lat' dir='ltr'>parro</span> <span class='ocrx_word' id='word_1_151' title='bbox 646 3472 776 3537; x_wconf 90' lang='lat' dir='ltr'>tumulo</span> <span class='ocrx_word' id='word_1_152' title='bbox 808 3479 969 3557; x_wconf 84' lang='lat' dir='ltr'>cooperio</span> <span class='ocrx_word' id='word_1_153' title='bbox 999 3490 1109 3557; x_wconf 89' lang='lat' dir='ltr'>panno</span> <span class='ocrx_word' id='word_1_154' title='bbox 1139 3473 1248 3557; x_wconf 82' lang='lat' dir='ltr'>nigro,</span> <span class='ocrx_word' id='word_1_155' title='bbox 1276 3473 1331 3556; x_wconf 92' lang='lat' dir='ltr'>qni</span> <span class='ocrx_word' id='word_1_156' title='bbox 1357 3491 1379 3538; x_wconf 91' lang='lat' dir='ltr'>a</span> <span class='ocrx_word' id='word_1_157' title='bbox 1410 3471 1642 3540; x_wconf 74' lang='lat' dir='ltr'>caeremoniali</span> 
     </span>
     <span class='ocr_line' id='line_1_23' title="bbox 438 3579 1643 3667; baseline 0.005 -23"><span class='ocrx_word' id='word_1_158' title='bbox 438 3579 676 3666; x_wconf 77' lang='lat' dir='ltr'>Episcoporum</span> <span class='ocrx_word' id='word_1_159' title='bbox 692 3579 812 3646; x_wconf 77' lang='lat' dir='ltr'>lectica</span> <span class='ocrx_word' id='word_1_160' title='bbox 827 3585 1053 3646; x_wconf 78' lang='lat' dir='ltr'>mortuorum</span> <span class='ocrx_word' id='word_1_161' title='bbox 1068 3579 1268 3664; x_wconf 87' lang='lat' dir='ltr'>appellatur.</span> <span class='ocrx_word' id='word_1_162' title='bbox 1286 3579 1400 3646; x_wconf 90' lang='lat' dir='ltr'>Prima</span> <span class='ocrx_word' id='word_1_163' title='bbox 1410 3581 1643 3667; x_wconf 76' lang='lat' dir='ltr'>praescribitur</span> 
     </span>
     <span class='ocr_line' id='line_1_24' title="bbox 435 3685 1261 3772; baseline -0.002 -20"><span class='ocrx_word' id='word_1_164' title='bbox 435 3707 456 3752; x_wconf 90' lang='lat' dir='ltr'>a</span> <span class='ocrx_word' id='word_1_165' title='bbox 479 3687 617 3761; x_wconf 86' lang='lat' dir='ltr'>Rituali,</span> <span class='ocrx_word' id='word_1_166' title='bbox 641 3685 751 3751; x_wconf 86' lang='lat' dir='ltr'>altera</span> <span class='ocrx_word' id='word_1_167' title='bbox 773 3706 793 3750; x_wconf 93' lang='lat' dir='ltr'>a</span> <span class='ocrx_word' id='word_1_168' title='bbox 816 3685 1059 3752; x_wconf 81' lang='lat' dir='ltr'>caeremoniali</span> <span class='ocrx_word' id='word_1_169' title='bbox 1082 3687 1261 3772; x_wconf 87' lang='lat' dir='ltr'>praedicto.</span> 
     </span>
    </p>

    <p class='ocr_par' dir='ltr' id='par_1_8' title="bbox 434 3794 1685 4186">
     <span class='ocr_line' id='line_1_25' title="bbox 523 3794 1643 3884; baseline 0.006 -24"><span class='ocrx_word' id='word_1_170' title='bbox 523 3795 554 3860; x_wconf 87' lang='lat'>5.</span> <span class='ocrx_word' id='word_1_171' title='bbox 581 3795 701 3860; x_wconf 78' lang='lat' dir='ltr'>Relate</span> <span class='ocrx_word' id='word_1_172' title='bbox 731 3794 773 3860; x_wconf 88' lang='lat' dir='ltr'>ad</span> <span class='ocrx_word' id='word_1_173' title='bbox 802 3794 1047 3861; x_wconf 84' lang='lat' dir='ltr'>absolutionem</span> <span class='ocrx_word' id='word_1_174' title='bbox 1077 3795 1223 3862; x_wconf 90' lang='lat' dir='ltr'>secundo</span> <span class='ocrx_word' id='word_1_175' title='bbox 1254 3795 1350 3862; x_wconf 92' lang='lat' dir='ltr'>modo</span> <span class='ocrx_word' id='word_1_176' title='bbox 1385 3795 1643 3884; x_wconf 74' lang='lat' dir='ltr'>persolvendam</span> 
     </span>
     <span class='ocr_line' id='line_1_26' title="bbox 436 3903 1685 3990; baseline 0.002 -20"><span class='ocrx_word' id='word_1_177' title='bbox 436 3905 520 3970; x_wconf 87' lang='lat' dir='ltr'>hacc</span> <span class='ocrx_word' id='word_1_178' title='bbox 553 3903 790 3968; x_wconf 81' lang='lat' dir='ltr'>servabuntur.</span> <span class='ocrx_word' id='word_1_179' title='bbox 826 3903 1088 3990; x_wconf 86' lang='lat' dir='ltr'>Praeparabitur</span> <span class='ocrx_word' id='word_1_180' title='bbox 1119 3905 1256 3970; x_wconf 89' lang='lat' dir='ltr'>seorsim</span> <span class='ocrx_word' id='word_1_181' title='bbox 1290 3903 1385 3970; x_wconf 82' lang='lat' dir='ltr'>lodix</span> <span class='ocrx_word' id='word_1_182' title='bbox 1417 3903 1564 3974; x_wconf 78' lang='lat' dir='ltr'>funerea</span> <span class='ocrx_word' id='word_1_183' title='bbox 1593 3925 1646 3983; x_wconf 79' lang='lat' dir='ltr'>een</span> <span class='ocrx_word' id='word_1_184' title='bbox 1679 3921 1685 3938; x_wconf 93' lang='grc'><strong><em>·</em></strong></span> 
     </span>
     <span class='ocr_line' id='line_1_27' title="bbox 436 4010 1646 4098; baseline 0.005 -22"><span class='ocrx_word' id='word_1_185' title='bbox 436 4031 564 4098; x_wconf 86' lang='lat' dir='ltr'>pannus</span> <span class='ocrx_word' id='word_1_186' title='bbox 592 4010 823 4077; x_wconf 87' lang='lat' dir='ltr'>extendendus</span> <span class='ocrx_word' id='word_1_187' title='bbox 852 4019 931 4080; x_wconf 86' lang='lat' dir='ltr'>ante</span> <span class='ocrx_word' id='word_1_188' title='bbox 962 4013 1082 4080; x_wconf 83' lang='lat' dir='ltr'>Altare</span> <span class='ocrx_word' id='word_1_189' title='bbox 1114 4011 1169 4078; x_wconf 89' lang='lat' dir='ltr'>vel</span> <span class='ocrx_word' id='word_1_190' title='bbox 1200 4031 1324 4098; x_wconf 76' lang='lat' dir='ltr'>parius</span> <span class='ocrx_word' id='word_1_191' title='bbox 1350 4013 1504 4082; x_wconf 83' lang='lat' dir='ltr'>tumulus</span> <span class='ocrx_word' id='word_1_192' title='bbox 1535 4011 1646 4090; x_wconf 73' lang='lat' dir='ltr'>ibidem</span> 
     </span>
     <span class='ocr_line' id='line_1_28' title="bbox 434 4119 793 4186; baseline -0.011 0"><span class='ocrx_word' id='word_1_193' title='bbox 434 4119 643 4186; x_wconf 85' lang='lat' dir='ltr'>statuendus.</span> <span class='ocrx_word' id='word_1_194' title='bbox 787 4121 793 4130; x_wconf 83' lang='grc'><strong>”</strong></span> 
     </span>
    </p>

    <p class='ocr_par' dir='ltr' id='par_1_9' title="bbox 522 4227 1648 4317">
     <span class='ocr_line' id='line_1_29' title="bbox 522 4227 1648 4317; baseline 0.009 -25"><span class='ocrx_word' id='word_1_195' title='bbox 522 4228 554 4292; x_wconf 85' lang='grc'>6.</span> <span class='ocrx_word' id='word_1_196' title='bbox 580 4229 761 4312; x_wconf 89' lang='lat' dir='ltr'>Postquam</span> <span class='ocrx_word' id='word_1_197' title='bbox 779 4228 960 4296; x_wconf 78' lang='lat' dir='ltr'>celebrans</span> <span class='ocrx_word' id='word_1_198' title='bbox 981 4229 1200 4317; x_wconf 80' lang='lat' dir='ltr'>compleverit</span> <span class='ocrx_word' id='word_1_199' title='bbox 1222 4228 1455 4294; x_wconf 90' lang='lat' dir='ltr'>recitationem</span> <span class='ocrx_word' id='word_1_200' title='bbox 1481 4229 1590 4298; x_wconf 85' lang='lat' dir='ltr'>ultimi</span> <span class='ocrx_word' id='word_1_201' title='bbox 1613 4227 1648 4302; x_wconf 65' lang='lat' dir='ltr'>Pr</span> 
     </span>
    </p>
   </div>
   <div class='ocr_carea' id='block_1_5' title="bbox 436 4405 1649 4754">
    <p class='ocr_par' dir='ltr' id='par_1_10' title="bbox 436 4405 1649 4569">
     <span class='ocr_line' id='line_1_30' title="bbox 505 4405 1649 4482; baseline 0 -18"><span class='ocrx_word' id='word_1_202' title='bbox 505 4406 547 4477; x_wconf 81' lang='lat' dir='ltr'>(a)</span> <span class='ocrx_word' id='word_1_203' title='bbox 565 4406 637 4462; x_wconf 84' lang='lat' dir='ltr'>Dies</span> <span class='ocrx_word' id='word_1_204' title='bbox 656 4405 768 4465; x_wconf 77' lang='lat' dir='ltr'>tertius.</span> <span class='ocrx_word' id='word_1_205' title='bbox 781 4405 932 4480; x_wconf 81' lang='lat' dir='ltr'>septimus,</span> <span class='ocrx_word' id='word_1_206' title='bbox 945 4407 1111 4464; x_wconf 81' lang='lat' dir='ltr'>tricesimus</span> <span class='ocrx_word' id='word_1_207' title='bbox 1126 4423 1154 4463; x_wconf 81' lang='lat' dir='ltr'>ot</span> <span class='ocrx_word' id='word_1_208' title='bbox 1168 4405 1388 4463; x_wconf 79' lang='lat' dir='ltr'>anniversarius</span> <span class='ocrx_word' id='word_1_209' title='bbox 1408 4407 1576 4480; x_wconf 90' lang='lat' dir='ltr'>computari</span> <span class='ocrx_word' id='word_1_210' title='bbox 1589 4423 1649 4482; x_wconf 81' lang='lat' dir='ltr'>pos·</span> 
     </span>
     <span class='ocr_line' id='line_1_31' title="bbox 436 4495 1057 4569; baseline -0.006 -15"><span class='ocrx_word' id='word_1_211' title='bbox 436 4505 504 4554; x_wconf 89' lang='lat' dir='ltr'>sunt</span> <span class='ocrx_word' id='word_1_212' title='bbox 522 4513 539 4552; x_wconf 91' lang='lat' dir='ltr'>a</span> <span class='ocrx_word' id='word_1_213' title='bbox 558 4495 605 4552; x_wconf 91' lang='lat' dir='ltr'>dio</span> <span class='ocrx_word' id='word_1_214' title='bbox 624 4496 670 4553; x_wconf 86' lang='lat' dir='ltr'>rol</span> <span class='ocrx_word' id='word_1_215' title='bbox 690 4495 792 4554; x_wconf 83' lang='lat' dir='ltr'>obitus.</span> <span class='ocrx_word' id='word_1_216' title='bbox 813 4497 858 4552; x_wconf 84' lang='lat' dir='ltr'>rel</span> <span class='ocrx_word' id='word_1_217' title='bbox 878 4497 1057 4569; x_wconf 74' lang='lat' dir='ltr'>sepulturae.</span> 
     </span>
    </p>

    <p class='ocr_par' dir='ltr' id='par_1_11' title="bbox 439 4585 1648 4754">
     <span class='ocr_line' id='line_1_32' title="bbox 507 4585 1648 4660; baseline 0.005 -18"><span class='ocrx_word' id='word_1_218' title='bbox 507 4587 546 4656; x_wconf 86' lang='lat' dir='ltr'>(b)</span> <span class='ocrx_word' id='word_1_219' title='bbox 566 4587 651 4652; x_wconf 87' lang='lat' dir='ltr'>Quod</span> <span class='ocrx_word' id='word_1_220' title='bbox 670 4587 707 4642; x_wconf 87' lang='lat' dir='ltr'>ad</span> <span class='ocrx_word' id='word_1_221' title='bbox 727 4585 909 4642; x_wconf 86' lang='lat' dir='ltr'>recitandum</span> <span class='ocrx_word' id='word_1_222' title='bbox 928 4587 1056 4642; x_wconf 76' lang='lat' dir='ltr'>officium</span> <span class='ocrx_word' id='word_1_223' title='bbox 1076 4587 1161 4645; x_wconf 83' lang='lat' dir='ltr'>unius</span> <span class='ocrx_word' id='word_1_224' title='bbox 1182 4603 1230 4645; x_wconf 85' lang='lat' dir='ltr'>aut</span> <span class='ocrx_word' id='word_1_225' title='bbox 1246 4588 1332 4644; x_wconf 88' lang='lat' dir='ltr'>trium</span> <span class='ocrx_word' id='word_1_226' title='bbox 1348 4595 1575 4660; x_wconf 75' lang='lat' dir='ltr'>nocturnorum,</span> <span class='ocrx_word' id='word_1_227' title='bbox 1587 4607 1648 4650; x_wconf 82' lang='lat' dir='ltr'>scr·</span> 
     </span>
     <span class='ocr_line' id='line_1_33' title="bbox 439 4673 1326 4754; baseline 0.007 -26"><span class='ocrx_word' id='word_1_228' title='bbox 439 4675 561 4732; x_wconf 87' lang='lat' dir='ltr'>rabitur</span> <span class='ocrx_word' id='word_1_229' title='bbox 579 4694 650 4734; x_wconf 80' lang='lat' dir='ltr'>usus</span> <span class='ocrx_word' id='word_1_230' title='bbox 669 4677 800 4734; x_wconf 91' lang='lat' dir='ltr'>locorum</span> <span class='ocrx_word' id='word_1_231' title='bbox 820 4687 848 4733; x_wconf 81' lang='lat' dir='ltr'>rt</span> <span class='ocrx_word' id='word_1_232' title='bbox 868 4673 1019 4748; x_wconf 81' lang='lat' dir='ltr'>dispositio</span> <span class='ocrx_word' id='word_1_233' title='bbox 1036 4691 1151 4754; x_wconf 87' lang='lat' dir='ltr'>quoquc</span> <span class='ocrx_word' id='word_1_234' title='bbox 1171 4677 1326 4736; x_wconf 85' lang='lat' dir='ltr'>testatoris.</span> 
     </span>
    </p>
   </div>
   <div class='ocr_carea' id='block_1_6' title="bbox 0 0 2102 5717">
    <p class='ocr_par' dir='ltr' id='par_1_12' title="bbox 0 0 2102 5717">
     <span class='ocr_line' id='line_1_34' title="bbox 0 0 2102 5717; baseline 0 0"><span class='ocrx_word' id='word_1_235' title='bbox 0 0 2102 5717; x_wconf 95' lang='lat' dir='ltr'> </span> 
     </span>
    </p>
   </div>
  </div>
 </body>
</html>
