<?xml version="1.0" encoding="UTF-8"?>
<!DOCTYPE html PUBLIC "-//W3C//DTD XHTML 1.0 Transitional//EN"
    "http://www.w3.org/TR/xhtml1/DTD/xhtml1-transitional.dtd">
<html xmlns="http://www.w3.org/1999/xhtml" xml:lang="en" lang="en">
 <head>
  <title>
</title>
<meta http-equiv="Content-Type" content="text/html;charset=utf-8" />
  <meta name='ocr-system' content='tesseract 3.04.00' />
  <meta name='ocr-capabilities' content='ocr_page ocr_carea ocr_par ocr_line ocrx_word'/>
</head>
<body>
  <div class='ocr_page' id='page_1' title='image "./manualesacrarum00martgoog_0786.png"; bbox 0 0 4175 5717; ppageno 0'>
   <div class='ocr_carea' id='block_1_1' title="bbox 520 682 1107 744">
    <p class='ocr_par' dir='ltr' id='par_1_1' title="bbox 520 682 1107 744">
     <span class='ocr_line' id='line_1_1' title="bbox 520 682 1107 744; baseline 0.002 -5"><span class='ocrx_word' id='word_1_1' title='bbox 520 682 562 740; x_wconf 78' lang='lat' dir='ltr'>ut</span> <span class='ocrx_word' id='word_1_2' title='bbox 967 695 1033 742; x_wconf 80' lang='lat' dir='ltr'>aru.</span> <span class='ocrx_word' id='word_1_3' title='bbox 1059 696 1107 744; x_wconf 90' lang='lat'>111.</span> 
     </span>
    </p>
   </div>
   <div class='ocr_carea' id='block_1_2' title="bbox 430 803 1654 1754">
    <p class='ocr_par' dir='ltr' id='par_1_2' title="bbox 431 803 1646 1214">
     <span class='ocr_line' id='line_1_2' title="bbox 523 803 1643 891; baseline 0.004 -21"><span class='ocrx_word' id='word_1_4' title='bbox 523 804 592 870; x_wconf 76' lang='lat' dir='ltr'>taz.</span> <span class='ocrx_word' id='word_1_5' title='bbox 619 805 700 869; x_wconf 87' lang='lat' dir='ltr'>Dum</span> <span class='ocrx_word' id='word_1_6' title='bbox 730 803 882 880; x_wconf 75' lang='lat' dir='ltr'>dimittet,</span> <span class='ocrx_word' id='word_1_7' title='bbox 912 811 1085 891; x_wconf 85' lang='lat' dir='ltr'>utsupra,</span> <span class='ocrx_word' id='word_1_8' title='bbox 1117 813 1319 891; x_wconf 84' lang='lat' dir='ltr'>paramenta,</span> <span class='ocrx_word' id='word_1_9' title='bbox 1353 825 1439 872; x_wconf 90' lang='lat' dir='ltr'>unus</span> <span class='ocrx_word' id='word_1_10' title='bbox 1467 826 1485 871; x_wconf 88' lang='lat' dir='ltr'>a</span> <span class='ocrx_word' id='word_1_11' title='bbox 1512 807 1643 874; x_wconf 84' lang='lat' dir='ltr'>clericis</span> 
     </span>
     <span class='ocr_line' id='line_1_3' title="bbox 433 911 1646 999; baseline 0.002 -21"><span class='ocrx_word' id='word_1_12' title='bbox 433 913 586 999; x_wconf 83' lang='lat' dir='ltr'>disponet</span> <span class='ocrx_word' id='word_1_13' title='bbox 610 933 650 978; x_wconf 80' lang='lat' dir='ltr'>ea</span> <span class='ocrx_word' id='word_1_14' title='bbox 672 913 790 988; x_wconf 90' lang='lat' dir='ltr'>omnia,</span> <span class='ocrx_word' id='word_1_15' title='bbox 815 931 899 995; x_wconf 87' lang='lat' dir='ltr'>quac</span> <span class='ocrx_word' id='word_1_16' title='bbox 919 931 1001 997; x_wconf 92' lang='lat' dir='ltr'>opus</span> <span class='ocrx_word' id='word_1_17' title='bbox 1017 917 1120 977; x_wconf 89' lang='lat' dir='ltr'>erunt</span> <span class='ocrx_word' id='word_1_18' title='bbox 1135 911 1175 978; x_wconf 93' lang='lat' dir='ltr'>ad</span> <span class='ocrx_word' id='word_1_19' title='bbox 1193 912 1404 980; x_wconf 83' lang='lat' dir='ltr'>referendum</span> <span class='ocrx_word' id='word_1_20' title='bbox 1421 913 1454 978; x_wconf 91' lang='lat' dir='ltr'>in</span> <span class='ocrx_word' id='word_1_21' title='bbox 1471 913 1646 980; x_wconf 83' lang='lat' dir='ltr'>ecclesiam</span> 
     </span>
     <span class='ocr_line' id='line_1_4' title="bbox 433 1021 1646 1109; baseline -0.002 -20"><span class='ocrx_word' id='word_1_22' title='bbox 433 1023 490 1089; x_wconf 91' lang='lat' dir='ltr'>SS.</span> <span class='ocrx_word' id='word_1_23' title='bbox 516 1024 778 1098; x_wconf 75' lang='lat' dir='ltr'>Sacramentum,</span> <span class='ocrx_word' id='word_1_24' title='bbox 803 1021 984 1086; x_wconf 82' lang='lat' dir='ltr'>observans</span> <span class='ocrx_word' id='word_1_25' title='bbox 1009 1023 1111 1088; x_wconf 88' lang='lat' dir='ltr'>ritum</span> <span class='ocrx_word' id='word_1_26' title='bbox 1135 1023 1287 1109; x_wconf 88' lang='lat' dir='ltr'>superius</span> <span class='ocrx_word' id='word_1_27' title='bbox 1311 1027 1464 1088; x_wconf 88' lang='lat' dir='ltr'>notatum</span> <span class='ocrx_word' id='word_1_28' title='bbox 1487 1041 1559 1108; x_wconf 90' lang='lat' dir='ltr'>cap.</span> <span class='ocrx_word' id='word_1_29' title='bbox 1585 1021 1646 1088; x_wconf 83' lang='lat' dir='ltr'>tv.</span> 
     </span>
     <span class='ocr_line' id='line_1_5' title="bbox 431 1129 1115 1214; baseline -0.003 -19"><span class='ocrx_word' id='word_1_30' title='bbox 431 1151 520 1196; x_wconf 88' lang='lat' dir='ltr'>num.</span> <span class='ocrx_word' id='word_1_31' title='bbox 545 1130 597 1195; x_wconf 81' lang='lat'>71.</span> <span class='ocrx_word' id='word_1_32' title='bbox 623 1139 747 1214; x_wconf 88' lang='lat' dir='ltr'>etseq.</span> <span class='ocrx_word' id='word_1_33' title='bbox 772 1131 805 1193; x_wconf 92' lang='lat' dir='ltr'>in</span> <span class='ocrx_word' id='word_1_34' title='bbox 831 1129 941 1195; x_wconf 85' lang='lat' dir='ltr'>Coena</span> <span class='ocrx_word' id='word_1_35' title='bbox 964 1129 1115 1194; x_wconf 80' lang='lat' dir='ltr'>Doniini.¹</span> 
     </span>
    </p>

    <p class='ocr_par' dir='ltr' id='par_1_3' title="bbox 431 1235 1649 1432">
     <span class='ocr_line' id='line_1_6' title="bbox 521 1235 1649 1323; baseline 0 -21"><span class='ocrx_word' id='word_1_36' title='bbox 521 1237 594 1302; x_wconf 77' lang='lat'>123.</span> <span class='ocrx_word' id='word_1_37' title='bbox 619 1236 752 1303; x_wconf 81' lang='lat' dir='ltr'>Redibit</span> <span class='ocrx_word' id='word_1_38' title='bbox 774 1243 890 1323; x_wconf 85' lang='lat' dir='ltr'>postea</span> <span class='ocrx_word' id='word_1_39' title='bbox 909 1235 1094 1304; x_wconf 75' lang='lat' dir='ltr'>celebrans</span> <span class='ocrx_word' id='word_1_40' title='bbox 1111 1239 1143 1302; x_wconf 93' lang='lat' dir='ltr'>in</span> <span class='ocrx_word' id='word_1_41' title='bbox 1160 1239 1343 1304; x_wconf 89' lang='lat' dir='ltr'>sacrarium</span> <span class='ocrx_word' id='word_1_42' title='bbox 1361 1243 1396 1304; x_wconf 88' lang='lat' dir='ltr'>et</span> <span class='ocrx_word' id='word_1_43' title='bbox 1411 1236 1546 1304; x_wconf 90' lang='lat' dir='ltr'>dimissa</span> <span class='ocrx_word' id='word_1_44' title='bbox 1561 1235 1649 1304; x_wconf 87' lang='lat' dir='ltr'>stola</span> 
     </span>
     <span class='ocr_line' id='line_1_7' title="bbox 431 1343 1559 1432; baseline -0.001 -23"><span class='ocrx_word' id='word_1_45' title='bbox 431 1366 505 1410; x_wconf 90' lang='lat' dir='ltr'>cum</span> <span class='ocrx_word' id='word_1_46' title='bbox 529 1344 782 1430; x_wconf 83' lang='lat' dir='ltr'>superpelliceo,</span> <span class='ocrx_word' id='word_1_47' title='bbox 807 1343 961 1410; x_wconf 81' lang='lat' dir='ltr'>recitabit</span> <span class='ocrx_word' id='word_1_48' title='bbox 984 1365 1101 1430; x_wconf 79' lang='lat' dir='ltr'>preces</span> <span class='ocrx_word' id='word_1_49' title='bbox 1125 1365 1185 1432; x_wconf 87' lang='lat' dir='ltr'>pro</span> <span class='ocrx_word' id='word_1_50' title='bbox 1208 1347 1391 1431; x_wconf 81' lang='lat' dir='ltr'>gratiarum</span> <span class='ocrx_word' id='word_1_51' title='bbox 1414 1347 1559 1412; x_wconf 85' lang='lat' dir='ltr'>actione.</span> 
     </span>
    </p>

    <p class='ocr_par' dir='ltr' id='par_1_4' title="bbox 430 1451 1654 1754">
     <span class='ocr_line' id='line_1_8' title="bbox 525 1451 1654 1541; baseline 0.002 -26"><span class='ocrx_word' id='word_1_52' title='bbox 525 1453 596 1516; x_wconf 82' lang='lat'>124.</span> <span class='ocrx_word' id='word_1_53' title='bbox 622 1451 744 1517; x_wconf 80' lang='lat' dir='ltr'>Glerici</span> <span class='ocrx_word' id='word_1_54' title='bbox 775 1452 928 1518; x_wconf 89' lang='lat' dir='ltr'>redibunt</span> <span class='ocrx_word' id='word_1_55' title='bbox 960 1451 1001 1516; x_wconf 95' lang='lat' dir='ltr'>ad</span> <span class='ocrx_word' id='word_1_56' title='bbox 1034 1451 1164 1530; x_wconf 84' lang='lat' dir='ltr'>Altare,</span> <span class='ocrx_word' id='word_1_57' title='bbox 1197 1454 1397 1541; x_wconf 84' lang='lat' dir='ltr'>extinguent</span> <span class='ocrx_word' id='word_1_58' title='bbox 1426 1451 1601 1518; x_wconf 85' lang='lat' dir='ltr'>candalas·</span> <span class='ocrx_word' id='word_1_59' title='bbox 1618 1455 1654 1517; x_wconf 84' lang='lat' dir='ltr'>et</span> 
     </span>
     <span class='ocr_line' id='line_1_9' title="bbox 432 1558 1652 1646; baseline 0.004 -23"><span class='ocrx_word' id='word_1_60' title='bbox 432 1558 584 1634; x_wconf 84' lang='lat' dir='ltr'>Gereum,</span> <span class='ocrx_word' id='word_1_61' title='bbox 607 1565 641 1624; x_wconf 88' lang='lat' dir='ltr'>et</span> <span class='ocrx_word' id='word_1_62' title='bbox 676 1559 827 1624; x_wconf 79' lang='lat' dir='ltr'>referent</span> <span class='ocrx_word' id='word_1_63' title='bbox 857 1561 890 1624; x_wconf 94' lang='lat' dir='ltr'>in</span> <span class='ocrx_word' id='word_1_64' title='bbox 922 1561 1107 1625; x_wconf 88' lang='lat' dir='ltr'>sacrarium</span> <span class='ocrx_word' id='word_1_65' title='bbox 1138 1559 1199 1626; x_wconf 89' lang='lat' dir='ltr'>illa</span> <span class='ocrx_word' id='word_1_66' title='bbox 1230 1561 1347 1636; x_wconf 80' lang='lat' dir='ltr'>omnia,</span> <span class='ocrx_word' id='word_1_67' title='bbox 1381 1580 1466 1646; x_wconf 85' lang='lat' dir='ltr'>quae</span> <span class='ocrx_word' id='word_1_68' title='bbox 1501 1559 1652 1628; x_wconf 89' lang='lat' dir='ltr'>adbibita</span> 
     </span>
     <span class='ocr_line' id='line_1_10' title="bbox 430 1667 1652 1754; baseline 0.003 -22"><span class='ocrx_word' id='word_1_69' title='bbox 430 1675 529 1732; x_wconf 90' lang='lat' dir='ltr'>erunt</span> <span class='ocrx_word' id='word_1_70' title='bbox 552 1669 585 1732; x_wconf 93' lang='lat' dir='ltr'>in</span> <span class='ocrx_word' id='word_1_71' title='bbox 609 1668 790 1744; x_wconf 82' lang='lat' dir='ltr'>iunctione,</span> <span class='ocrx_word' id='word_1_72' title='bbox 815 1687 882 1733; x_wconf 91' lang='lat' dir='ltr'>non</span> <span class='ocrx_word' id='word_1_73' title='bbox 905 1675 1048 1754; x_wconf 82' lang='lat' dir='ltr'>excepta</span> <span class='ocrx_word' id='word_1_74' title='bbox 1070 1667 1234 1734; x_wconf 88' lang='lat' dir='ltr'>arundine</span> <span class='ocrx_word' id='word_1_75' title='bbox 1257 1688 1332 1734; x_wconf 89' lang='lat' dir='ltr'>cum</span> <span class='ocrx_word' id='word_1_76' title='bbox 1357 1668 1502 1736; x_wconf 87' lang='lat' dir='ltr'>tricareo</span> <span class='ocrx_word' id='word_1_77' title='bbox 1519 1675 1554 1736; x_wconf 89' lang='lat' dir='ltr'>et</span> <span class='ocrx_word' id='word_1_78' title='bbox 1569 1667 1652 1736; x_wconf 82' lang='lat' dir='ltr'>basi.</span> 
     </span>
    </p>
   </div>
   <div class='ocr_carea' id='block_1_3' title="bbox 758 1935 1318 2052">
    <p class='ocr_par' dir='ltr' id='par_1_5' title="bbox 758 1935 1318 2052">
     <span class='ocr_line' id='line_1_11' title="bbox 758 1935 1318 2052; baseline 0.004 -4"><span class='ocrx_word' id='word_1_79' title='bbox 758 1991 809 2048; x_wconf 86' lang='lat' dir='ltr'>DE</span> <span class='ocrx_word' id='word_1_80' title='bbox 829 1991 1014 2050; x_wconf 80' lang='lat' dir='ltr'>SABBATO</span> <span class='ocrx_word' id='word_1_81' title='bbox 1033 1935 1318 2052; x_wconf 65' lang='lat' dir='ltr'>PENTECOSTEs</span> 
     </span>
    </p>
   </div>
   <div class='ocr_carea' id='block_1_4' title="bbox 920 2300 1161 2368">
    <p class='ocr_par' dir='ltr' id='par_1_6' title="bbox 920 2300 1161 2368">
     <span class='ocr_line' id='line_1_12' title="bbox 920 2300 1161 2368; baseline 0.004 -1"><span class='ocrx_word' id='word_1_82' title='bbox 920 2300 1063 2368; x_wconf 81' lang='lat' dir='ltr'><strong>CAPUT</strong></span> <span class='ocrx_word' id='word_1_83' title='bbox 1088 2301 1161 2368; x_wconf 90' lang='lat' dir='ltr'>VII.</span> 
     </span>
    </p>
   </div>
   <div class='ocr_carea' id='block_1_5' title="bbox 430 2455 1660 2731">
    <p class='ocr_par' dir='ltr' id='par_1_7' title="bbox 430 2455 1660 2731">
     <span class='ocr_line' id='line_1_13' title="bbox 434 2455 1660 2623; baseline 0.006 -25"><span class='ocrx_word' id='word_1_84' title='bbox 434 2534 462 2598; x_wconf 95' lang='lat' dir='ltr'>l.</span> <span class='ocrx_word' id='word_1_85' title='bbox 487 2455 711 2612; x_wconf 76' lang='lat' dir='ltr'>Ecclesiae,</span> <span class='ocrx_word' id='word_1_86' title='bbox 736 2537 770 2601; x_wconf 89' lang='lat' dir='ltr'>in</span> <span class='ocrx_word' id='word_1_87' title='bbox 792 2535 910 2620; x_wconf 83' lang='lat' dir='ltr'>quibus</span> <span class='ocrx_word' id='word_1_88' title='bbox 932 2535 1028 2602; x_wconf 87' lang='lat' dir='ltr'>adest</span> <span class='ocrx_word' id='word_1_89' title='bbox 1052 2537 1126 2602; x_wconf 81' lang='lat' dir='ltr'>lons</span> <span class='ocrx_word' id='word_1_90' title='bbox 1149 2535 1363 2623; x_wconf 89' lang='lat' dir='ltr'>baptismalis,</span> <span class='ocrx_word' id='word_1_91' title='bbox 1388 2539 1557 2602; x_wconf 84' lang='lat' dir='ltr'>tenentur</span> <span class='ocrx_word' id='word_1_92' title='bbox 1584 2537 1660 2604; x_wconf 80' lang='lat' dir='ltr'>fun·</span> 
     </span>
     <span class='ocr_line' id='line_1_14' title="bbox 430 2643 1656 2731; baseline 0.003 -23"><span class='ocrx_word' id='word_1_93' title='bbox 430 2643 573 2709; x_wconf 91' lang='lat' dir='ltr'>ctionem</span> <span class='ocrx_word' id='word_1_94' title='bbox 596 2663 757 2731; x_wconf 83' lang='lat' dir='ltr'>peragere</span> <span class='ocrx_word' id='word_1_95' title='bbox 780 2643 879 2710; x_wconf 88' lang='lat' dir='ltr'>huius</span> <span class='ocrx_word' id='word_1_96' title='bbox 903 2643 977 2722; x_wconf 89' lang='lat' dir='ltr'>diei,</span> <span class='ocrx_word' id='word_1_97' title='bbox 1002 2665 1064 2710; x_wconf 90' lang='lat' dir='ltr'>neo</span> <span class='ocrx_word' id='word_1_98' title='bbox 1087 2644 1168 2710; x_wconf 89' lang='lat' dir='ltr'>licet</span> <span class='ocrx_word' id='word_1_99' title='bbox 1186 2643 1346 2710; x_wconf 90' lang='lat' dir='ltr'>Parocbis</span> <span class='ocrx_word' id='word_1_100' title='bbox 1362 2644 1467 2730; x_wconf 81' lang='lat' dir='ltr'>ipsam</span> <span class='ocrx_word' id='word_1_101' title='bbox 1484 2647 1656 2714; x_wconf 80' lang='lat' dir='ltr'>omittere.</span> 
     </span>
    </p>
   </div>
   <div class='ocr_carea' id='block_1_6' title="bbox 811 2857 1276 2944">
    <p class='ocr_par' dir='ltr' id='par_1_8' title="bbox 811 2857 1276 2944">
     <span class='ocr_line' id='line_1_15' title="bbox 811 2857 1276 2944; baseline -0.013 -12"><span class='ocrx_word' id='word_1_102' title='bbox 811 2857 907 2932; x_wconf 78' lang='lat' dir='ltr'>Quae</span> <span class='ocrx_word' id='word_1_103' title='bbox 928 2861 999 2928; x_wconf 80' lang='lat' dir='ltr'>sint</span> <span class='ocrx_word' id='word_1_104' title='bbox 1017 2860 1276 2944; x_wconf 77' lang='lat' dir='ltr'>praeparanda</span> 
     </span>
    </p>
   </div>
   <div class='ocr_carea' id='block_1_7' title="bbox 430 3074 1659 4134">
    <p class='ocr_par' dir='ltr' id='par_1_9' title="bbox 430 3074 1658 3382">
     <span class='ocr_line' id='line_1_16' title="bbox 518 3074 1656 3158; baseline 0.002 -18"><span class='ocrx_word' id='word_1_105' title='bbox 518 3077 548 3140; x_wconf 77' lang='lat'>2.</span> <span class='ocrx_word' id='word_1_106' title='bbox 574 3075 600 3138; x_wconf 90' lang='grc' dir='ltr'>Ε</span> <span class='ocrx_word' id='word_1_107' title='bbox 625 3075 761 3140; x_wconf 80' lang='lat' dir='ltr'>conchis</span> <span class='ocrx_word' id='word_1_108' title='bbox 783 3093 889 3158; x_wconf 88' lang='lat' dir='ltr'>aquae</span> <span class='ocrx_word' id='word_1_109' title='bbox 912 3081 1049 3140; x_wconf 87' lang='lat' dir='ltr'>sanctae</span> <span class='ocrx_word' id='word_1_110' title='bbox 1074 3076 1106 3140; x_wconf 89' lang='lat' dir='ltr'>in</span> <span class='ocrx_word' id='word_1_111' title='bbox 1130 3074 1245 3140; x_wconf 90' lang='lat' dir='ltr'>limine</span> <span class='ocrx_word' id='word_1_112' title='bbox 1260 3075 1423 3140; x_wconf 87' lang='lat' dir='ltr'>ecclesiae</span> <span class='ocrx_word' id='word_1_113' title='bbox 1439 3076 1656 3144; x_wconf 88' lang='lat' dir='ltr'>amovebitur</span> 
     </span>
     <span class='ocr_line' id='line_1_17' title="bbox 430 3182 1658 3268; baseline 0.005 -20"><span class='ocrx_word' id='word_1_114' title='bbox 430 3203 516 3267; x_wconf 87' lang='lat' dir='ltr'>aqua</span> <span class='ocrx_word' id='word_1_115' title='bbox 539 3182 714 3248; x_wconf 82' lang='lat' dir='ltr'>benedicta</span> <span class='ocrx_word' id='word_1_116' title='bbox 738 3182 852 3268; x_wconf 89' lang='lat' dir='ltr'>paullo</span> <span class='ocrx_word' id='word_1_117' title='bbox 875 3185 953 3248; x_wconf 85' lang='lat' dir='ltr'>anie</span> <span class='ocrx_word' id='word_1_118' title='bbox 977 3183 1193 3260; x_wconf 82' lang='lat' dir='ltr'>functionem,</span> <span class='ocrx_word' id='word_1_119' title='bbox 1218 3190 1257 3248; x_wconf 90' lang='lat' dir='ltr'>ut</span> <span class='ocrx_word' id='word_1_120' title='bbox 1280 3183 1322 3249; x_wconf 93' lang='lat' dir='ltr'>ibi</span> <span class='ocrx_word' id='word_1_121' title='bbox 1338 3183 1570 3252; x_wconf 85' lang='lat' dir='ltr'>substituatur</span> <span class='ocrx_word' id='word_1_122' title='bbox 1588 3185 1658 3254; x_wconf 77' lang='lat' dir='ltr'>alia</span> 
     </span>
     <span class='ocr_line' id='line_1_18' title="bbox 435 3290 1186 3382; baseline 0 -26"><span class='ocrx_word' id='word_1_123' title='bbox 435 3311 552 3374; x_wconf 85' lang='lat' dir='ltr'>recens</span> <span class='ocrx_word' id='word_1_124' title='bbox 576 3312 660 3376; x_wconf 90' lang='lat' dir='ltr'>quae</span> <span class='ocrx_word' id='word_1_125' title='bbox 684 3290 900 3358; x_wconf 88' lang='lat' dir='ltr'>benedicetur</span> <span class='ocrx_word' id='word_1_126' title='bbox 924 3295 957 3357; x_wconf 92' lang='lat' dir='ltr'>in</span> <span class='ocrx_word' id='word_1_127' title='bbox 981 3292 1186 3382; x_wconf 82' lang='lat' dir='ltr'>baptisterio.</span> 
     </span>
    </p>

    <p class='ocr_par' dir='ltr' id='par_1_10' title="bbox 432 3399 1659 4026">
     <span class='ocr_line' id='line_1_19' title="bbox 519 3399 1659 3470; baseline 0.011 -13"><span class='ocrx_word' id='word_1_128' title='bbox 519 3400 550 3464; x_wconf 77' lang='lat'>3.</span> <span class='ocrx_word' id='word_1_129' title='bbox 576 3399 694 3464; x_wconf 90' lang='lat' dir='ltr'>Altare</span> <span class='ocrx_word' id='word_1_130' title='bbox 718 3401 823 3466; x_wconf 89' lang='lat' dir='ltr'>maius</span> <span class='ocrx_word' id='word_1_131' title='bbox 839 3399 1060 3466; x_wconf 86' lang='lat' dir='ltr'>exornabitur</span> <span class='ocrx_word' id='word_1_132' title='bbox 1076 3399 1286 3467; x_wconf 85' lang='lat' dir='ltr'>candelabris</span> <span class='ocrx_word' id='word_1_133' title='bbox 1304 3399 1469 3468; x_wconf 90' lang='lat' dir='ltr'>nobilibus</span> <span class='ocrx_word' id='word_1_134' title='bbox 1484 3423 1565 3469; x_wconf 91' lang='lat' dir='ltr'>cum</span> <span class='ocrx_word' id='word_1_135' title='bbox 1581 3423 1659 3470; x_wconf 88' lang='lat' dir='ltr'>can·</span> 
     </span>
     <span class='ocr_line' id='line_1_20' title="bbox 432 3507 1657 3598; baseline 0.007 -26"><span class='ocrx_word' id='word_1_136' title='bbox 432 3507 516 3572; x_wconf 85' lang='lat' dir='ltr'>dolis</span> <span class='ocrx_word' id='word_1_137' title='bbox 539 3507 634 3584; x_wconf 87' lang='lat' dir='ltr'>albis,</span> <span class='ocrx_word' id='word_1_138' title='bbox 660 3507 777 3582; x_wconf 86' lang='lat' dir='ltr'>Gruce,</span> <span class='ocrx_word' id='word_1_139' title='bbox 794 3508 935 3574; x_wconf 86' lang='lat' dir='ltr'>tobaleis</span> <span class='ocrx_word' id='word_1_140' title='bbox 950 3529 990 3574; x_wconf 88' lang='lat' dir='ltr'>ao</span> <span class='ocrx_word' id='word_1_141' title='bbox 1006 3515 1128 3595; x_wconf 89' lang='lat' dir='ltr'>tapeto.</span> <span class='ocrx_word' id='word_1_142' title='bbox 1147 3508 1342 3595; x_wconf 82' lang='lat' dir='ltr'>Apponetnr</span> <span class='ocrx_word' id='word_1_143' title='bbox 1358 3509 1485 3596; x_wconf 88' lang='lat' dir='ltr'>duplex</span> <span class='ocrx_word' id='word_1_144' title='bbox 1501 3511 1657 3598; x_wconf 87' lang='lat' dir='ltr'>pallium,</span> 
     </span>
     <span class='ocr_line' id='line_1_21' title="bbox 432 3614 1658 3702; baseline 0.009 -24"><span class='ocrx_word' id='word_1_145' title='bbox 432 3614 589 3680; x_wconf 82' lang='lat' dir='ltr'>videlicet</span> <span class='ocrx_word' id='word_1_146' title='bbox 614 3615 798 3680; x_wconf 89' lang='lat' dir='ltr'>violaceum</span> <span class='ocrx_word' id='word_1_147' title='bbox 822 3619 1066 3702; x_wconf 86' lang='lat' dir='ltr'>superpositum</span> <span class='ocrx_word' id='word_1_148' title='bbox 1092 3616 1204 3693; x_wconf 89' lang='lat' dir='ltr'>rubro,</span> <span class='ocrx_word' id='word_1_149' title='bbox 1230 3619 1372 3702; x_wconf 90' lang='lat' dir='ltr'>itemque</span> <span class='ocrx_word' id='word_1_150' title='bbox 1405 3619 1433 3682; x_wconf 91' lang='lat' dir='ltr'>si</span> <span class='ocrx_word' id='word_1_151' title='bbox 1457 3619 1502 3686; x_wconf 92' lang='lat' dir='ltr'>ibi</span> <span class='ocrx_word' id='word_1_152' title='bbox 1539 3627 1658 3688; x_wconf 78' lang='lat' dir='ltr'>custo-</span> 
     </span>
     <span class='ocr_line' id='line_1_22' title="bbox 433 3723 1658 3818; baseline 0.008 -32"><span class='ocrx_word' id='word_1_153' title='bbox 433 3723 544 3788; x_wconf 90' lang='lat' dir='ltr'>dietur</span> <span class='ocrx_word' id='word_1_154' title='bbox 579 3723 636 3788; x_wconf 86' lang='lat' dir='ltr'>SS.</span> <span class='ocrx_word' id='word_1_155' title='bbox 673 3723 935 3800; x_wconf 86' lang='lat' dir='ltr'>Sacramentum,</span> <span class='ocrx_word' id='word_1_156' title='bbox 972 3724 1226 3790; x_wconf 87' lang='lat' dir='ltr'>tabernaculum</span> <span class='ocrx_word' id='word_1_157' title='bbox 1258 3727 1471 3811; x_wconf 85' lang='lat' dir='ltr'>cooperietur</span> <span class='ocrx_word' id='word_1_158' title='bbox 1506 3747 1658 3818; x_wconf 89' lang='lat' dir='ltr'>conopeo</span> 
     </span>
     <span class='ocr_line' id='line_1_23' title="bbox 434 3831 1658 3926; baseline 0.008 -31"><span class='ocrx_word' id='word_1_159' title='bbox 434 3831 584 3896; x_wconf 83' lang='lat' dir='ltr'>violaceo</span> <span class='ocrx_word' id='word_1_160' title='bbox 607 3833 815 3919; x_wconf 85' lang='lat' dir='ltr'>superposito</span> <span class='ocrx_word' id='word_1_161' title='bbox 839 3833 938 3897; x_wconf 86' lang='lat' dir='ltr'>altari</span> <span class='ocrx_word' id='word_1_162' title='bbox 961 3833 1074 3898; x_wconf 87' lang='lat' dir='ltr'>rubro.</span> <span class='ocrx_word' id='word_1_163' title='bbox 1099 3832 1253 3926; x_wconf 81' lang='lat' dir='ltr'>Adurunt</span> <span class='ocrx_word' id='word_1_164' title='bbox 1275 3832 1423 3899; x_wconf 88' lang='lat' dir='ltr'>tabellae</span> <span class='ocrx_word' id='word_1_165' title='bbox 1445 3843 1658 3904; x_wconf 85' lang='lat' dir='ltr'>secretarum</span> 
     </span>
     <span class='ocr_line' id='line_1_24' title="bbox 433 3939 1658 4026; baseline 0.005 -22"><span class='ocrx_word' id='word_1_166' title='bbox 433 3947 468 4004; x_wconf 87' lang='lat' dir='ltr'>et</span> <span class='ocrx_word' id='word_1_167' title='bbox 491 3941 524 4004; x_wconf 91' lang='lat' dir='ltr'>in</span> <span class='ocrx_word' id='word_1_168' title='bbox 548 3959 654 4005; x_wconf 90' lang='lat' dir='ltr'>cornu</span> <span class='ocrx_word' id='word_1_169' title='bbox 678 3939 849 4026; x_wconf 82' lang='lat' dir='ltr'>Epistulae</span> <span class='ocrx_word' id='word_1_170' title='bbox 872 3940 1009 4006; x_wconf 87' lang='lat' dir='ltr'>Missale</span> <span class='ocrx_word' id='word_1_171' title='bbox 1033 3961 1133 4026; x_wconf 90' lang='lat' dir='ltr'>super</span> <span class='ocrx_word' id='word_1_172' title='bbox 1156 3941 1250 4026; x_wconf 84' lang='lat' dir='ltr'>legili</span> <span class='ocrx_word' id='word_1_173' title='bbox 1269 3940 1322 4008; x_wconf 87' lang='lat' dir='ltr'>vel</span> <span class='ocrx_word' id='word_1_174' title='bbox 1340 3941 1474 4008; x_wconf 90' lang='lat' dir='ltr'>cussino</span> <span class='ocrx_word' id='word_1_175' title='bbox 1491 3945 1658 4014; x_wconf 73' lang='lat' dir='ltr'>violaceo.</span> 
     </span>
    </p>

    <p class='ocr_par' dir='ltr' id='par_1_11' title="bbox 522 4047 1191 4134">
     <span class='ocr_line' id='line_1_25' title="bbox 522 4047 1191 4134; baseline 0.001 -23"><span class='ocrx_word' id='word_1_176' title='bbox 522 4051 551 4111; x_wconf 76' lang='lat'>4.</span> <span class='ocrx_word' id='word_1_177' title='bbox 577 4047 759 4134; x_wconf 86' lang='lat' dir='ltr'>Lampados</span> <span class='ocrx_word' id='word_1_178' title='bbox 783 4049 816 4111; x_wconf 92' lang='lat' dir='ltr'>in</span> <span class='ocrx_word' id='word_1_179' title='bbox 841 4047 994 4114; x_wconf 83' lang='lat' dir='ltr'>Ecclesia</span> <span class='ocrx_word' id='word_1_180' title='bbox 1016 4049 1191 4115; x_wconf 88' lang='lat' dir='ltr'>ardebunt.</span> 
     </span>
    </p>
   </div>
   <div class='ocr_carea' id='block_1_8' title="bbox 434 4154 1659 4778">
    <p class='ocr_par' dir='ltr' id='par_1_12' title="bbox 434 4154 1659 4778">
     <span class='ocr_line' id='line_1_26' title="bbox 520 4154 1659 4250; baseline 0.01 -29"><span class='ocrx_word' id='word_1_181' title='bbox 520 4155 551 4221; x_wconf 81' lang='lat'>5.</span> <span class='ocrx_word' id='word_1_182' title='bbox 577 4154 683 4240; x_wconf 88' lang='lat' dir='ltr'>Super</span> <span class='ocrx_word' id='word_1_183' title='bbox 705 4155 808 4242; x_wconf 81' lang='lat' dir='ltr'>abaco</span> <span class='ocrx_word' id='word_1_184' title='bbox 833 4157 933 4241; x_wconf 82' lang='lat' dir='ltr'>ipsius</span> <span class='ocrx_word' id='word_1_185' title='bbox 958 4157 1087 4222; x_wconf 79' lang='lat' dir='ltr'>Altaris</span> <span class='ocrx_word' id='word_1_186' title='bbox 1111 4163 1268 4243; x_wconf 85' lang='lat' dir='ltr'>cooperto</span> <span class='ocrx_word' id='word_1_187' title='bbox 1292 4158 1421 4224; x_wconf 87' lang='lat' dir='ltr'>mantili</span> <span class='ocrx_word' id='word_1_188' title='bbox 1445 4159 1526 4227; x_wconf 88' lang='lat' dir='ltr'>albo</span> <span class='ocrx_word' id='word_1_189' title='bbox 1558 4183 1659 4250; x_wconf 81' lang='lat' dir='ltr'>prae·</span> 
     </span>
     <span class='ocr_line' id='line_1_27' title="bbox 434 4263 1659 4351; baseline 0.012 -26"><span class='ocrx_word' id='word_1_190' title='bbox 434 4263 606 4347; x_wconf 88' lang='lat' dir='ltr'>parabitur</span> <span class='ocrx_word' id='word_1_191' title='bbox 632 4263 767 4328; x_wconf 80' lang='lat' dir='ltr'>Missalc</span> <span class='ocrx_word' id='word_1_192' title='bbox 791 4263 1011 4330; x_wconf 87' lang='lat' dir='ltr'>adhibendum</span> <span class='ocrx_word' id='word_1_193' title='bbox 1037 4287 1096 4351; x_wconf 90' lang='lat' dir='ltr'>pro</span> <span class='ocrx_word' id='word_1_194' title='bbox 1121 4266 1269 4341; x_wconf 89' lang='lat' dir='ltr'>Litaniis,</span> <span class='ocrx_word' id='word_1_195' title='bbox 1294 4268 1448 4332; x_wconf 83' lang='lat' dir='ltr'>cassinus</span> <span class='ocrx_word' id='word_1_196' title='bbox 1474 4270 1574 4337; x_wconf 90' lang='lat' dir='ltr'>rubri</span> <span class='ocrx_word' id='word_1_197' title='bbox 1602 4293 1659 4340; x_wconf 83' lang='lat' dir='ltr'>co-</span> 
     </span>
     <span class='ocr_line' id='line_1_28' title="bbox 434 4370 1658 4460; baseline 0.011 -27"><span class='ocrx_word' id='word_1_198' title='bbox 434 4370 516 4435; x_wconf 89' lang='lat' dir='ltr'>loris</span> <span class='ocrx_word' id='word_1_199' title='bbox 551 4391 611 4456; x_wconf 90' lang='lat' dir='ltr'>pro</span> <span class='ocrx_word' id='word_1_200' title='bbox 643 4371 771 4436; x_wconf 76' lang='lat' dir='ltr'>blissali</span> <span class='ocrx_word' id='word_1_201' title='bbox 803 4370 940 4447; x_wconf 77' lang='lat' dir='ltr'>Altaria,</span> <span class='ocrx_word' id='word_1_202' title='bbox 973 4375 1035 4440; x_wconf 83' lang='lat' dir='ltr'>nisi</span> <span class='ocrx_word' id='word_1_203' title='bbox 1067 4373 1277 4439; x_wconf 86' lang='lat' dir='ltr'>adhibebitur</span> <span class='ocrx_word' id='word_1_204' title='bbox 1311 4374 1423 4460; x_wconf 82' lang='lat' dir='ltr'>legile,</span> <span class='ocrx_word' id='word_1_205' title='bbox 1456 4376 1551 4444; x_wconf 81' lang='lat' dir='ltr'>calix</span> <span class='ocrx_word' id='word_1_206' title='bbox 1585 4379 1658 4446; x_wconf 77' lang='lat' dir='ltr'>cuni</span> 
     </span>
     <span class='ocr_line' id='line_1_29' title="bbox 434 4479 1658 4569; baseline 0.015 -31"><span class='ocrx_word' id='word_1_207' title='bbox 434 4480 638 4544; x_wconf 88' lang='lat' dir='ltr'>ornamentis</span> <span class='ocrx_word' id='word_1_208' title='bbox 661 4479 784 4545; x_wconf 85' lang='lat' dir='ltr'>coloris</span> <span class='ocrx_word' id='word_1_209' title='bbox 810 4480 912 4556; x_wconf 88' lang='lat' dir='ltr'>rubri,</span> <span class='ocrx_word' id='word_1_210' title='bbox 937 4484 1106 4569; x_wconf 89' lang='lat' dir='ltr'>ampullae</span> <span class='ocrx_word' id='word_1_211' title='bbox 1132 4483 1207 4557; x_wconf 85' lang='lat' dir='ltr'>viui,</span> <span class='ocrx_word' id='word_1_212' title='bbox 1232 4489 1267 4548; x_wconf 87' lang='lat' dir='ltr'>et</span> <span class='ocrx_word' id='word_1_213' title='bbox 1291 4502 1396 4566; x_wconf 88' lang='lat' dir='ltr'>aquae</span> <span class='ocrx_word' id='word_1_214' title='bbox 1418 4484 1453 4548; x_wconf 91' lang='lat' dir='ltr'>in</span> <span class='ocrx_word' id='word_1_215' title='bbox 1473 4485 1658 4568; x_wconf 78' lang='lat' dir='ltr'>pelvicula,</span> 
     </span>
     <span class='ocr_line' id='line_1_30' title="bbox 434 4587 1659 4678; baseline 0.018 -35"><span class='ocrx_word' id='word_1_216' title='bbox 434 4587 679 4670; x_wconf 83' lang='lat' dir='ltr'>manutergium</span> <span class='ocrx_word' id='word_1_217' title='bbox 705 4607 764 4651; x_wconf 86' lang='lat' dir='ltr'>seu</span> <span class='ocrx_word' id='word_1_218' title='bbox 788 4589 952 4674; x_wconf 88' lang='lat' dir='ltr'>mappula,</span> <span class='ocrx_word' id='word_1_219' title='bbox 978 4591 1176 4673; x_wconf 85' lang='lat' dir='ltr'>carnpanula</span> <span class='ocrx_word' id='word_1_220' title='bbox 1199 4597 1234 4656; x_wconf 84' lang='lat' dir='ltr'>at</span> <span class='ocrx_word' id='word_1_221' title='bbox 1256 4590 1404 4678; x_wconf 74' lang='lat' dir='ltr'>pluviale</span> <span class='ocrx_word' id='word_1_222' title='bbox 1428 4591 1559 4660; x_wconf 81' lang='lat' dir='ltr'>coloris</span> <span class='ocrx_word' id='word_1_223' title='bbox 1589 4597 1659 4664; x_wconf 90' lang='lat' dir='ltr'>vio·</span> 
     </span>
     <span class='ocr_line' id='line_1_31' title="bbox 442 4689 844 4778; baseline 0.017 -27"><span class='ocrx_word' id='word_1_224' title='bbox 442 4689 526 4753; x_wconf 89' lang='lat' dir='ltr'>lacei</span> <span class='ocrx_word' id='word_1_225' title='bbox 551 4713 610 4778; x_wconf 91' lang='lat' dir='ltr'>pro</span> <span class='ocrx_word' id='word_1_226' title='bbox 635 4693 844 4760; x_wconf 88' lang='lat' dir='ltr'>Celebrante.</span> 
     </span>
    </p>
   </div>
   <div class='ocr_carea' id='block_1_9' title="bbox 0 0 2096 5717">
    <p class='ocr_par' dir='ltr' id='par_1_13' title="bbox 0 0 2096 5717">
     <span class='ocr_line' id='line_1_32' title="bbox 0 0 2096 5717; baseline 0 0"><span class='ocrx_word' id='word_1_227' title='bbox 0 0 2096 5717; x_wconf 95' lang='lat' dir='ltr'> </span> 
     </span>
    </p>
   </div>
  </div>
 </body>
</html>
