4175 5717
518 725 580 792 100
958 745 1024 790 uin.
1049 743 1098 790 111.

537 851 617 918 Aot.
642 851 676 916 Si
700 851 890 933 iniquitttes
913 855 947 914 et
970 850 1131 934 psalmum

541 977 585 1040 lto
609 975 777 1061 profdndis
801 975 940 1039 clauidri
964 981 1028 1039 eto.

517 1190 553 1254 ln
578 1189 642 1254 tine
665 1189 753 1256 dicet

539 1412 570 1478 ὴ.
596 1405 752 1488 ttdquiem
775 1407 945 1472 aeternam
968 1405 1055 1470 dona
1079 1407 1135 1480 eis,
1161 1405 1305 1470 deiue.
1329 1403 1374 1468 Et
1398 1403 1459 1470 lux
1477 1401 1640 1490 perpetue

431 1529 542 1594 liceat
564 1533 621 1595 eis.

535 1743 660 1814 Repetet
678 1741 782 1798 deinde
801 1749 892 1798 totum

539 1941 618 2006 Ant.
643 1939 677 2005 Si
708 1941 898 2024 iniquitttes
929 1941 1169 2018 observtveris,
1204 1939 1535 2014 Domine:1)dmiue‚
1567 1939 1638 2024 quis

420 2063 605 2130 sustinebit.
618 2063 632 2130 i

538 2295 700 2366 subiungot
723 2281 829 2366 Kyrie
844 2281 982 2347 eleison.
999 2281 1131 2348 Ohriete
1146 2279 1282 2348 eleison.
1303 2279 1410 2365 Kyrie
1425 2277 1565 2346 eleison.
1583 2299 1637 2356 p..

433 2417 478 2458 tor
496 2411 604 2460 noster.
623 2410 651 2459 ot
671 2409 866 2478 prosequetur
883 2411 1009 2460 secreto.

518 2622 571 2686 41.
596 2621 826 2706 Aspersorium
850 2621 910 2708 ipsi
925 2641 946 2686 a
961 2621 1114 2686 Parooho
1130 2621 1292 2697 tradetur,
1309 2625 1344 2684 et
1358 2626 1514 2706 asperget
1538 2641 1638 2710 super

430 2730 651 2815 pavimentum
674 2727 871 2814 presbyterii
893 2747 1012 2794 versus
1035 2727 1187 2804 medium,
1210 2747 1231 2792 e
1253 2727 1396 2792 sinistris
1422 2731 1493 2792 eta
1509 2727 1641 2796 dextris

430 2838 509 2910 suis,
533 2841 602 2898 tum
626 2836 848 2921 aspersorium
871 2835 1025 2900 Perocho
1048 2835 1212 2900 restituet..
1238 2834 1357 2898 Postea
1373 2833 1556 2914 incensum,
1583 2837 1641 2902 mi·

433 2945 595 3006 nistraute
620 2941 780 3017 parocho,
804 2941 956 3006 demittet
977 2962 1052 3007 oum
1076 2939 1302 3006 benedictione
1325 2947 1484 3006 consuete
1507 2943 1541 3008 iu
1565 2943 1642 3008 thu·

434 3049 589 3122 ribulum,
613 3048 699 3132 quod
722 3055 800 3114 ante
823 3069 898 3113 eum
922 3047 1099 3114 sustinebit
1121 3048 1265 3114 clericus
1289 3043 1497 3132 genuflexus,
1523 3055 1558 3114 et
1581 3069 1641 3116 ao-

432 3163 527 3241 oepto
549 3175 569 3220 s
593 3155 743 3219 Perocho
767 3154 948 3224 thuribulo.
966 3153 1242 3220 thurificationem
1258 3159 1396 3240 peraget
1410 3153 1526 3220 eodem
1544 3155 1640 3224 modo

432 3285 472 3329 ao
494 3265 726 3349 aspersionem.
744 3263 929 3328 'thuribulo
946 3261 1075 3328 reddito
1090 3262 1249 3334 Paroeho
1268 3261 1446 3347 subiunget
1460 3269 1642 3350 sequentes

433 3371 617 3438 versiculos

544 3591 574 3659 γ.
601 3585 644 3650 Et
666 3604 708 3650 ue
732 3603 792 3649 uos
815 3582 951 3650 iuddoss
973 3585 1006 3649 in
1029 3585 1255 3650 tentet-ionem.

544 3722 579 3792 n.
604 3709 667 3777 Sed
691 3706 798 3777 libera
820 3731 881 3777 nos
902 3730 923 3777 a
944 3710 1043 3776 malo.

544 3843 574 3911 t.
600 3837 636 3901 Iu
660 3833 817 3903 memdrie
838 3835 977 3903 eetdrns
1000 3841 1101 3902 eruut
1124 3835 1211 3912 iusti,

545 3973 580 4044 n.
604 3962 655 4028 Ab
677 3962 845 4030 auditione
867 3964 956 4028 male
978 3982 1044 4028 uon
1067 3960 1238 4031 timebunt

542 4093 573 4161 t.
598 4089 627 4152 Α
651 4097 749 4175 porta
765 4087 866 4152 inferi

545 4225 579 4294 ro.
605 4214 704 4282 Erue.
730 4207 875 4282 nomine,
899 4211 1024 4278 tuimas
1048 4213 1173 4279 edrum.

544 4345 574 4413 γ.
600 4337 758 4422 Requiem
781 4333 949 4400 aeternam
972 4335 1059 4402 done
1082 4341 1139 4414 eis,
1165 4339 1307 4406 deine.

548 4472 582 4542 it.
607 4462 651 4526 Et.
674 4462 734 4527 lux
758 4455 917 4544 perpetua
938 4458 1047 4526 liceat
1073 4464 1129 4526 eis.

547 4593 577 4660 t.
603 4587 747 4662 Domino,
771 4581 890 4650 exaudi
913 4589 1096 4652 orationem
1121 4609 1234 4656 meam.
