4175 5717
560 653 626 719 258
1018 671 1084 718 me.
1109 671 1144 718 11.

554 781 586 846 9.
612 779 710 866 Apud
726 779 863 845 abacum
880 777 1138 865 praeparabitur
1155 777 1279 844 Gerous
1295 776 1462 864 paschalis
1484 795 1560 844 cum
1577 777 1696 864 mnis

428 919 441 958 1
468 888 587 965 infixis,
612 887 817 955 adhibendus
841 889 874 953 in
897 885 1129 952 benedictione
1152 885 1266 952 fontis.

559 997 608 1063 lo.
633 997 671 1061 In
694 995 801 1060 medio
825 993 1035 1081 presbyterio
1058 993 1315 1082 praeparabitur
1337 994 1442 1090 legile
1464 992 1591 1061 nudum
1616 1013 1696 1060 oum

468 1105 595 1172 Missali
619 1124 680 1191 pro
704 1102 861 1169 canendis
885 1103 1078 1189 prophetiis,
1360 1099 1370 1116 “

558 1214 608 1278 11.
632 1212 683 1278 Ad
706 1210 936 1298 baptisterium
958 1209 1104 1277 aderunt
1126 1212 1187 1279 illa
1218 1212 1337 1288 omnia,
1362 1229 1447 1296 quae
1478 1207 1520 1276 de
1547 1207 1700 1276 Sabbata

469 1328 584 1387 sancto
609 1321 798 1386 notavimus
815 1338 904 1384 num.
932 1319 981 1384 12.
1004 1325 1077 1406 'cap
1103 1319 1273 1407 praedicti.

559 1429 610 1494 12.
634 1421 784 1512 Aequum
808 1433 906 1503 esset,
933 1433 970 1492 ut
991 1425 1136 1494 officium
1160 1431 1379 1514 perageretur
1402 1429 1437 1493 in
1460 1427 1528 1494 alio
1550 1427 1698 1504 sacello,

467 1538 495 1603 11
519 1536 617 1623 plura
640 1541 752 1602 essent
774 1535 807 1598 in
831 1534 950 1619 quibus
973 1537 1089 1620 peragi
1112 1535 1250 1612 soleret,
1273 1553 1369 1602 secus
1393 1533 1466 1600 fleri
1496 1535 1623 1622 poterit
1654 1533 1701 1604 ed

469 1644 598 1720 Altare,
622 1645 657 1708 in
681 1661 746 1727 quo
770 1647 886 1728 postea
902 1641 1031 1708 functio
1054 1641 1291 1709 celebrabitur.
1308 1642 1380 1708 Hoc
1394 1647 1506 1708 autem
1529 1661 1614 1708 casu
1638 1641 1702 1710 Al·

469 1759 543 1818 1119
565 1752 753 1817 1111119111
777 1749 882 1835 pallio
897 1749 965 1814 albi
981 1749 1115 1826 coloris,
1140 1749 1227 1834 quod
1250 1749 1458 1816 amovebitur
1481 1751 1596 1816 statim
1619 1755 1702 1838 post
1743 1779 1751 1798 ·

468 1864 640 1945 peractum
675 1855 827 1933 officium,
853 1862 888 1923 91
910 1857 1153 1942 extinguentur
1176 1855 1345 1934 candelae,
1369 1877 1455 1942 quae
1478 1856 1589 1926 Officii
1613 1865 1702 1926 tem-

470 1986 552 2054 pore
576 1963 744 2032 inaltant
769 1972 871 2031 erunt
893 1983 1064 2031 accensae.

561 2077 611 2142 13.
636 2076 778 2142 Functio
813 2076 958 2141 maxima
980 2093 1024 2142 ex
1055 2079 1150 2160 parte
1182 2073 1299 2142 similis
1323 2079 1375 2142 est
1408 2073 1542 2142 Sabbati
1575 2077 1702 2154 sancti,

469 2184 608 2268 ideoque
631 2183 672 2250 ad
696 2183 879 2270 capitulum
897 2181 981 2248 illud
997 2181 1150 2268 legentes
1167 2181 1375 2259 remittimus,
1392 2200 1435 2247 ne
1454 2181 1587 2250 frustra
1602 2201 1703 2250 eam-

472 2291 546 2358 dem
569 2293 743 2358 materiam
767 2295 999 2357 retractemus:
1029 2288 1155 2374 aliquid
1179 2295 1310 2355 tautum
1334 2291 1519 2368 innuamus,
1544 2296 1585 2358 ut
1612 2311 1703 2358 nor-

474 2418 561 2463 mam
583 2398 660 2464 inde
682 2404 802 2474 sumat,
826 2399 883 2483 qui
906 2397 1113 2464 functionem
1136 2395 1372 2463 moderabitur.

561 2506 610 2572 14.
637 2506 721 2571 Dum
745 2507 779 2570 in
802 2505 907 2571 choro
935 2524 1023 2570 nona
1055 2505 1146 2570 Hora
1176 2503 1385 2581 recitabitur,
1409 2504 1594 2572 Celebraus
1619 2525 1702 2576 cum

471 2615 634 2679 Ministris
656 2612 816 2679 induetur
838 2613 1042 2698 paramentis
1059 2611 1182 2679 coloris
1206 2611 1358 2678 violacei.
1375 2632 1492 2700 nempe
1509 2613 1703 2684 celebrans

470 2724 604 2799 amictu,
629 2721 715 2800 alba,
739 2721 887 2807 cingulo,
920 2719 1100 2806 manipulo,
1125 2721 1215 2786 stola
1237 2725 1272 2788 et
1294 2720 1442 2806 planeta,
1465 2721 1614 2788 Ministri
1643 2743 1706 2792 au·

473 2836 539 2894 tem
563 2829 710 2914 planetis
734 2828 875 2914 plicatis.

563 2935 612 3002 15.
636 2935 719 3003 Fine
735 2935 825 3002 lacto
843 2935 1005 3002 recitandi
1025 2937 1059 3000 in
1084 2936 1187 3001 choro
1205 2937 1341 3016 Nonam,
1354 2938 1465 3004 statim
1487 2940 1704 3026 extinguen-

471 3051 528 3109 tur
552 3045 586 3109 in
611 3043 722 3109 Altari
745 3043 915 3119 candelae,
938 3043 1148 3109 amovebitur
1172 3044 1311 3130 pallium
1334 3045 1446 3112 album
1462 3051 1497 3113 et
1519 3047 1568 3114 ita
1590 3067 1703 3136 appe-

354 3177 358 3184 ·
472 3152 560 3217 191111
581 3151 726 3219 alterurn
749 3151 946 3217 violaceum.

564 3259 614 3324 16.
639 3259 712 3324 Non
735 3259 909 3325 sonabitur
931 3261 1131 3347 campanula
1155 3263 1303 3338 sacrarii,
1328 3283 1428 3348 quum
1447 3260 1488 3329 de
1503 3263 1566 3330 illa
1589 3263 1703 3334 exibit

471 3367 653 3434 celebrans
677 3387 752 3434 cum
776 3369 948 3445 Ministris,
973 3371 1028 3454 qui
1053 3371 1327 3456 praecedentibus
1362 3371 1539 3458 Acolythis
1570 3373 1700 3442 innotis

472 3475 632 3552 manibus,
656 3475 746 3541 11111
769 3481 844 3562 post
866 3476 1012 3542 alterum
1035 3479 1144 3564 capite
1167 3483 1324 3565 cooperto
1340 3486 1374 3544 et
1396 3479 1517 3546 iunctis
1541 3481 1698 3550 manibus

472 3581 512 3647 ad
538 3581 657 3649 Altare
679 3582 943 3669 proficiscentur.

564 3691 614 3754 17.
638 3691 676 3754 ln
700 3691 839 3757 chorum
862 3712 963 3777 quum
994 3695 1136 3770 venerit,
1160 3693 1356 3760 salutabunt
1386 3693 1532 3770 (ilerum,
1557 3696 1699 3764 venient

473 3803 551 3862 ante
576 3791 716 3872 Α11119,“
731 3797 912 3864 celebrans
936 3801 1169 3877 reverentiam,
1188 3801 1332 3867 Ministri
1347 3798 1617 3887 genuflexionem
1641 3803 1699 3870 11-

473 3905 564 3971 cient
586 3903 627 3969 ad
652 3903 801 3983 crucem,
825 3907 889 3972 nisi
913 3907 1041 3973 luerint
1071 3907 1239 3980 (tanonici¹
1252 3914 1286 3974 91
1309 3909 1343 3972 in
1366 3929 1427 3974 sua
1456 3909 1601 3976 ecclesia
1631 3911 1699 3978 mi-

475 4012 705 4078 nistraverint.

561 4119 611 4184 18.
638 4119 818 4186 Celebrans
842 4141 918 4188 cum
942 4123 1104 4189 Ministris
1128 4123 1169 4188 ad
1193 4124 1312 4190 Altare
1328 4123 1495 4202 ascendet,
1520 4126 1697 4212 ipsumque

471 4229 504 4290 in
530 4226 635 4292 medic
652 4228 871 4305 osculabitur:
885 4231 1027 4296 Ministri
1045 4251 1111 4296 non
1127 4230 1361 4317 genuflectent·
1376 4231 1492 4298 deinde
1510 4232 1697 4300 Celebrans

471 4343 505 4398 et
529 4336 672 4400 Ministri
689 4337 787 4400 simul
806 4338 996 4404 transibunt
1012 4339 1044 4402 in
1061 4360 1166 4406 cornu
1183 4341 1353 4426 Epistolae
1370 4340 1478 4425 ibique
1498 4341 1696 4420 subsistent,

475 4451 511 4505 ut
533 4442 567 4506 in
592 4444 735 4508 introitu
761 4446 881 4510 Missae
905 4446 1072 4512 solemnis.

562 4548 610 4613 19.
637 4549 808 4618 (tenentur
832 4552 1033 4640 prophetiae,
1060 4557 1154 4621 utin
1181 4555 1324 4622 Sabbato
1355 4562 1482 4634 sancto,
1507 4555 1693 4628 celebrans
