4175 5717
520 710 582 776 126
971 732 1038 780 nus.
1065 734 1098 780 11.

430 841 650 906 remoniarius
674 845 830 925 assurget
853 845 888 906 et
918 838 1057 906 accedet
1089 840 1130 906 ad
1160 841 1335 908 dexteram
1366 840 1578 908 celebrantis
1614 845 1653 907 ut

430 951 460 1014 ei
490 953 657 1013 monstret
692 948 877 1013 orationem
914 947 1106 1026 canendam,
1139 950 1166 1014 si
1198 969 1279 1036 opus
1318 949 1430 1016 fuerit.
1467 947 1653 1032 Celebrant

430 1057 551 1121 iunctis
574 1054 725 1122 manibus
749 1074 789 1120 ac
811 1060 892 1122 tono
913 1057 1026 1122 feriali
1051 1057 1200 1123 cantabit
1222 1045 1407 1124 orationem
1430 1056 1471 1122 de
1496 1055 1554 1122 SS.
1588 1054 1653 1122 Sa-

430 1171 602 1229 cramento
626 1183 702 1229 cum
726 1163 942 1229 conclusione
965 1164 1069 1238 brevi,
1094 1164 1224 1230 scilicet
1250 1163 1318 1237 Qui
1337 1166 1425 1232 viora
1452 1171 1485 1232 et
1518 1181 1652 1249 reama

430 1274 466 1338 in
489 1273 632 1338 saecula
654 1277 716 1336 etc.
741 1291 781 1336 ac
805 1291 923 1337 rursus
946 1271 1246 1356 adgeniculabitur.

517 1380 571 1446 85.
595 1380 761 1446 Diaconus
786 1381 925 1467 recipiet
947 1379 1082 1456 librum,
1107 1401 1149 1447 ex
1174 1401 1238 1464 quo
1262 1379 1444 1446 Gelebrans
1464 1380 1650 1446 orationem

430 1489 599 1565 cecinerit,
624 1486 760 1554 claudet
782 1486 880 1552 illum
904 1507 943 1552 ac
966 1489 1125 1553 restituet
1149 1487 1426 1554 caeremoniario.

519 1596 572 1660 86.
597 1595 721 1661 Postea
743 1595 908 1660 Diaconus
930 1594 971 1660 ab
994 1593 1109 1660 eodem
1135 1594 1402 1661 eaeremoniario
1425 1594 1568 1679 accipiet
1598 1613 1652 1660 ve·

431 1703 501 1768 lum
525 1701 710 1779 humerale,
734 1707 900 1786 assurget,
924 1709 959 1767 et
982 1703 1129 1788 imponet
1152 1700 1238 1767 illud
1260 1701 1408 1768 humeris
1429 1699 1651 1776 Celebrantis

433 1808 659 1875 Subdiaconus
682 1814 793 1874 autem
816 1809 878 1894 ipsi
900 1815 979 1875 ante
1002 1815 1119 1894 pectus
1142 1809 1305 1895 alligabit.

520 1917 573 1982 87.
598 1916 731 1982 Interea
762 1915 907 1981 clericus
938 1915 1165 2002 apprehendet
1199 1916 1393 1995 scabellum,
1425 1936 1484 1984 seu
1516 1917 1652 1986 brevem

433 2024 568 2101 scalam,
592 2019 709 2089 afferet
732 2021 773 2088 ad
798 2022 917 2087 Altare
942 2030 976 2089 et
1005 2023 1187 2090 collocabit
1220 2043 1292 2088 eam
1323 2025 1357 2090 in
1393 2023 1500 2090 medio
1531 2043 1654 2112 suppe-

433 2133 549 2198 daneo.
581 2132 748 2196 Diaconus
777 2129 938 2197 ascendet
970 2130 1011 2196 ad
1041 2130 1171 2207 Altare,
1204 2129 1408 2216 genuflectet
1445 2131 1547 2198 simul
1579 2151 1653 2198 cum

434 2240 569 2315 clerico,
594 2239 649 2323 qui
672 2237 857 2304 scabellum
879 2239 1044 2314 attulerit,
1064 2239 1266 2306 conscendet
1287 2241 1403 2326 ipsum,
1421 2239 1654 2308 Ostensorium

435 2349 599 2414 ethrono
622 2346 751 2422 educet,
781 2366 883 2434 supra
915 2365 1063 2413 mensam
1096 2346 1239 2434 deponet
1269 2349 1304 2412 in
1333 2346 1441 2413 medio
1474 2345 1654 2434 corporali,

435 2452 704 2540 genuflexionem
727 2474 804 2520 cum
828 2453 1019 2542 supradicto
1042 2454 1167 2520 clerico
1191 2455 1327 2521 iterabit
1349 2460 1383 2520 et
1399 2452 1655 2540 geniculabitin

436 2560 647 2648 suppedaneo
670 2581 691 2625 a
715 2560 823 2626 latere
845 2581 948 2648 prope
971 2561 1124 2638 medium,
1149 2561 1300 2648 paullum
1324 2582 1423 2628 versa
1444 2561 1532 2628 facie
1548 2559 1591 2628 ad
1606 2560 1654 2628 la·

436 2676 490 2734 tus
514 2668 701 2753 Evangelii.

523 2778 576 2841 88.
602 2776 753 2842 Clericus
784 2775 919 2842 iterabit
955 2773 1234 2863 genuflexionem,
1266 2775 1451 2843 scabellum
1481 2775 1585 2844 tollet
1613 2774 1653 2850 ab

437 2885 548 2950 Alteri
570 2904 609 2950 ac
633 2889 774 2970 reponet
795 2904 861 2968 quo
883 2884 959 2949 loco
983 2889 1058 2952 erat
1080 2891 1188 2953 antea.

523 2993 576 3057 89.
603 2991 785 3057 Celebrans
810 2991 968 3057 ascendet
990 2991 1031 3057 ad
1056 2991 1176 3058 Altare
1199 3012 1274 3058 cum
1299 2991 1508 3060 Subdiacono
1539 3013 1581 3060 ac
1602 3011 1656 3078 ge·

436 3097 606 3165 nuflectet.
631 3097 860 3165 subdiaconus
884 3101 1046 3164 consistet
1068 3099 1323 3184 adgeniculatus
1347 3102 1380 3164 in
1405 3106 1558 3166 extremo
1582 3119 1657 3187 sup·

435 3208 584 3293 pedaneo
607 3227 628 3272 a
650 3206 759 3272 latere
784 3206 970 3292 Evangelii.
996 3207 1162 3274 Diacouus
1185 3227 1260 3272 cum
1285 3207 1486 3273 Celebrante
1502 3213 1658 3294 assurget

434 3336 574 3399 eumque
598 3314 768 3380 adiuvabit
792 3316 825 3379 in
860 3314 1080 3402 cooperiendo
1111 3336 1226 3382 manus
1257 3315 1527 3382 extremitatibus
1557 3321 1657 3382 anm-

437 3423 580 3487 rioribus
604 3423 672 3487 veli
696 3422 890 3487 humeralis.
916 3421 1041 3487 Deinde
1075 3424 1105 3487 ei
1129 3421 1241 3487 tradet
1273 3422 1505 3489 Ostensorium
1539 3423 1658 3490 adver·

436 3539 511 3597 tens
536 3537 574 3596 ut
597 3552 673 3618 pars
697 3533 768 3597 eius
793 3533 944 3597 anterior
968 3537 1097 3616 spectet
1112 3530 1155 3596 ad
1170 3531 1338 3618 populum,
1356 3552 1456 3616 quum
1473 3531 1656 3599 Celebrans

438 3640 479 3706 ad
514 3640 610 3704 illum
644 3645 872 3716 convertetur,
907 3639 1168 3705 benedictionem
1203 3639 1353 3706 daturus.
1390 3640 1546 3718 Ministri,
1577 3639 1655 3712 dum

439 3747 700 3816 benedictionem
724 3746 901 3832 largietur,
925 3745 1071 3812 fimbrias
1096 3746 1253 3833 pluvialis
1277 3747 1466 3814 elevabunt.

528 3856 582 3921 90.
608 3853 791 3920 Celebrans
813 3853 1076 3921 benedictionem
1102 3853 1225 3942 populo
1259 3852 1404 3932 donabit,
1436 3861 1474 3921 ut
1503 3857 1658 3942 superius

440 3965 648 4032 declaratum
670 3968 732 4028 est.
1648 4019 1650 4026 .

529 4072 583 4139 91.
607 4072 750 4138 Peracta
771 4069 1010 4147 benedictione,
1035 4071 1200 4136 Diaconos
1222 4077 1387 4156 assurget,
1412 4072 1549 4158 recipiet
1564 4089 1586 4138 a
1602 4071 1659 4148 Ge-

443 4183 597 4249 lebrante
621 4177 862 4252 Ostensorium,
887 4176 973 4260 quod
1008 4177 1151 4264 deponet
1185 4180 1218 4242 in
1242 4178 1353 4243 Alteri
1383 4198 1585 4245 conversum
1615 4197 1657 4244 ex

443 4299 536 4378 parte
559 4289 737 4354 anteriore.
762 4284 943 4350 Celebrans
968 4305 1131 4350 unacum
1155 4285 1301 4352 Diacono
1325 4283 1539 4371 genuflectet.

532 4399 585 4465 92.
611 4397 793 4464 Celebrans
817 4400 972 4479 assurget
995 4399 1029 4458 et
1052 4412 1128 4458 cnm
1155 4391 1362 4460 Subdiacono
1393 4394 1433 4459 de
1464 4393 1576 4460 Altari
1607 4390 1658 4456 de·

446 4507 584 4572 scendet
606 4527 725 4573 versus
750 4512 876 4592 partem
892 4502 1080 4588 Evangelii,
1097 4520 1139 4565 ne
1157 4507 1288 4586 tergum
1307 4508 1420 4568 vertat
1434 4501 1656 4576 Sacramenta.

447 4611 611 4678 Diaconos
634 4620 745 4680 autem
769 4611 1023 4699 adgeniculatus
1048 4609 1191 4676 manebit
1215 4610 1248 4674 in
1273 4608 1494 4694 suppedaneo.
