4175 5717
1107 753 1171 799 ΗΒ.
1195 753 1215 799 Ι.

872 969 904 1052 §-
931 967 980 1032 13.
1006 967 1252 1051 Inferioris.
1281 969 1457 1037 comm.

643 1188 719 1254 225.
743 1189 885 1253 Necesse
909 1189 974 1252 erit
997 1193 1035 1252 ut
1059 1187 1240 1253 celebrans
1257 1187 1358 1254 ritum
1374 1193 1408 1254 et
1424 1193 1557 1254 cantum
1570 1189 1604 1253 in
1620 1187 1685 1254 hac
1701 1187 1781 1254 fun·

559 1297 668 1360 ctione
691 1292 1196 1380 adhibendumpraemeditetur.
1214 1294 1411 1360 Praemittet
1426 1295 1715 1381 praeparationem
1735 1293 1780 1360 ad

557 1406 701 1480 Missam,
724 1409 839 1488 postea
861 1403 1060 1488 paramentis
1085 1401 1243 1467 induetur
1266 1403 1300 1466 in
1324 1404 1471 1468 sacrario
1495 1408 1530 1469 et
1552 1401 1712 1490 procedet
1736 1400 1781 1467 ad

558 1511 686 1587 Altero,
711 1511 797 1576 sicut
821 1511 853 1573 in
876 1509 1088 1595 praecedenti
1111 1510 1292 1580 functione.

645 1618 720 1684 226.
745 1617 848 1682 Facta
863 1616 904 1682 ad
921 1617 1061 1683 Crucem
1079 1618 1277 1694 reverentia,
1295 1616 1540 1705 suppedaneum
1561 1615 1780 1692 conscendet,

557 1725 676 1792 Altare
699 1725 906 1790 osculabitur
929 1725 963 1789 in
986 1724 1103 1802 medio,
1127 1743 1243 1790 manus
1267 1731 1422 1790 extensas
1453 1726 1486 1791 in
1510 1745 1550 1790 eo
1578 1743 1717 1811 ponens,
1742 1731 1781 1792 et

516 1823 522 1838 '
558 1833 657 1899 radet
679 1833 720 1898 ad
745 1832 879 1898 blissale
903 1833 967 1896 iarn
992 1832 1025 1895 in
1050 1831 1157 1896 latere
1181 1831 1351 1917 Epistulae
1374 1838 1577 1919 apparatum.
1754 1829 1759 1838 ”

644 1941 720 2006 227.
745 1941 870 2006 lunctis
893 1939 1043 2005 manibus
1068 1939 1159 2024 leget
1182 1945 1212 2013 ir.
1245 1939 1394 2006 Eeaudi
1421 1961 1494 2016 noc,
1526 1939 1675 2008 Domine
1710 1945 1778 2008 etc.

559 2049 635 2114 duur
658 2069 679 2112 a
702 2053 877 2113 cantorum
900 2046 1003 2112 choro
1026 2046 1226 2111 cantabitur.

644 2155 719 2220 228.
744 2153 868 2220 Deinde
892 2154 1012 2219 iunctis
1038 2153 1187 2219 manibus
1213 2160 1247 2219 et
1269 2159 1348 2220 tono
1379 2153 1500 2230 feriali,
1530 2156 1609 2239 quin
1633 2175 1779 2222 conver·

557 2271 650 2328 tatur
674 2261 714 2327 ad
738 2261 906 2347 populum,
931 2266 1029 2326 canet
1052 2261 1224 2327 Dominus
1253 2259 1488 2328 vobiscumet
1518 2262 1699 2328 orationes.
1723 2261 1779 2328 Ad

560 2370 705 2436 Oramus
722 2368 896 2434 inclinabit
912 2373 1012 2454 caput
1025 2387 1142 2434 versus
1156 2367 1305 2445 Crucem,
1319 2369 1514 2453 signumque
1528 2368 1655 2445 Crucis,
1673 2389 1778 2454 quum

555 2478 588 2542 in
613 2475 740 2542 Missali
763 2474 972 2552 indicabitur,
996 2473 1138 2540 dextera
1161 2475 1261 2540 faciet
1286 2495 1404 2541 versus
1428 2477 1567 2552 cineres,
1603 2475 1778 2544 sinistram

558 2585 728 2670 imponens
750 2581 873 2647 Altari.
1109 2662 1111 2668 Ι

644 2689 719 2755 229.
744 2690 824 2755 Post
846 2693 998 2774 quartam
1021 2690 1206 2755 orationem
1230 2689 1401 2754 incensum
1418 2691 1451 2755 in
1467 2689 1679 2757 thuribulum
1698 2691 1778 2758 inii-

558 2799 623 2864 ciet
646 2817 721 2862 cum
746 2795 974 2862 benedictione
998 2801 1032 2862 et
1056 2796 1202 2862 formula
1235 2797 1358 2862 usitata
1388 2795 1441 2863 Ab
1464 2797 1522 2864 illo
1554 2796 1778 2874 benedt'can'c

557 2913 620 2970 etc.
646 2905 877 2990 Aspersorium
902 2924 923 2968 a
945 2904 1090 2968 Diacono
1115 2904 1256 2989 accipiet
1273 2905 1467 2988 cineresque
1482 2911 1638 2991 asperget
1653 2906 1688 2971 in
1703 2925 1780 2972 ωο-

558 3011 621 3087 dio,
645 3009 685 3075 ad
710 3012 840 3076 laevam
863 3017 897 3076 et
921 3009 1093 3076 dexteram
1124 3030 1228 3088 suam,
1258 3009 1370 3076 dicens
1400 3010 1562 3078 submissa
1592 3031 1675 3078 voca
1705 3021 1777 3080 ant„
1842 3083 1849 3092 ,

560 3121 736 3204 Asperyes
760 3137 814 3184 me
836 3126 899 3183 etc.
924 3116 1054 3183 Reddet
1077 3119 1301 3203 aspersorium
1326 3118 1480 3194 Diacono,
1505 3139 1525 3184 a
1548 3139 1612 3203 quo
1634 3119 1779 3208 accipiet

560 3225 775 3302 thuribulum,
800 3225 945 3291 adolebit
968 3226 1097 3291 cineres
1121 3225 1281 3310 quomodo
1298 3227 1488 3312 asperserit,
1506 3227 1600 3311 eique
1616 3226 1779 3294 thuribu-

560 3333 630 3398 lum
654 3333 819 3398 restituet.

650 3441 725 3504 230.
749 3440 812 3505 lbit
836 3445 914 3504 ante
937 3438 1058 3505 Altare
1082 3441 1114 3504 in
1141 3439 1294 3523 medium,
1318 3460 1353 3505 se
1376 3446 1553 3506 convertet
1567 3460 1686 3508 versus
1703 3463 1781 3530 gra·

560 3548 631 3623 dus,
656 3553 755 3633 ceput
777 3547 927 3634 paullum
952 3547 1125 3614 inclinabit
1148 3554 1227 3613 ante
1251 3548 1433 3634 digniorem
1457 3549 1556 3626 Cleri,
1588 3551 1643 3634 qui
1666 3549 1780 3618 aderit

562 3655 594 3719 in
618 3652 724 3719 medio
748 3655 857 3719 Altari
884 3676 984 3740 super
1007 3654 1114 3741 gradu
1138 3657 1311 3741 superiori,
1336 3657 1546 3741 cineremque
1561 3655 1602 3722 ab
1619 3677 1658 3723 eo
1674 3677 1780 3746 super

559 3769 659 3848 caput
683 3763 829 3847 recipiet.
854 3762 924 3827 Nisi
947 3761 1054 3828 aderit
1078 3763 1270 3848 Presbyter,
1295 3763 1498 3848 geniculabit
1521 3765 1556 3829 in
1580 3763 1686 3830 medio
1705 3787 1783 3853 sup-

556 3868 713 3956 pedaneo,
727 3875 761 3934 et
776 3870 922 3933 cinerem
945 3871 1013 3955 ipse
1037 3870 1098 3934 sibi
1122 3872 1275 3957 imponet,
1290 3870 1421 3936 nullum
1445 3863 1611 3937 adiiciens¹
1624 3871 1778 3940 verbum.

646 3976 722 4042 231.
746 3975 832 4040 Hinc
855 3978 1001 4041 cinerem
1023 3979 1057 4042 in
1083 3985 1184 4064 caput
1207 3977 1298 4043 illius
1322 3977 1481 4063 dignioris
1498 3979 1644 4065 imponet
1659 3979 1694 4044 in
1712 3999 1781 4046 mo·

559 4083 635 4148 ‹lum
660 4084 776 4148 Crucis
800 4082 911 4148 dicens
935 4085 1118 4162 Memento,
1144 4086 1252 4158 boue,
1278 4086 1363 4170 quia
1382 4086 1502 4169 pulvis
1518 4104 1555 4152 es
1579 4093 1610 4152 el
1633 4085 1672 4153 in
1695 4089 1781 4172 pul-

559 4212 675 4259 verem
698 4192 896 4258 reuerteris.
921 4191 958 4257 Id
981 4194 1088 4277 ipsum
1113 4200 1315 4277 exsequetur
1332 4213 1412 4278 erga
1429 4199 1535 4258 totum
1552 4191 1700 4273 Olenum,
1721 4197 1779 4280 qui

560 4299 736 4365 ordinatim
760 4297 897 4364 accedet
919 4299 960 4363 ad
984 4299 1113 4365 Altero.

646 4406 722 4472 232.
748 4405 781 4471 Si
806 4426 875 4471 mos
900 4407 973 4481 erit,
999 4415 1037 4471 ut
1060 4409 1128 4493 ipse
1152 4409 1280 4473 cineres
1304 4407 1425 4493 populo
1441 4406 1628 4486 distribuat,
1641 4407 1781 4477 descen-

559 4509 616 4575 det
639 4511 678 4576 de
701 4513 812 4578 Alteri
836 4518 871 4578 et
894 4513 1053 4598 procedet
1076 4513 1116 4578 ad
1141 4514 1361 4617 balaustrium
1378 4535 1436 4580 seu
1454 4514 1623 4582 cancellos
1639 4517 1780 4606 presby·

560 4618 635 4682 terii
659 4625 693 4684 et
715 4622 844 4687 cineres
869 4622 1012 4707 imponet
1036 4621 1253 4698 adstantibus,
1278 4623 1407 4688 initium
1430 4633 1570 4688 sumens
1586 4623 1628 4690 ab
1648 4625 1778 4712 angulo

562 4745 679 4790 versus
702 4735 828 4810 partein
854 4729 1023 4816 Epistolee
1047 4737 1081 4794 et
1103 4729 1317 4816 progrediens
1341 4728 1382 4793 ad
1405 4729 1550 4796 alterum
1586 4731 1776 4818 Evangelii.

774 4917 796 4957 Ι
