4175 5717
513 723 579 792 228
975 745 1040 792 nin.
1066 745 1101 791 11.

431 850 623 936 aspergillo
649 851 794 934 quinque
816 869 922 936 grana
945 851 1051 916 Gereo
1076 849 1251 937 infigenda,
1279 852 1491 942 aliquantum
1513 853 1651 942 gossipii
1691 831 1694 840 ¹

432 959 537 1022 cerati
564 957 605 1022 ad
639 957 885 1024 accendendum
909 959 1101 1034 tricereum,
1132 959 1223 1025 Crux
1253 959 1518 1046 processionalis
1550 979 1592 1026 ac
1621 961 1653 1028 si

431 1067 574 1132 ecclesia
597 1068 746 1132 caruerit
761 1066 854 1132 fonte
878 1067 1076 1153 baptismali,
1092 1067 1157 1134 duo
1174 1066 1376 1136 candelabra
1398 1087 1474 1134 cum
1500 1067 1651 1136 candelis

429 1173 513 1240 albis
537 1194 597 1260 pro
620 1173 808 1260 Acolytbis.

523 1283 573 1346 17.
599 1283 635 1346 ln
659 1282 795 1358 sacello,
819 1303 878 1348 seu
902 1283 977 1349 loco
1001 1283 1072 1360 illo,
1097 1284 1131 1348 in
1155 1303 1220 1368 quo
1244 1284 1474 1350 asservabitur
1502 1283 1564 1352 SS.
1587 1281 1655 1350 Sa·

430 1390 802 1466 crementumaderunt-
817 1411 870 1456 res
887 1389 1022 1456 eaedem
1046 1411 1127 1475 quas
1152 1393 1321 1457 innuimus
1343 1391 1405 1458 ier.
1422 1390 1466 1457 V.
1481 1392 1514 1456 in
1540 1391 1657 1458 coena

430 1499 558 1562 Domini
581 1519 651 1583 cap.
676 1498 786 1564 XXV.
812 1499 1022 1564 num.10.ut
1046 1499 1166 1564 referri
1190 1500 1293 1585 possit
1318 1500 1351 1565 in
1374 1499 1554 1566 ecclesiam
1577 1503 1656 1586 post

429 1605 643 1672 functionem:
668 1607 803 1692 insuper
825 1606 912 1692 apud
935 1608 1041 1692 ipsum
1065 1606 1184 1674 Altare
1207 1607 1242 1672 in
1265 1606 1407 1672 ecclesia
1429 1605 1656 1694 disponentur

431 1713 582 1778 tobaleae
598 1716 632 1778 in
649 1713 841 1790 balaustrio,
855 1715 881 1778 si
898 1718 974 1800 post
989 1714 1195 1780 functionem
1211 1713 1497 1786 administrabitur
1513 1735 1542 1780 s.
1560 1713 1659 1782 com-

431 1823 541 1887 munio
565 1842 624 1906 pro
647 1823 890 1907 complemento
913 1823 1081 1907 praecepti
1105 1821 1282 1908 paschalis.

520 1933 570 1996 18.
594 1930 628 1995 Si
651 1930 759 1994 soleat
780 1930 814 1993 in
837 1929 981 1995 ecclesia
1003 1931 1133 1994 servari
1157 1949 1244 2013 aqua
1260 1936 1377 1994 sancta
1401 1931 1434 1996 in
1459 1931 1549 1996 vasis
1571 1935 1658 1998 anm

428 2046 551 2124 portas,
575 2040 602 2102 si
626 2040 690 2103 erit
706 2037 902 2123 paroecialis
925 2045 960 2103 et
986 2039 1151 2104 instructa
1168 2038 1260 2104 sonte
1276 2039 1474 2124 baptismali,
1486 2038 1660 2106 educetur

431 2167 449 2210 e
475 2147 562 2210 rasis
581 2166 683 2231 supra
705 2144 802 2210 dictis
824 2165 910 2229 aqua
933 2145 1108 2212 benedicta
1130 2165 1195 2229 quo
1216 2151 1365 2232 tempore
1388 2153 1557 2214 canentur
1579 2167 1662 2236 pno-
1728 2197 1739 2214 .

429 2253 569 2338 pbetiae,
595 2259 632 2318 ut
656 2255 689 2317 in
705 2253 766 2318 illa
788 2254 892 2338 possit
916 2272 1034 2318 rursus
1052 2253 1181 2318 infundi
1197 2253 1307 2320 altera
1330 2273 1414 2338 quae
1430 2255 1464 2318 in
1479 2253 1577 2322 fonte
1595 2255 1659 2326 be-

430 2359 562 2426 nedicta
583 2361 697 2426 fuerit.

876 2431 884 2444 ’
914 2468 959 2536 Ia
979 2470 1165 2553 functione

522 2687 571 2754 19.
597 2686 632 2752 si
655 2686 695 2750 de
717 2707 810 2752 more
832 2687 1005 2763 ecclesiae,
1028 2692 1141 2752 anmta
1163 2688 1267 2754 fuerit
1290 2709 1308 2754 e
1333 2690 1422 2754 vasis
1445 2709 1533 2773 aqua
1557 2689 1663 2758 bene·

430 2796 528 2872 dicta,
553 2814 614 2860 nec
638 2801 812 2861 reservata
834 2796 879 2860 sit
900 2792 1061 2878 quaedam
1085 2797 1253 2879 quantitas
1277 2795 1444 2863 sufficiens
1468 2815 1532 2882 pro
1555 2797 1664 2866 111111-

432 2905 628 2970 nistratione
652 2903 954 2980 Sacramentornm,
978 2911 1016 2969 ut
1038 2924 1109 2990 cap.
1134 2905 1244 2970 XXV.
1271 2924 1359 2970 num.
1377 2905 1429 2970 80.
1451 2907 1660 2988 monuimus,

432 3011 578 3077 Sacrista
601 3013 656 3078 vel
680 3013 767 3077 alius
792 3012 954 3078 Sacerdos
978 3013 1114 3078 indutus
1146 3011 1381 3097 superpellicio
1405 3017 1440 3078 et
1465 3013 1558 3078 stola
1582 3015 1663 3082 vio·-

434 3121 535 3197 lacea‚
557 3120 702 3205 aliquam
733 3139 839 3204 aquae
869 3119 1086 3186 sufficientem
1117 3121 1338 3203 quantitatem
1369 3119 1547 3188 benedicet
1577 3127 1663 3190 ante

436 3229 650 3304 functionem,
674 3247 779 3314 eaque
801 3229 991 3294 servabitur
1007 3229 1040 3294 iu
1056 3228 1215 3304 sacrario,
1240 3227 1436 3304 adhibenda,
1450 3234 1487 3294 ut
1512 3229 1664 3298 inferius

432 3335 614 3401 docebitur.

521 3445 574 3510 20.
599 3445 691 3511 Hora
722 3446 922 3531 praestituta
951 3445 1212 3530 congregabitur
1239 3445 1359 3512 Clerus
1392 3445 1426 3511 in
1456 3447 1662 3536 sacrarium,

433 3571 599 3636 quumque
623 3554 732 3618 omnia
754 3554 912 3639 disposita
933 3557 1044 3626 erunt,
1069 3552 1258 3637 pulsabitur
1280 3552 1524 3638 aliquantisper
1547 3561 1665 3624 crota-

435 3659 504 3724 lum
536 3658 578 3725 ad
605 3667 735 3746 portam
766 3663 915 3738 sacrarii,
943 3666 978 3726 et
1009 3660 1128 3725 Olerus
1159 3659 1220 3724 ibit
1249 3661 1283 3724 in
1315 3660 1454 3726 chorum
1484 3659 1664 3748 horasque

435 3768 578 3832 minores
602 3768 754 3832 recitabit
778 3769 846 3834 ritu
869 3770 1073 3854 praescripto
1091 3767 1218 3834 duobus
1234 3769 1398 3834 anteactis
1424 3766 1552 3847 diebus¹
1570 3773 1664 3840 acci

435 3875 578 3940 aderunt
600 3876 779 3940 Praesules
794 3882 854 3941 ant
878 3877 1034 3942 canonici
1053 3878 1085 3940 in
1102 3897 1161 3941 sua
1178 3876 1329 3952 ecclesia,
1347 3875 1546 3946 salutabunt
1570 3877 1665 3948 Gru.-

435 4004 506 4049 cem
530 3983 657 4048 Altaria
681 3984 824 4050 maioris.
850 3984 1016 4050 Candelae
1040 3985 1168 4050 Altaris
1192 3991 1293 4050 erunt
1318 3985 1499 4050 extinctae.
1631 3969 1633 3976 ¹

522 4091 575 4158 21.
600 4091 684 4157 Dum
708 4091 827 4160 (llerus
851 4093 885 4156 in
908 4092 1047 4158 chorum
1072 4093 1184 4158 veniet
1206 4092 1247 4158 ad
1265 4091 1455 4158 recitandas
1471 4093 1575 4160 boras
1600 4097 1661 4162 mi-

435 4223 543 4278 nores,
567 4201 632 4267 duo
655 4201 771 4267 clerici
794 4201 1028 4287 superpellicio
1059 4202 1165 4267 induti
1189 4201 1371 4288 procedent
1393 4200 1434 4266 ad
1465 4207 1599 4286 portam
1621 4209 1661 4272 et

435 4310 618 4376 accendent
633 4311 741 4396 ignem
758 4317 1002 4394 praeparatum,
1016 4310 1188 4376 elicientes
1202 4329 1220 4374 e
1236 4315 1332 4394 petra
1347 4309 1474 4374 focaria
1489 4309 1658 4390 favillam,

435 4419 593 4501 siquidem
617 4420 672 4485 hic
687 4419 771 4484 ritus
788 4417 978 4484 excutiendi
995 4420 1103 4504 ignem
1121 4438 1138 4482 e
1155 4416 1264 4503 lapide
1288 4437 1353 4483 non
1370 4422 1465 4484 caret
1479 4419 1674 4503 mysterio..

436 4525 585 4592 Accenso
609 4528 694 4612 igne,
718 4530 843 4612 ponent
858 4525 968 4592 focum
992 4528 1026 4591 in
1051 4526 1156 4592 medio
1173 4526 1270 4602 atrio,
1296 4525 1350 4590 vel
1375 4526 1402 4589 si
1426 4524 1570 4590 ecclesia
1592 4543 1657 4590 ca-

441 4631 527 4696 rebit
549 4635 647 4711 atrio,
672 4641 770 4699 entra
794 4639 921 4721 portam
945 4635 978 4699 in
1002 4635 1108 4700 medio
1132 4633 1224 4700 adit-u
1248 4632 1419 4700 ecclesiae.
1475 4673 1482 4682 ·
