4175 5717
479 713 482 720 ·
531 675 592 742 102
990 694 1056 746 ula.
1081 695 1102 745 ι.

524 804 576 870 39.
602 803 636 869 Si
659 804 770 890 Kyrie
792 811 910 870 cantus
933 806 1152 891 protrahetur
1174 806 1317 892 longius,
1343 807 1480 891 ideoque
1503 808 1531 874 si
1555 805 1654 875 (lele-

438 912 536 976 brans
560 931 635 977 cum
660 913 820 978 Ministris
844 912 920 978 dum
945 912 1132 1000 hujusmodi
1156 920 1275 979 cantus
1303 913 1495 1000 perficietur
1525 933 1657 981 conses-

317 1099 323 1114 ·
437 1040 509 1084 sum
533 1019 637 1095 ibunt,
654 1020 805 1107 acolythi
820 1022 1009 1107 priusquam
1026 1021 1207 1087 Celebrans
1223 1041 1298 1087 cum
1315 1021 1476 1087 Ministris
1500 1021 1543 1088 ad
1558 1043 1655 1108 suum

438 1146 607 1192 scamnum
631 1136 779 1213 pergant,
805 1128 980 1214 praeibunt
1005 1128 1089 1194 illuc
1105 1136 1191 1193 etse
1216 1130 1371 1194 sistenta
1393 1128 1566 1209 lateribus,
1590 1132 1667 1218 prig

438 1256 573 1320 musque
596 1236 775 1322 acolythus
799 1235 944 1301 manebit
959 1256 1077 1301 versus
1093 1235 1266 1301 dexteram
1283 1256 1342 1300 seu
1358 1233 1495 1301 Diaconi
1513 1245 1653 1324 partem,

438 1344 526 1409 alter
548 1349 658 1409 autem
683 1364 800 1410 versus
823 1350 952 1429 partem
985 1345 1164 1409 sinistram.
1189 1344 1320 1409 Primus
1348 1345 1488 1429 accipiet
1510 1345 1654 1411 biretum

438 1451 645 1517 Celebrantis
668 1458 702 1516 et
725 1452 871 1545 Dniaconi,
895 1452 984 1516 alter
1009 1449 1217 1516 subdiaconi.
1238 1450 1325 1515 llluc
1349 1449 1530 1517 celebrans
1553 1471 1654 1537 quum

437 1560 577 1634 venerit,
601 1558 736 1635 sedebit,
761 1560 950 1645 primusque
973 1557 1129 1644 acolytus
1153 1558 1294 1623 biretum
1319 1557 1526 1624 Celebrantis
1553 1549 1654 1645 ipsius

437 1665 548 1730 tradet
572 1665 837 1731 Gaeremoniario
862 1665 916 1730 rel
942 1665 1097 1740 Diacono,
1123 1666 1177 1731 hic
1199 1671 1310 1730 autem
1344 1664 1543 1743 Oelebmnti;
1568 1665 1653 1732 idem

437 1772 592 1858 acolytus
615 1771 733 1837 deinde
757 1772 898 1838 biretum
923 1773 1067 1838 Diacono
1092 1771 1301 1848 ministrabit,
1325 1770 1414 1837 alter
1437 1770 1653 1850 Subdiacono,

437 1879 649 1944 advertentes
673 1885 710 1945 ut
733 1880 867 1945 elevent
896 1886 1026 1965 partem
1057 1880 1277 1964 posteriorem
1311 1880 1452 1944 vestium
1483 1899 1652 1945 sacrarum

439 1988 675 2064 Ministrorum,
692 1994 727 2052 et
737 1987 927 2053 ‘extendant
942 2007 1043 2073 super
1059 1985 1231 2052 dorsualis
1247 1987 1382 2051 scamni.
1395 1987 1480 2051 Hinc
1496 1993 1653 2053 coeuntes

437 2101 515 2159 ante
539 2095 771 2160 Celebrantem
797 2097 986 2160 reverentia
1002 2114 1077 2159 eum
1094 2093 1308 2160 honorabunt
1324 2099 1359 2158 et
1374 2092 1414 2157 ad
1432 2093 1544 2159 locum
1557 2113 1654 2159 suum

436 2209 513 2266 ante
544 2201 682 2267 abacum
713 2201 877 2268 redibunt.
907 2202 1051 2289 ldipsum
1083 2210 1311 2285 exsequentur
1341 2220 1442 2284 quum
1473 2201 1654 2285 Celebrans
1721 2245 1723 2250 -

387 2325 395 2336 ·
437 2317 471 2374 et
494 2310 636 2374 Ministri
661 2310 879 2377 considebunt
902 2311 979 2377 dum
1003 2318 1145 2377 canetur
1170 2309 1293 2378 Gloria
1314 2312 1352 2375 in
1383 2312 1541 2388 eoecebis,
1566 2311 1654 2377 Gra-

435 2416 536 2483 duale
561 2438 619 2482 seu
645 2420 797 2495 Tractus,
821 2419 877 2487 vel
901 2418 1080 2504 Sequentia
1103 2427 1137 2484 et
1163 2418 1286 2485 Credo.

525 2525 576 2590 40.
602 2525 669 2591 Sub
685 2524 784 2591 finem
801 2528 960 2592 orationis
973 2529 1043 2592 sive
1061 2528 1249 2592 orationum
1264 2531 1342 2589 ante
1359 2524 1552 2610 Epistulam,
1565 2525 1655 2591 alter

435 2653 477 2697 ex
501 2634 579 2718 ipsis
602 2632 712 2699 tradet
728 2633 955 2719 Epistolarum
972 2634 1094 2700 librum
1116 2633 1323 2699 Subdiacono
1347 2638 1382 2696 et
1404 2634 1542 2719 recipiet
1556 2632 1596 2698 ab
1614 2653 1653 2698 eo
1713 2697 1715 2700 .

434 2745 507 2825 post
539 2739 722 2824 Epistolam
754 2747 932 2819 cantatam,
957 2743 1020 2807 nisi
1051 2742 1140 2807 forte
1164 2741 1271 2806 hoca
1300 2739 1567 2806 Caeremoniario
1600 2758 1655 2827 pe-

435 2854 582 2931 uagetur.

522 2956 574 3018 41.
599 2955 635 3018 lu
653 2954 766 3020 eodem
791 2976 880 3034 casu,
898 2957 987 3021 alter
1004 2958 1150 3042 ipsorum
1168 2954 1368 3019 ministrabit
1384 2954 1528 3019 Diacono
1545 2954 1653 3019 Evan-

433 3064 511 3146 gelii
537 3070 678 3129 textum.

522 3172 573 3235 42.
601 3172 652 3235 Ad
683 3172 903 3257 Evangelium
934 3171 1130 3248 canendum,
1163 3170 1290 3256 regulis
1322 3172 1385 3233 iam
1413 3169 1553 3246 traditis,
1578 3166 1654 3234 affe·

433 3285 508 3342 rent
531 3279 741 3357 candelabra,
770 3300 854 3364 quae
885 3286 1017 3344 sument
1047 3280 1087 3345 de
1118 3280 1220 3345 abaco
1251 3279 1327 3343 dum
1361 3276 1542 3343 Celebrans
1573 3278 1652 3343 tbus

432 3387 555 3450 inliciat
578 3388 611 3449 in
643 3387 1035 3472 thu1·ibulum.Pergent
1066 3393 1144 3451 ante
1177 3387 1305 3461 Altare,
1331 3385 1439 3468 ibique
1469 3405 1535 3450 non
1563 3405 1650 3470 genu

430 3490 603 3558 flectentes
627 3494 816 3563 subsistent.
837 3492 1110 3560 Genuflexionem
1135 3501 1245 3560 autem
1263 3513 1338 3559 cum
1359 3493 1503 3558 Diacono
1519 3500 1554 3558 et
1571 3493 1653 3558 Sub·

430 3600 567 3666 diaoono
598 3599 741 3665 efficient
771 3611 805 3667 et
836 3603 1034 3668 salutabunt
1063 3602 1213 3679 chorum,
1237 3603 1328 3688 prius
1359 3599 1448 3666 latus
1481 3601 1651 3686 Epistolae

430 3728 557 3783 versus,
582 3714 697 3793 postea
721 3710 905 3795 Evangelii
930 3716 1046 3796 petent
1072 3710 1183 3775 locum
1208 3710 1341 3773 solitum
1374 3714 1408 3773 et
1437 3729 1456 3771 a
1487 3708 1650 3773 lateribus

431 3816 630 3881 Subdiaconi
655 3837 690 3881 se
715 3818 843 3882 sistent.

518 3925 570 3989 43.
597 3923 729 3989 Sidam
754 3926 885 3989 canit-ur
917 3925 1138 4011 Evangelium
1167 3922 1357 4011 genuflexio
1381 3923 1437 3989 fiet
1463 3946 1483 3989 a
1506 3925 1650 3990 Diacono

430 4039 463 4095 et
488 4032 624 4114 reliquis
647 4030 687 4094 de
711 4031 823 4108 choro,
849 4032 998 4117 acolythi
1022 4036 1218 4119 positionem
1243 4039 1334 4098 suam
1352 4031 1543 4097 servabunt.
1567 4032 1649 4095 Fine

430 4144 517 4206 lacto
543 4141 716 4225 Evangelii
740 4140 877 4204 canendi
902 4147 936 4205 et
960 4141 1170 4207 Subdiacono
1198 4163 1272 4207 cum
1302 4141 1390 4206 libro
1420 4142 1573 4216 abeunte,
1599 4161 1650 4205 re-

429 4249 544 4314 dibunt
571 4248 611 4313 ad
646 4248 785 4312 medium
816 4248 944 4325 liltore,
975 4250 1084 4333 ibique
1114 4248 1380 4335 genuflexionem
1412 4255 1648 4333 exsequentes,

430 4374 493 4419 non
519 4377 600 4420 vero
625 4358 845 4421 reverentiam
870 4357 910 4421 ad
934 4359 1084 4435 chorum,
1102 4357 1259 4423 redibunt
1274 4356 1314 4422 ad
1330 4356 1468 4421 abacum
1493 4357 1548 4421 ubi
1572 4375 1648 4421 can-

430 4462 568 4527 delabra
594 4471 764 4550 reponent.

521 4575 567 4633 ll.
594 4573 691 4635 Alter
714 4593 755 4636 ex
780 4574 818 4637 iis
844 4575 978 4659 recipiet
1002 4594 1023 4637 a
1047 4570 1253 4637 Subdiacono
1285 4572 1406 4638 librum
1437 4572 1643 4656 Evangelio-
