4175 5717
532 670 596 738 182
993 693 1060 745 tra.
1084 698 1105 746 1.

440 799 524 865 Tum
547 819 664 866 rursus
688 801 856 886 cooperiet
877 807 978 888 caput
1000 810 1035 869 et
1058 825 1154 870 suum
1177 803 1288 871 locum
1313 805 1451 893 recipiet
1472 813 1547 895 post
1575 803 1662 876 Sub·

441 907 624 974 diaconum.

528 1015 558 1078 7.
584 1013 665 1096 ltem
688 1012 715 1076 si
739 1011 895 1078 transibit
916 1019 994 1077 ante
1017 1012 1136 1078 Altera
1160 1012 1274 1080 Sancti
1297 1014 1440 1082 alicuius
1462 1015 1502 1084 de
1524 1036 1590 1102 quo
1605 1035 1661 1082 ce-

441 1117 628 1184 lebrabitur
650 1115 783 1193 festum,
807 1115 862 1181 vel
893 1114 1067 1199 Reliquiae
1101 1117 1246 1203 insignes
1280 1119 1449 1204 expositae
1479 1122 1553 1199 sint,
1589 1141 1659 1188 una

439 1245 514 1292 cum
539 1224 738 1290 Celebranta
761 1222 925 1309 profunde
949 1222 1175 1302 inclinabitur,
1200 1224 1258 1290 sed
1281 1245 1347 1292 non
1371 1227 1546 1295 sustinebit
1568 1247 1658 1308 eum,

441 1335 517 1418 quia
540 1352 606 1398 non
629 1327 841 1417 genuflectet.

527 1441 557 1504 8.
582 1439 690 1514 Quum
714 1437 755 1503 ad
778 1437 898 1504 Altare
920 1440 1100 1504 maximum
1125 1439 1171 1527 (a)
1196 1442 1326 1506 venerit
1351 1448 1384 1506 et
1407 1442 1656 1530 presbyterium

441 1547 640 1622 introiverit,
664 1545 808 1612 biretum
831 1543 942 1611 tradet
965 1544 1240 1625 anremoniario‚
1265 1568 1300 1613 se
1335 1547 1455 1633 diriget
1484 1549 1525 1615 ad
1560 1569 1657 1616 suam

438 1655 620 1732 stantarum,
644 1659 679 1719 et
702 1652 892 1739 expectabit
913 1652 1018 1719 donec
1042 1654 1223 1720 Oelebrans
1246 1653 1355 1720 adstet
1378 1674 1459 1721 suae
1486 1657 1657 1736 sinistrae,

438 1773 475 1828 ut
497 1763 537 1828 ab
562 1764 631 1848 ipso
655 1761 795 1846 recipiat
816 1760 959 1827 biretum
982 1761 1069 1845 quod
1103 1761 1223 1828 tradet.
1261 1763 1344 1828 Dum
1380 1762 1523 1830 biretum
1555 1763 1658 1832 Cele-

438 1871 564 1936 brantis
589 1876 729 1954 utraque
753 1888 853 1933 manu
875 1871 1024 1955 accipiet,
1050 1870 1154 1956 primo
1178 1890 1311 1935 manum
1345 1872 1426 1948 eius,
1455 1870 1572 1938 deinde
1601 1872 1658 1938 bi·

438 1985 545 2042 rotum
569 1977 703 2043 culmen
726 1996 844 2041 versus
878 1975 1095 2042 osculabitur.
1120 1977 1241 2043 Postea
1272 1977 1414 2043 biretum
1446 1978 1657 2046 celebrantis

438 2084 703 2150 ttueromoniario
726 2086 920 2150 committet.

524 2195 554 2256 u.
580 2192 613 2258 Si
638 2191 757 2258 Clarus
781 2192 814 2256 in
838 2191 942 2257 choro
965 2192 1028 2256 iam
1052 2191 1169 2269 aderit,
1194 2191 1353 2258 subsistet
1377 2195 1410 2257 in
1433 2193 1526 2260 aditu
1553 2213 1656 2282 prae-

435 2299 523 2366 dicto
546 2319 621 2365 cum
645 2298 854 2376 Celebrante,
878 2318 1021 2384 quocum
1045 2301 1270 2365 reverentiam
1294 2300 1393 2366 (llero
1417 2301 1518 2367 iaciat
1547 2303 1656 2387 primo

435 2407 475 2474 ad
500 2413 628 2494 partem
643 2427 760 2473 versus
777 2407 964 2492 Evangelii,
981 2406 1098 2473 deinde
1115 2406 1156 2472 ad
1171 2407 1314 2473 alteram
1331 2429 1449 2473 versus
1470 2409 1654 2495 Epistolae.

435 2516 529 2592 Quod
553 2518 580 2582 si
603 2517 722 2582 Glerus
747 2515 978 2582 Celebrantem
994 2521 1029 2581 et
1044 2514 1215 2581 Ministros
1232 2518 1452 2601 praecesserit
1467 2517 1501 2581 in
1516 2537 1654 2584 accessu

434 2625 474 2690 ud
499 2625 626 2702 Altera,
651 2625 843 2690 reverentia
865 2623 906 2689 ad
929 2624 1068 2689 chorum
1094 2625 1277 2689 omittetur.

526 2735 573 2798 10.
598 2732 723 2799 Veniet
745 2751 821 2798 cum
845 2730 1044 2797 celebrante
1067 2737 1146 2795 ante
1170 2731 1299 2808 Altera,
1326 2732 1434 2817 ibique
1458 2732 1535 2799 dum
1559 2733 1655 2800 Cele-

433 2839 534 2907 brans
558 2840 781 2906 reverentiam
804 2845 951 2925 peraget,
975 2838 1017 2904 ad
1041 2838 1182 2904 (trucem
1205 2836 1418 2924 genuflectet.
1437 2839 1470 2905 Si
1487 2839 1654 2907 Diaconus

432 2951 497 3012 orit
521 2947 716 3024 canonicus,
741 2947 831 3012 etin
855 2966 916 3011 sua
939 2945 1092 3012 Ecclesia
1115 2945 1325 3023 ministrabit,
1342 2966 1403 3032 pro
1418 2944 1653 3032 genuflexione

433 3057 656 3122 reverentiam
689 3054 888 3141 profundam
928 3053 969 3118 ad
1005 3054 1145 3119 Crucem
1188 3052 1319 3132 efficiet,
1357 3054 1507 3138 idemque
1549 3055 1654 3121 faciet

430 3165 528 3230 retiam
551 3164 707 3249 deinceps
731 3182 831 3247 quum
855 3158 1045 3247 genuflexio
1069 3160 1110 3225 ad
1135 3160 1275 3226 Crucem
1300 3161 1561 3246 praescribetur.

522 3273 570 3336 ll.
596 3268 821 3356 Respondebit
855 3266 1046 3333 Celebranti
1076 3266 1117 3332 ad
1148 3268 1403 3346 confessionem,
1439 3289 1474 3334 se
1505 3269 1653 3354 signabit

431 3401 529 3464 quum
554 3379 584 3445 id
610 3379 710 3444 faciet
734 3377 924 3452 celebrans,
949 3384 983 3440 et
1005 3374 1047 3439 ad
1074 3375 1196 3441 Gloria
1219 3376 1324 3441 Patri
1347 3375 1571 3446 inclinabitur.
1596 3376 1649 3443 Ad

431 3485 637 3554 recitandum
661 3485 880 3552 misereatur
896 3485 949 3550 tui
962 3482 1088 3547 nrodice
1106 3481 1321 3548 inclinabitur
1337 3504 1454 3549 versus
1472 3483 1651 3550 Celebran-

431 3603 507 3671 tem‚
531 3593 588 3659 sed
615 3593 789 3680 Confiteor
803 3591 956 3658 recitabit
971 3589 1135 3677 profunde
1152 3588 1340 3667 inclinatus,
1358 3609 1394 3655 se
1409 3590 1560 3676 paullum
1577 3610 1652 3657 ver-

431 3713 503 3770 tens
527 3701 568 3768 ad
593 3700 826 3768 celebrantem
849 3701 883 3764 in
906 3695 1165 3784 pronunciandis
1189 3697 1298 3762 verbis
1328 3697 1405 3764 Tibi
1418 3698 1528 3766 Pater
1544 3706 1579 3763 et
1599 3698 1648 3766 Te

431 3813 549 3880 Pater.
575 3811 753 3893 Postquam
778 3807 958 3873 celebrans
982 3805 1177 3870 recitaverit
1201 3804 1417 3873 Miserealur
1446 3807 1556 3873 vestri
1583 3812 1649 3872 etc.

430 3923 538 4008 eriget
559 3941 604 3997 so,
629 3923 663 3982 et
686 3915 727 3982 ad
751 3915 934 3981 versiculos
958 3913 1056 3980 Deus
1080 3920 1117 3979 lu
1140 3932 1331 3981 conversus
1347 3921 1410 3980 etc.
1430 3913 1650 3981 inclinabitur

431 4029 544 4095 eadem
569 4029 696 4092 ratione
719 4045 758 4090 ac
783 4023 975 4091 celebrans

501 4247 542 4316 (a)
563 4245 629 4302 Non
648 4241 741 4298 solum
761 4239 816 4295 bac
835 4236 1030 4311 paragrapho,
1049 4235 1100 4292 sod
1120 4236 1228 4307 passim
1241 4237 1448 4309 usurpavimus
1461 4238 1535 4297 haec
1549 4241 1643 4298 verba

430 4337 537 4392 Altrrre
556 4334 727 4396 marimum,
746 4329 791 4386 vel
810 4329 916 4386 Altero
935 4327 1032 4384 maius
1053 4335 1082 4382 et
1100 4324 1214 4391 similia,
1234 4335 1265 4382 ut
1283 4327 1519 4399 significaremus
1538 4329 1644 4386 Altera

431 4425 507 4489 illud,
528 4425 555 4480 in
575 4443 631 4498 quo
651 4431 773 4480 canetur
793 4420 893 4477 Missa„
913 4435 988 4491 quac
1008 4416 1186 4487 regulariter
1205 4418 1338 4474 canenda
1357 4427 1437 4476 esset
1455 4419 1484 4476 in
1504 4420 1645 4492 primario

429 4533 483 4570 sau
503 4513 653 4571 cardinali.
672 4513 703 4570 Si
722 4529 780 4587 qua
798 4510 874 4568 iusta
891 4525 999 4565 caussa
1017 4515 1175 4564 caneretur
1194 4508 1222 4562 in
1242 4508 1344 4574 Alteri,
1359 4509 1477 4566 diverso
1497 4528 1515 4566 u
1535 4509 1645 4584 princi·

429 4605 495 4680 pnli,
514 4602 821 4678 ‹·vp1·ossi0su1›erius
840 4598 966 4656 indicata
985 4596 1149 4670 applicetur
1168 4598 1269 4667 Alteri,
1289 4598 1319 4655 in
1337 4617 1395 4672 quo
1414 4593 1524 4658 functio
1549 4618 1643 4675 pera-

431 4707 528 4766 gutur.
