4175 5717
875 793 877 797 »
977 751 1044 810 arb.
1069 761 1104 810 n.

660 973 712 1030 DE
731 973 980 1034 ASPIIRSIONE
998 975 1136 1042 AQUAII
1161 973 1415 1036 BENEDICTAE

774 1082 815 1141 IN
835 1081 1086 1150 UNAQUAQUE
1107 1081 1306 1142 DOMINICA

910 1390 1054 1460 CAPUT
1079 1391 1170 1458 VIII.

434 1623 461 1688 l.
488 1539 693 1702 Omnibus
716 1624 831 1692 diebus
847 1625 1029 1692 Dominicis
1046 1595 1289 1713 praemittenda
1304 1627 1426 1693 Missae
1441 1625 1585 1693 solemni
1600 1627 1658 1692 est

430 1731 578 1818 aspersio
600 1750 705 1817 aquae
728 1732 923 1800 benedictae
945 1753 1048 1819 super
1072 1733 1209 1800 Glerum
1233 1742 1267 1801 et
1282 1735 1452 1822 populum,
1468 1739 1553 1819 quae
1570 1739 1658 1800 tunc

380 1835 383 1840 ’
430 1840 538 1904 solum
562 1842 727 1907 omittitur
749 1861 850 1926 quum
874 1835 1056 1929 Episcopus
1080 1841 1215 1908 Missam
1240 1840 1463 1928 pontificalem
1486 1843 1531 1908 sit
1558 1840 1658 1908 cele-

432 1945 603 2012 braturus.-
802 1943 812 1962 ''
1200 2025 1203 2032 Ι
1581 1999 1585 2006 .

518 2054 550 2120 2.
575 2053 627 2120 Ad
649 2055 740 2121 bunc
762 2055 865 2121 ritum
889 2055 1124 2143 peragendum,
1141 2059 1196 2142 qui
1217 2057 1459 2143 praescribitur
1473 2057 1658 2142 unicuique

434 2162 606 2240 ecclesiae,
631 2184 713 2250 opus
736 2169 789 2230 eat
810 2164 877 2230 buo
892 2184 1054 2231 revocare
1070 2185 1156 2249 quae
1171 2165 1298 2230 tradita
1312 2172 1393 2232 sunt
1407 2185 1478 2252 cap.
1495 2165 1554 2230 IV.
1563 2167 1609 2256 ¹§.·
1621 2163 1656 2230 5.

433 2277 468 2336 et
490 2289 557 2355 seq.
582 2270 682 2336 buius
705 2271 781 2338 libri
805 2269 962 2337 derebus
978 2271 1218 2358 praeparandis
1236 2274 1270 2337 in
1288 2272 1389 2337 Missa
1404 2272 1556 2337 solemni.
1578 2270 1661 2336 Pla·

357 2421 360 2426 -
432 2389 511 2444 neta
534 2377 743 2444 Oelebrantis
766 2384 802 2444 et
823 2379 984 2466 manipuli
1007 2378 1228 2465 disponentur
1252 2379 1285 2443 in
1302 2399 1518 2464 scamnoque
1535 2385 1660 2444 utetur

435 2487 616 2554 Celebrans
639 2488 718 2572 ipse,
738 2486 852 2571 ibique
875 2489 941 2554 erit
963 2489 997 2551 in
1021 2493 1176 2574 promptu
1200 2485 1385 2552 liberculus
1401 2487 1500 2553 etiam
1515 2505 1659 2574 precum

433 2600 469 2661 et
490 2594 678 2659 orationum
701 2613 721 2658 a
745 2594 945 2660 Celebrante
968 2595 1205 2669 canendarum,
1229 2596 1320 2661 otiu
1344 2596 1491 2660 sacrario
1518 2613 1661 2682 praepa-

435 2702 564 2767 rabitur
586 2699 628 2766 ad
651 2699 860 2768 celebrantis
884 2721 979 2767 usum
1003 2701 1154 2788 pluviale
1177 2700 1324 2769 eiusdem
1340 2701 1464 2768 coloris
1481 2703 1537 2786 qui
1552 2721 1659 2790 prae-

433 2807 593 2876 scribitur
615 2828 676 2894 pro
699 2809 838 2893 reliquis
861 2810 1076 2895 paramentis.
1137 2841 1140 2850 ¹

522 2918 552 2983 3.
579 2918 674 3000 Aqua
695 2915 877 2990 benedicta,
902 2935 967 3000 qua
990 2915 1217 3002 aspergendus
1241 2917 1306 2982 erit
1329 2915 1448 2982 Glerus
1479 2921 1514 2982 et
1543 2935 1659 3003 popu-

434 3023 499 3103 lus,
524 3024 639 3090 eodem
662 3043 758 3089 mane
788 3023 1012 3089 benedicende
1041 3029 1094 3088 est
1122 3024 1164 3089 ab
1194 3026 1265 3110 ipso
1297 3021 1501 3090 celebrante
1524 3023 1581 3090 val
1606 3024 1660 3092 'ab

435 3133 502 3198 alio
526 3130 705 3198 Sacerdote
731 3137 768 3196 ut
790 3131 926 3196 rubrica
948 3131 1091 3196 Missalis
1115 3131 1322 3218 praescribit.
1348 3131 1514 3207 Quocirca
1535 3133 1564 3196 si
1596 3129 1664 3198 be-

436 3239 579 3306 nedicito
601 3245 782 3325 peragetur·
804 3257 825 3303 a
847 3237 1058 3314 Gelebranta,
1084 3239 1117 3302 in
1141 3239 1289 3304 sacrario
1314 3257 1415 3324 super
1429 3237 1662 3306 mensulaseu

436 3366 539 3432 parvo
562 3345 674 3420 abaco,
698 3351 856 3430 cooperto
879 3344 957 3410 alba
979 3344 1124 3422 tobalea,
1157 3346 1412 3431 praeparabitur
1443 3365 1503 3411 vas
1533 3346 1663 3414 decens

419 3473 511 3519 ¹cum
534 3471 620 3537 aqua
641 3450 875 3528 benedicenda,
889 3451 1074 3539 'pelvicula
1094 3471 1169 3518 cum
1193 3453 1276 3527 sale,
1307 3455 1554 3539 manutergium
1585 3457 1663 3522 sive
1721 3535 1731 3546 ,

437 3560 643 3627 sudariolum
666 3558 708 3625 ad
731 3579 828 3625 usum
852 3559 1070 3638 Gelebrautis,
1102 3560 1276 3626 vasculum
1306 3577 1449 3626 vacuum
1480 3579 1540 3648 pro
1569 3581 1665 3649 aqua

438 3677 554 3746 sancta
576 3685 652 3734 cum
674 3666 866 3753 aspergillo,
889 3667 1027 3734 Missale
1050 3665 1106 3734 vel
1131 3668 1266 3734 Rituale
1289 3667 1510 3735 adhibendum
1540 3689 1561 3735 a
1592 3671 1665 3738 (le-
1727 3685 1729 3692 '

438 3778 590 3843 lebrante
613 3777 648 3842 in
670 3773 911 3853 benedIctione,
934 3778 1079 3861 itemque
1102 3795 1230 3861 pannus
1253 3795 1312 3841 seu
1342 3778 1590 3863 manutergium
1623 3779 1666 3846 li·

438 3905 548 3964 neum,
572 3885 667 3949 cuius
692 3904 772 3948 usus
796 3881 950 3968 deinceps
963 3881 1212 3950 declarabItur.

526 3993 557 4056 4.
582 3990 677 4066 Quod
692 3995 828 4082 ¹spectat
856 3985 899 4057 ud
929 3998 1124 4078 paramenta
1152 4012 1173 4057 a
1203 3987 1403 4059 Celebreute
1434 3997 1469 4059 et
1492 3993 1663 4064 Miuistris

435 4097 614 4176 induenda,
637 4098 864 4165 servabuntur
887 4119 927 4164 ea
948 4117 1034 4184 quae
1058 4101 1210 4186 superius
1226 4099 1394 4185 descripta
1410 4108 1491 4166 sunt
1505 4119 1579 4188 cap.
1599 4103 1665 4172 IV.

434 4223 524 4274 num.
551 4209 601 4273 14.
614 4199 811 4271 'Notandum
835 4211 947 4271 autem
971 4206 1059 4290 quod
1076 4207 1257 4274 Celebrans
1274 4206 1335 4273 sibi
1351 4206 1468 4272 induta
1483 4207 1574 4275 stola
1591 4229 1664 4279 non

434 4317 549 4380 vestiri
573 4313 672 4379 debet
701 4312 861 4399 pluviali,
884 4332 923 4378 ac
953 4314 1098 4380 Misistri
1121 4317 1148 4380 si
1179 4320 1319 4381 utentur
1349 4314 1492 4402 planetis
1523 4315 1664 4403 plicatis

436 4417 535 4504 (quod
559 4423 716 4488 usuvenit
739 4422 772 4485 in
796 4420 974 4487 DominicIs
998 4419 1183 4500 Adventus,
1208 4429 1350 4509 excepta
1373 4425 1483 4502 tertia,
1509 4433 1544 4492 et
1568 4425 1663 4503 Qua-

437 4523 653 4609 dragesimae,
677 4534 817 4615 excepta
840 4530 971 4616 quarte)
996 4530 1058 4596 sibi
1081 4549 1137 4595 eas
1161 4531 1301 4598 induent
1323 4538 1398 4619 post
1420 4552 1524 4619 aquae
1549 4533 1662 4604 bene-

442 4629 629 4699 dictionem.
