4175 5717
521 689 586 755 308
983 713 1049 758 ura·
1075 713 1095 760 1.

432 818 473 883 ab
503 820 582 905 ips0;
608 817 748 882 Crucem
774 817 828 882 rel
852 819 1026 902 imaginem
1051 819 1230 904 principem
1262 819 1410 894 sacrarii,
1434 818 1540 905 capite
1569 837 1655 884 coo-

433 932 537 1014 pert0,
563 925 723 990 salutabit
745 933 777 991 et
802 925 843 992 ad
868 926 986 990 Altare
1009 925 1178 1011 procedet.

524 1035 572 1100 15.
598 1035 636 1098 ln
658 1033 750 1099 aditu
775 1034 947 1099 Ecclesiae
972 1035 1021 1100 las
1046 1034 1110 1098 erit
1133 1040 1171 1099 ut
1194 1053 1310 1118 aquam
1335 1033 1541 1124 benedictam
1565 1035 1656 1098 acci·

433 1144 500 1228 piat
523 1162 624 1227 seque
647 1143 717 1229 ipsa
739 1144 859 1227 signet,
884 1162 923 1206 eo
946 1141 1033 1226 quod
1055 1142 1177 1226 'ubique
1208 1125 1355 1227 gentium
1378 1142 1409 1207 id
1440 1140 1508 1217 fiat,
1539 1161 1657 1228 quam·

432 1273 529 1338 quam
553 1253 686 1318 rubrica
710 1272 775 1318 non
799 1253 990 1339 praecipiat.

505 1361 572 1424 .16.
598 1361 634 1424 ln
658 1380 794 1426 accessu
818 1360 859 1424 ad
884 1359 1002 1427 Altare
1026 1359 1248 1444 subsequetur
1265 1360 1451 1426 ministrum
1468 1365 1502 1426 et
1517 1357 1656 1426 incedet

433 1491 507 1534 enm
531 1469 707 1552 gravitate,
731 1466 893 1532 modestia
916 1469 1090 1551 animoque
1114 1468 1146 1530 in
1172 1467 1275 1532 Deum
1300 1468 1437 1543 intento,
1472 1471 1507 1530 at
1529 1485 1573 1530 ne
1604 1467 1656 1532 ni·

434 1579 493 1642 mis
516 1576 674 1650 studiose,
697 1577 929 1661 praeseferens
954 1581 1095 1640 mentem
1120 1576 1320 1659 cogitatione
1344 1575 1511 1641 absortum
1527 1579 1656 1662 myste-

433 1685 482 1761 rii,
507 1683 594 1768 quod
617 1688 666 1748 est
692 1683 935 1748 celebraturus.

522 1793 572 1857 17.
597 1791 631 1857 Si
648 1791 888 1858 transeundum
904 1792 970 1857 erit
985 1797 1064 1856 ante
1079 1791 1199 1856 Altare
1215 1792 1403 1868 maximum,
1424 1791 1654 1856 reverentiam

435 1901 530 1964 faciet
556 1899 763 1984 profundam,
788 1901 878 1964 acsi
902 1898 1009 1964 aderit
1033 1898 1090 1966 SS.
1116 1898 1367 1966 Sacramentum
1380 1901 1412 1963 in
1430 1897 1654 1964 tabernaculo

409 2028 489 2072 seu
513 2008 637 2071 ciborio
662 2007 878 2082 reconditum,
903 2026 991 2090 genu
1016 2006 1190 2072 dexterum
1209 2028 1311 2092 usque
1328 2009 1361 2072 in
1378 2013 1504 2072 terram
1524 2004 1655 2082 flectet,
1697 2067 1703 2086 ,

431 2116 575 2180 biretum
606 2135 712 2200 neque
742 2117 776 2180 in
806 2115 997 2179 reverentia
1032 2114 1091 2178 sibi
1122 2113 1301 2180 detrahens
1332 2133 1438 2200 neque
1469 2116 1501 2180 in
1540 2133 1654 2200 genu-

434 2220 587 2287 flexione.

523 2332 573 2396 18.
598 2329 632 2395 Si
655 2330 722 2395 alio
747 2331 779 2394 in
804 2329 915 2397 Alteri
939 2328 996 2395 SS.
1010 2328 1261 2396 Sacramentum
1284 2336 1486 2406 asservetur,
1503 2350 1544 2396 ac
1560 2335 1654 2396 tran·

431 2438 592 2504 seundum
616 2443 693 2502 ante
717 2438 801 2503 illud
825 2438 878 2516 sit,
902 2434 1170 2522 genuflexionem
1194 2435 1323 2515 efficiet,
1347 2443 1517 2524 utsupra.

522 2546 570 2611 19.
595 2546 830 2610 Reverentiam
853 2544 1052 2630 profundam
1083 2545 1183 2609 166161
1213 2546 1311 2610 etiam
1340 2545 1501 2630 Reliquiis
1533 2545 1652 2614 Sancti

432 2655 472 2719 de
497 2675 561 2738 quo
586 2654 777 2719 celebrat-ur
801 2651 942 2718 officium
968 2654 1001 2717 iu
1025 2650 1186 2734 Ecclesia,
1211 2653 1267 2718 vel
1290 2653 1365 2718 aliis
1389 2652 1550 2738 Reliqoiis
1574 2655 1654 2722 insi·

430 2761 548 2847 guibus
572 2763 683 2846 aliqua
708 2781 826 2826 caussa
849 2760 1007 2845 expositis
1030 2761 1064 2824 in
1087 2759 1207 2836 Altari,
1233 2761 1260 2825 si
1283 2762 1488 2827 transiturus
1505 2762 1550 2826 sit
1569 2765 1652 2827 ante

432 2869 526 2935 illud.
550 2869 602 2934 Ad
634 2869 750 2934 Crucis
784 2875 896 2932 autern
931 2867 1101 2952 Reliquias
1132 2869 1310 2953 expositas,
1342 2873 1498 2956 cooperto
1529 2871 1651 2958 capite,

433 2998 520 3061 genu
548 2983 676 3042 tantum
701 2976 876 3041 dexterum
901 2973 1015 3041 flectet
1040 2995 1142 3059 usque
1166 2975 1206 3040 ad
1230 2982 1365 3041 terram.

520 3085 573 3149 20.
602 3083 695 3158 Quod
719 3085 747 3147 si
769 3084 914 3148 transire
938 3082 1056 3149 debeat
1079 3089 1157 3148 ante
1181 3083 1237 3148 SS.
1270 3083 1519 3150 Sacramentum
1550 3105 1654 3172 expo-

431 3193 540 3269 situm,
565 3212 760 3276 quamquam
786 3192 929 3256 Calicem
953 3191 1102 3255 manibus
1127 3191 1223 3268 16161,
1248 3188 1514 3276 genuflexionem
1542 3191 1654 3280 dupli·

432 3324 516 3378 cem,
541 3323 657 3388 nempe
682 3307 824 3385 utroque
847 3321 945 3387 genu,
970 3299 1100 3378 efficiet,
1117 3306 1216 3385 caput
1232 3300 1374 3385 deteget,
1397 3300 1652 3368 Sacramentum

432 3411 592 3484 adorabit,
608 3415 724 3476 rursus
743 3411 869 3495 operiet
885 3413 993 3494 caput,
1010 3415 1163 3493 assurget
1180 3413 1211 3473 et
1224 3413 1445 3494 prosequetur
1458 3409 1522 3474 iter
1541 3431 1651 3478 suum:

433 3520 641 3604 quodetiam
672 3519 774 3583 saciet
797 3518 824 3581 si
855 3516 1009 3581 transibit
1039 3520 1116 3580 ante
1140 3514 1269 3592 Altare,
1298 3517 1330 3579 in
1363 3535 1426 3598 quo
1456 3515 1653 3582 celebretur

432 3628 532 3692 Missa
556 3637 585 3691 et
613 3627 766 3691 elevetur
789 3644 886 3691 sacra
909 3624 1023 3688 Hostia
1048 3643 1154 3707 neque
1177 3627 1276 3688 antea
1299 3629 1453 3707 assurget
1468 3637 1565 3706 quarn
1593 3623 1654 3690 Ce-
1729 3603 1736 3614 ⁶

432 3735 566 3798 lebrans
584 3719 735 3800 ¹Calicem
761 3737 831 3818 post
858 3733 1079 3797 ostensionem
1105 3733 1136 3796 iu
1160 3731 1269 3795 Altari
1294 3729 1493 3816 deposuerit:
1518 3731 1567 3796 sin
1595 3732 1654 3796 mi-

432 3842 634 3906 nistraretur
671 3841 872 3914 Communio,
906 3861 970 3904 non
1002 3843 1133 3926 oportet
1157 3845 1194 3903 ut
1224 3839 1362 3923 genibus
1393 3835 1488 3920 flexis
1516 3849 1654 3904 maneat

433 3947 599 4032 usquead
624 3946 731 4024 tinem;
757 3947 814 4012 sed
838 3945 1071 4032 genuflexione
1102 3945 1225 4032 duplici
1255 3951 1400 4032 peracta,
1432 3951 1588 4030 assurget
1611 3966 1653 4012 ac

431 4060 558 4141 perget.

517 4162 570 4227 21.
596 4161 703 4237 Quum
727 4163 903 4247 detegetur
927 4168 1035 4248 caput,
1060 4162 1202 4227 biretum
1226 4181 1292 4226 non
1317 4166 1369 4227 est
1390 4159 1579 4247 ponendum
1596 4183 1653 4226 su-

430 4290 488 4354 per
512 4270 666 4346 Calicem,
696 4270 752 4334 sed
784 4269 981 4335 tradendum
1012 4271 1174 4345 ministro,
1207 4270 1260 4334 rel
1294 4267 1523 4335 sustinendum
1559 4272 1653 4336 inter
1750 4353 1753 4358 Ι

430 4377 585 4460 pollicem
609 4385 642 4443 et
667 4377 815 4452 indicem,
840 4383 999 4463 apertura
1022 4377 1062 4442 ad
1087 4382 1202 4462 pectus
1225 4397 1395 4454 conversa,
1417 4399 1548 4444 manum
1567 4379 1653 4445 obli-

431 4503 493 4565 que
517 4483 637 4550 bursae
663 4487 842 4571 imponens,
869 4486 1010 4570 nequid
1035 4506 1052 4549 e
1077 4484 1187 4550 Calice
1211 4484 1352 4550 decidat.

521 4591 573 4656 22.
600 4594 760 4660 Sacerdos
785 4594 927 4660 Calicem
952 4599 1087 4676 gestans
1113 4595 1274 4662 nerninem
1298 4575 1466 4666 salutabit,
1499 4600 1652 4680 praetor·
