4175 5717
525 789 590 854 316
988 801 1055 853 cns.
1081 801 1102 852 1.

520 915 572 979 61.
598 915 725 980 lunatis
749 914 825 980 inde
849 912 998 978 manibus
1022 913 1134 978 reniet
1157 913 1190 976 in
1216 930 1321 976 cornu
1347 905 1528 997 Epistulae,
1546 899 1661 995 ibique

432 1021 615 1087 subsistens
640 1021 778 1087 calicem
800 1019 842 1086 ad
865 1020 989 1086 nodum
1014 1020 1152 1084 sinistra
1182 1019 1331 1106 accipiet,
1363 1025 1397 1084 et
1426 1015 1661 1105 purificatorio

432 1149 508 1193 eum
531 1128 672 1194 dextera
701 1129 881 1213 absterget.
913 1128 1092 1214 Apponens
1125 1127 1223 1192 etiam
1254 1127 1424 1192 sinistram
1455 1124 1497 1191 ad
1530 1123 1659 1192 nodum

431 1236 545 1301 calicis
569 1243 603 1302 et
625 1234 889 1322 purificatorium
912 1234 1027 1321 pollici
1060 1233 1209 1300 eiusdem
1241 1252 1359 1298 manus
1395 1234 1442 1299 ita
1473 1238 1511 1299 ut
1541 1231 1661 1298 calic'm

432 1343 548 1429 pedem
571 1348 736 1429 contegat,
762 1363 804 1409 ne
827 1363 892 1427 qua
915 1347 1011 1428 gutta
1036 1343 1104 1407 vini
1127 1347 1187 1406 aut
1212 1359 1318 1426 aquae
1349 1338 1492 1427 desuper
1513 1339 1660 1407 decidat.

521 1451 573 1516 62.
599 1453 682 1516 Tum
706 1452 848 1517 dextera
872 1451 1014 1537 accipiet
1038 1448 1219 1536 ampullam
1245 1449 1324 1525 vini,
1349 1445 1435 1533 quod
1460 1450 1493 1514 in
1516 1447 1662 1514 calicem

433 1557 595 1633 infundet,
631 1566 791 1642 quantum
822 1559 988 1634 convenit,
1021 1557 1269 1643 ampullamque
1303 1556 1481 1642 relinquet.
1518 1555 1661 1642 Signum

433 1671 544 1729 cutem
569 1665 684 1730 Crucis
708 1664 829 1730 efficiet
852 1684 952 1750 super
976 1665 1159 1751 ampullam
1183 1685 1299 1750 aquae,
1324 1667 1378 1730 cui
1402 1663 1576 1730 benedicet
1599 1683 1663 1730 re-

432 1773 539 1838 citans
563 1775 746 1838 orationem
770 1772 867 1838 Deus
900 1773 966 1858 qui
994 1773 1173 1839 humanae
1201 1772 1419 1840 substantioe
1450 1777 1513 1866 etc.
1549 1785 1661 1856 aquae

432 1880 614 1964 ampullam
638 1879 778 1946 dextera
802 1889 918 1956 sumet,
944 1887 978 1946 et
1002 1880 1115 1946 dicens
1139 1881 1186 1946 du
1210 1880 1309 1949 nobis
1329 1899 1399 1964 per
1415 1879 1522 1948 buius
1538 1897 1662 1965 aquae

433 1995 465 2055 et
490 1989 562 2054 ciui
582 1989 792 2074 mysterium
814 1986 942 2071 aliquas
966 1995 1079 2073 guttas
1105 1988 1259 2054 infundet
1282 2008 1322 2054 ac
1345 1993 1568 2074 prosequetur
1584 2007 1661 2052 ora-

433 2096 556 2159 tionem
581 2115 685 2179 usque
708 2093 749 2159 ad
772 2092 880 2173 finem,
904 2102 1006 2180 caput
1029 2095 1196 2162 inclinans
1226 2116 1344 2162 versus
1380 2095 1520 2162 Crucem
1555 2115 1660 2179 quum

433 2202 521 2266 dicet
551 2201 652 2269 Iesus
680 2201 851 2279 Christus,
883 2201 1064 2286 Postquam
1096 2223 1215 2288 aquam
1252 2205 1284 2268 in
1315 2203 1455 2270 calicem
1489 2203 1659 2280 iniecerit,

433 2329 575 2392 aequum
599 2311 664 2375 erit
687 2315 725 2376 ut
747 2307 984 2395 purificatorio,
1009 2309 1151 2377 dextero
1176 2309 1275 2377 indici
1298 2311 1449 2396 paullum
1484 2309 1659 2388 obvoluto,

432 2423 545 2500 guttas
570 2419 658 2483 intre
682 2417 819 2483 calicem
843 2422 1013 2503 separatas
1036 2418 1219 2504 abstergat.

520 2525 572 2589 63.
599 2524 741 2591 Sinistra
764 2524 951 2591 admovebit
975 2527 1112 2591 calicem
1138 2546 1257 2591 versus
1282 2525 1469 2613 corporale,
1494 2529 1528 2592 et
1558 2525 1660 2612 puri-

431 2629 616 2696 ficatorium
642 2633 771 2698 interea
794 2651 1005 2718 componens,
1032 2635 1142 2698 veniet
1167 2633 1208 2699 ad
1233 2634 1375 2700 medinm
1391 2633 1529 2710 Altaris3
1546 2639 1582 2699 et
1599 2634 1658 2698 im·

430 2741 538 2824 posita
561 2741 621 2826 ipsi
644 2759 744 2804 manu
767 2740 912 2814 sinistra,
929 2738 1192 2826 purificatorium
1209 2739 1350 2806 dextera
1366 2739 1492 2808 locabit
1507 2739 1542 2805 in
1556 2745 1657 2826 parte

431 2853 570 2930 patenae
594 2845 737 2921 detecta,
761 2852 860 2930 atque
884 2847 930 2912 ite
953 2852 1153 2932 contegetur
1176 2848 1346 2933 corporali
1364 2854 1398 2913 et
1414 2845 1658 2933 purificatorio.

518 2955 571 3019 64.
597 2955 741 3021 Calicem
758 2962 872 3040 postea
888 2973 990 3040 supra
1013 2955 1135 3020 nodum
1152 2954 1292 3021 dextera
1309 2961 1426 3033 sumet,
1443 2961 1655 3043 apponetque

432 3066 597 3127 sinistram
622 3061 663 3127 ad
687 3062 812 3150 pedem,
836 3082 876 3127 ac
899 3063 1067 3128 sustinens
1094 3069 1235 3147 utraque
1260 3083 1359 3130 manu
1395 3064 1520 3130 elatum
1552 3083 1657 3150 supra

431 3172 572 3238 medinm
597 3172 770 3257 corporale
795 3172 841 3236 ita
872 3179 910 3235 ut
939 3170 1054 3237 calicis
1086 3175 1258 3238 summitas
1295 3172 1412 3238 oculos
1443 3171 1656 3239 Celebrantis

432 3303 498 3347 non
522 3281 671 3355 excedat,
685 3281 771 3345 dicet
788 3281 971 3345 orationem
998 3276 1186 3366 offerimus
1203 3280 1264 3348 tibi
1278 3280 1424 3348 Domine
1447 3287 1510 3346 etc.
1528 3281 1562 3345 in
1588 3301 1656 3365 qua

433 3389 603 3455 recitanda
625 3387 700 3453 fixis
725 3391 757 3453 in
780 3389 886 3453 altum
910 3387 1016 3452 oculis
1041 3388 1225 3454 intuebitur
1249 3388 1390 3456 Crucem
1416 3386 1473 3474 (a).

520 3496 572 3562 65.
597 3497 707 3562 Finita
731 3497 880 3561 oratione
903 3494 1083 3581 praedicta,
1108 3496 1246 3562 calicem
1269 3497 1478 3582 aliquantum
1500 3494 1657 3563 demittet

432 3625 471 3671 ac
494 3625 553 3691 per
576 3625 651 3670 eum
677 3604 792 3669 Crucis
827 3606 957 3688 signum
987 3600 1108 3668 efficiet
1139 3623 1239 3690 super
1272 3610 1399 3691 partem
1431 3605 1655 3691 posteriorem

430 3712 614 3799 corporalis
638 3719 697 3777 aut
719 3717 861 3796 utraque
885 3731 994 3788 manu,
1018 3717 1078 3776 eut
1101 3709 1242 3777 dextera
1264 3717 1405 3791 tantum,
1430 3732 1495 3798 quo
1512 3733 1594 3779 casu
1612 3713 1655 3778 si·

432 3823 571 3888 nistram
594 3826 767 3886 extensam
789 3818 901 3884 Alteri
925 3821 1080 3905 imponet:
1106 3820 1193 3885 hanc
1216 3826 1328 3886 autem
1345 3817 1490 3887 efficiens
1505 3817 1654 3888 Crucem

430 3934 558 4003 caveat,
583 3947 624 3993 ne
649 3925 730 4014 pede
753 3926 866 3991 calicis
891 3925 986 3992 radat
1002 3926 1154 3992 hostiam.
1173 3925 1275 3993 Sistet
1297 3929 1435 3995 calicem
1457 3949 1557 4015 super
1581 3949 1656 3996 cor-

430 4038 545 4124 porale
568 4044 642 4122 post
665 4035 816 4112 hostiam,
842 4034 913 4099 lere
936 4034 977 4099 ad
1002 4035 1143 4100 alteram
1168 4037 1352 4122 corporalis
1376 4023 1590 4124 plicaturam,'
1619 4043 1656 4104 et

432 4145 523 4230 palla
547 4145 715 4230 cooperiet
740 4162 824 4207 eum.

519 4253 571 4316 66.
597 4252 722 4316 Dehinc
746 4249 957 4315 mediocriter
980 4251 1161 4317 inclinatus
1178 4251 1395 4337 manibusque
1411 4273 1511 4339 super
1530 4249 1655 4320 Altare

506 4516 546 4584 (o)
567 4519 598 4575 Si
618 4521 697 4578 Crux
717 4517 826 4576 Altaris
845 4517 930 4572 nimis
950 4516 977 4572 in
996 4519 1055 4574 alto
1076 4518 1121 4573 rol
1142 4517 1226 4575 nimis
1247 4519 1274 4574 in
1294 4518 1352 4576 imo
1372 4518 1470 4592 posita
1500 4527 1589 4586 esset,
1610 4521 1655 4579 ite

433 4616 464 4662 ut
483 4607 559 4663 oculi
578 4610 668 4665 attolli
687 4609 849 4684 nequirent.
869 4607 1016 4665 Sacerdos
1035 4608 1195 4664 intuebitur
1215 4627 1318 4666 versus
1338 4611 1452 4668 coelum
1473 4625 1540 4666 cum
1566 4611 1654 4684 posi·

433 4694 511 4752 tione
525 4698 719 4764 ‹fonvenionti
731 4699 810 4756 iuxta
820 4699 1041 4770 expressionem
1056 4697 1192 4754 rubricae
1205 4719 1219 4752 c
1233 4697 1353 4756 intentis
1366 4699 1403 4756 ad
1413 4683 1507 4757 Deum
1519 4699 1613 4758 oculis
1626 4719 1655 4758 a.
