4175 5717
526 701 587 766 168
973 719 1039 766 nra.
1065 719 1111 766 ιν.

431 829 664 898 celebrantem
688 828 747 893 ibit
771 826 922 894 Clericus
945 828 1115 892 sustinens
1138 823 1272 892 ltitnale
1288 831 1348 890 aut
1363 821 1512 900 Misenis,
1535 823 1644 908 inquo

430 943 525 1002 extet
547 938 633 1002 ritus
654 935 884 1000 absolutionis.
910 934 1143 1018 Unusquisque
1159 939 1338 1016 antequam
1354 930 1506 998 discedat
1528 949 1572 996 ex
1592 929 1646 996 al·

431 1047 505 1120 tari,
530 1044 631 1108 faciet
654 1045 686 1107 in
711 1042 816 1108 medio
841 1043 1064 1107 reuerentiam
1081 1037 1419 1126 autgenuflexionem
1442 1039 1488 1104 ad
1511 1037 1646 1104 Crucem

433 1151 571 1226 altaris,
595 1155 737 1236 excepto
761 1149 981 1215 Subdiacono.
1046 1235 1048 1242 Ι

522 1257 577 1324 21.
602 1257 673 1323 Duo
696 1257 818 1323 Clerici
849 1277 924 1322 cum
959 1255 1098 1322 vasculo
1129 1265 1163 1322 et
1192 1273 1267 1321 cnm
1290 1253 1478 1331 thuribulo,
1509 1251 1647 1320 Subdiu·

431 1385 535 1430 conns
558 1373 593 1430 et
617 1365 775 1450 Acolythi
807 1371 1022 1430 transeuntes
1050 1383 1151 1450 super
1185 1365 1354 1429 sinistram
1386 1379 1482 1426 suam
1512 1365 1648 1446 pergent

431 1472 472 1538 ad
506 1471 605 1558 pedes
637 1472 767 1538 tumuli.
798 1471 1027 1538 Subdiaconus
1061 1491 1137 1538 curn
1173 1470 1349 1558 Acolythis
1382 1469 1426 1536 ibi
1457 1469 1647 1544 consistent,

433 1580 517 1646 facie
540 1579 583 1644 ad
606 1579 771 1645 tumulum
789 1599 895 1656 rersa,
920 1580 1069 1664 quamvis
1093 1579 1254 1662 exequiae
1271 1577 1490 1644 celebrentur
1511 1593 1573 1662 pro
1595 1571 1649 1640 aa·

431 1687 576 1754 cerdote:
601 1687 666 1753 duo
690 1685 851 1774 praedicti
881 1687 997 1754 clerici
1028 1685 1185 1754 redibunt
1214 1705 1317 1772 super
1347 1683 1525 1750 dexterm
1559 1701 1649 1748 suam

432 1815 550 1862 versus
572 1785 673 1882 caput
697 1796 826 1860 tumuli.
852 1795 972 1862 clerus
996 1797 1029 1860 in
1054 1796 1216 1882 principio
1246 1791 1365 1858 tumuli
1399 1790 1578 1857 dirimetur
1607 1787 1650 1854 bi·

433 1905 549 1968 fariam
565 1909 600 1967 et
623 1903 658 1966 in
680 1902 798 1968 ordiue
821 1902 1016 1988 disponetur
1031 1902 1214 1968 secundum
1231 1903 1350 1966 latera:
1369 1897 1555 1966 celebrans
1577 1915 1648 1962 curn

433 2011 578 2076 Diacono
601 2012 761 2076 consistet
784 2013 818 2076 in
842 2013 950 2098 capite
974 2011 1095 2076 tumuli
1128 2029 1245 2076 versus
1277 2010 1457 2082 sinistram,
1488 2026 1550 2072 seu
1581 2023 1650 2070 ren

433 2141 490 2185 sus
514 2129 641 2205 partem
665 2120 845 2206 Epistulae,
870 2139 912 2185 ne
946 2119 1072 2185 directe
1104 2125 1240 2184 vertant
1275 2125 1407 2202 tergum
1437 2113 1480 2180 ad
1512 2113 1649 2180 Crucem

433 2227 570 2292 altaris.
595 2227 748 2293 Clericus
770 2245 846 2292 cum
870 2227 1019 2302 vasculo,
1041 2225 1132 2291 alter
1157 2244 1232 2290 cnm
1262 2221 1437 2289 thuribulo
1457 2241 1501 2288 ac
1532 2221 1650 2286 tertiae

432 2353 508 2400 cum
531 2333 616 2403 libro
638 2334 819 2401 adstabant
841 2333 1034 2400 celebranti
1057 2355 1077 2398 a
1101 2335 1244 2398 sinistris
1266 2335 1339 2398 eius
1362 2329 1421 2418 (a).

520 2442 575 2508 32.
600 2442 644 2508 Ut
666 2441 849 2509 Celebrans
879 2461 955 2507 cum
980 2441 1123 2506 Diacono
1156 2441 1310 2506 venerint
1331 2437 1373 2504 ad
1396 2443 1498 2523 eaput
1520 2433 1652 2510 tumuli,

435 2549 599 2615 Diaconus
622 2549 756 2634 deteget
778 2555 879 2635 capnt
902 2555 936 2612 et
967 2547 1111 2612 biretum
1134 2547 1225 2612 dabit
1252 2545 1531 2622 Caeremoniario,
1563 2541 1653 2610 cele·

434 2657 533 2722 brans
557 2664 592 2723 et
614 2659 693 2742 ipse,
711 2654 836 2721 nudato
851 2656 970 2741 capite,
987 2653 1130 2720 biretum
1147 2653 1415 2720 tradetDiacono
1437 2661 1475 2719 et
1497 2651 1554 2718 hic
1577 2649 1654 2718 cae

436 2765 645 2830 remoniario.

520 2871 575 2938 23.
600 2871 762 2938 cantores
785 2869 973 2936 immediate
995 2869 1227 2950 cantabuntn
1258 2868 1387 2936 Libera
1415 2886 1482 2944 me,
1507 2865 1654 2935 nomae

435 2984 498 3044 etc.
523 2976 575 3044 Ad
599 2983 630 3052 l.
655 2977 826 3063 Requiem
848 2985 1030 3046 aeter-raam
1054 2991 1116 3043 etc.
1149 2980 1204 3061 qui
1238 2977 1279 3042 ab
1313 2975 1428 3042 iisdem
1462 2971 1654 3041 cantoribus
1727 2993 1733 3008 ·

434 3091 585 3162 canet-ur,
610 3084 792 3150 Celebrans
815 3085 948 3150 nullum
973 3085 1090 3152 Crucis
1114 3087 1244 3170 signum
1268 3104 1386 3150 versus
1417 3081 1588 3150 tumulum
1609 3081 1666 3146 fa.

434 3194 509 3268 ciet,
534 3201 572 3257 ut
594 3211 767 3279 perperam
798 3193 911 3258 solent
932 3191 1065 3276 quidam
1099 3201 1219 3258 contra
1253 3192 1465 3257 rubricarum
1491 3189 1655 3276 praescri·

433 3302 588 3384 ptionem.
614 3301 693 3365 Post
709 3317 879 3365 cantatum
896 3301 986 3364 hunc
1004 3300 1219 3377 versiculum,
1238 3300 1411 3375 Diaconus,
1429 3297 1579 3364 salutato
1597 3295 1654 3362 cc·

435 3407 598 3486 lebrante‚
625 3429 662 3474 se
695 3411 792 3474 sistet
820 3427 841 3472 a
870 3407 1020 3473 dexteris
1056 3409 1137 3484 eius,
1170 3407 1308 3491 ideoque
1339 3405 1587 3472 animadvertet
1615 3401 1656 3470 ad

434 3514 675 3580 transeundum
698 3529 886 3580 antaeum.
913 3514 965 3582 Ad
988 3515 1222 3581 Celebrantem
1246 3513 1524 3601 appropinquabit
1551 3513 1659 3580 thuri·

437 3623 590 3700 serarius,
614 3625 670 3708 qui
705 3624 895 3689 nauiculam
925 3623 1036 3689 tradet
1067 3623 1222 3698 Diaconc‚
1246 3623 1416 3690 exhibebit
1446 3619 1658 3688 thuribulum

436 3730 628 3796 celebranti
650 3739 686 3796 et
709 3731 874 3796 ciaconus
897 3733 957 3818 ipsi
979 3731 1182 3797 ministrabit
1206 3733 1378 3798 incensum
1412 3733 1484 3797 sine
1518 3729 1655 3796 osculis.

508 3877 549 3944 (ιι)
572 3873 695 3930 Probari
715 3891 772 3930 non
792 3883 887 3947 potest
906 3892 977 3931 usus
1001 3873 1174 3949 quibusdam
1203 3873 1231 3930 in
1256 3873 1328 3930 locis
1357 3883 1504 3946 receptus.
1525 3869 1659 3928 mittendi

437 3964 656 4022 Subdiaeonum
669 3981 736 4022 curn
749 3965 847 4023 Cruce
860 3979 890 4022 et
908 3966 1146 4039 Aeolytlroscunr
1159 3963 1346 4022 candelabris
1368 3963 1405 4020 ad
1424 3962 1518 4036 pedes
1537 3961 1654 4030 tumuli,

435 4054 504 4111 durn
523 4055 639 4111 interea
657 4055 751 4128 pergit
771 4055 877 4112 sedere
906 4057 1071 4113 celebrans
1094 4073 1161 4113 eum
1181 4055 1318 4112 Dinccnc
1343 4053 1372 4112 in
1395 4069 1450 4110 suc
1477 4069 1605 4110 scamno
1632 4063 1663 4110 et

436 4145 542 4203 Clarus
560 4144 589 4200 in
607 4143 708 4200 choro.
727 4146 825 4212 Quum
843 4163 935 4218 snper
953 4148 1095 4204 turnulum
1118 4147 1252 4204 facienda
1265 4143 1475 4208 cstabsolutic,
1495 4143 1552 4200 hac
1573 4161 1660 4216 pror·

435 4252 486 4289 sus
505 4233 540 4290 do
567 4250 673 4290 caussa
701 4233 834 4292 defertur
862 4237 928 4291 iliuc
953 4239 1033 4295 Crux
1054 4237 1280 4311 processionalis
1299 4235 1367 4308 quia
1394 4235 1560 4292 celebrans
1592 4251 1660 4292 cum

436 4323 525 4381 Claro
544 4323 627 4380 exiro.
646 4323 683 4380 de
702 4323 794 4382 elroro
814 4340 843 4382 et
862 4326 898 4381 dc
918 4329 1103 4401 presbyterio
1123 4327 1217 4386 «lelna.
1240 4328 1362 4402 ideoque
1390 4325 1472 4383 crux
1493 4325 1664 4398 processio-

437 4415 511 4470 nalis
531 4415 596 4471 rice
615 4417 746 4487 fungitur
764 4417 868 4475 Crucis
887 4419 1006 4474 ‚altaris
1021 4421 1052 4475 Si
1066 4420 1102 4475 de
1116 4419 1207 4473 rbere
1223 4419 1389 4476 exeundum
1411 4433 1468 4472 non
1488 4429 1582 4482 esset,
1597 4433 1661 4474 ser·

441 4505 504 4560 rari
522 4503 646 4562 deberet
664 4506 737 4562 ritus
756 4522 880 4564 statutus
900 4526 917 4563 a
937 4507 1153 4568 Cucrerneniali
1173 4507 1387 4582 Episcoporum
1408 4507 1455 4564 lib.
1476 4507 1509 4564 ll.
1531 4523 1599 4580 cap.
1618 4509 1664 4564 at.

440 4611 467 4648 2¹¹
489 4611 561 4648 <leui
583 4613 719 4666 §upcl'lllss
740 4613 868 4652 trutinum
889 4619 941 4652 νὴ.
