4175 5717
981 689 1053 736 cir.
1071 686 1118 735 ιιι.
1520 673 1563 737 27

536 789 608 856 141).
632 783 737 858 stabit
767 792 901 878 pedibus
925 793 965 858 ad
989 796 1170 861 orationem
1198 794 1420 879 Omnipotens
1442 797 1650 880 sempiterne

442 895 550 972 Deus,
574 918 658 982 quae
680 906 751 985 post
778 899 1040 967 distributionem
1074 901 1277 968 recitabitur.
1302 904 1409 975 Locus
1440 901 1556 969 deinde
1587 905 1649 968 erit

441 1003 651 1070 processioni
667 1026 742 1072 cum
757 1007 1095 1074 animadversionibus
1116 1029 1199 1094 quae
1222 1009 1262 1074 de
1287 1009 1505 1076 Candelarum
1521 1029 1651 1096 proces·

441 1112 536 1177 sione
559 1115 710 1198 superius
733 1114 875 1179 traditae
899 1121 986 1180 sunt.
1009 1145 1018 1160 ¹
1563 1105 1565 1112 ’

534 1218 605 1283 141.
631 1220 737 1285 Extra
764 1221 925 1286 ecclesiae
953 1223 1084 1285 ianuam
1112 1228 1211 1307 caput
1236 1222 1343 1290 bireto
1365 1225 1541 1309 cooperiet.
1566 1224 1652 1288 Dum

440 1323 632 1390 cantabitur
655 1328 799 1413 hymnus
818 1327 949 1402 Gloria,
962 1330 1041 1394 tans
1059 1335 1121 1393 etc.
1139 1336 1237 1394 extra
1252 1335 1390 1415 portam,
1405 1330 1522 1396 Clarus
1539 1332 1648 1407 stabit,

439 1439 541 1514 atque
564 1431 642 1497 hinc
664 1441 698 1499 et
720 1434 795 1500 inde
819 1436 851 1499 in
876 1434 956 1500 duas
979 1435 1050 1499 alas
1074 1434 1255 1513 dirimetur,
1280 1435 1477 1502 Celebrant-e
1494 1438 1526 1501 in
1543 1435 1677 1503 medio·

440 1545 646 1604 remanente.

533 1645 604 1710 142.
630 1646 847 1731 Posteaquam
870 1650 1036 1734 processio
1060 1649 1196 1714 redierit
1211 1649 1251 1715 ad
1268 1650 1395 1726 Altare,
1413 1649 1531 1715 Glerus
1548 1650 1647 1716 stabit

438 1752 473 1816 in
497 1751 610 1828 choro;
634 1759 668 1819 et
690 1775 791 1848 quum
814 1754 994 1820 Celebrans
1017 1755 1159 1842 deponet
1181 1756 1328 1841 pluviale
1352 1763 1386 1821 et
1408 1761 1515 1820 sumet
1538 1756 1649 1841 plane

438 1867 519 1934 tam,
545 1860 736 1926 considebit.

533 1967 604 2031 143.
629 1968 663 2032 ln
688 1969 789 2034 Missa
816 1969 954 2034 solemni
984 1969 1192 2038 adhibebitur
1223 1971 1306 2034 ritus
1336 1964 1570 2056 praescriptus,
1595 1990 1650 2034 no-

436 2071 543 2138 tando
571 2073 657 2158 quod
680 2074 721 2140 ad
744 2075 846 2141 verba
876 2076 1046 2162 Epistolae
1076 2078 1175 2144 Utin
1196 2078 1335 2145 minine
1360 2076 1446 2143 lesu
1476 2084 1541 2142 etc.
1564 2095 1649 2161 quae

433 2178 587 2245 cantabit
617 2180 853 2260 subdiaconus,
881 2181 1169 2268 genuflectendum
1199 2189 1259 2261 est,
1289 2189 1388 2267 atque
1418 2183 1547 2248 interea
1573 2183 1649 2248 dum

432 2293 581 2352 canetur
603 2287 727 2357 Passio
751 2289 903 2355 standum
926 2290 1062 2377 pedibus
1086 2295 1146 2355 est.

530 2395 603 2460 144.
627 2396 687 2461 Ubi
706 2403 825 2462 cantus
849 2397 973 2464 Passio
995 2395 1128 2474 finierit,
1146 2396 1265 2463 Clerus
1289 2395 1416 2461 sedebit
1437 2395 1478 2461 ad
1501 2396 1649 2460 actiones

431 2503 576 2569 Diaconi
607 2504 842 2589 praecedentes
872 2503 1022 2570 ultimam
1050 2511 1176 2591 partein
1201 2504 1334 2579 Passio,
1358 2522 1442 2587 quae
1469 2509 1651 2568 canetura

429 2612 585 2678 Diacono
608 2633 668 2698 pro
691 2612 885 2698 Evangelio.
910 2612 1025 2676 Palma
1048 2612 1266 2677 sustinebitur
1289 2630 1388 2676 manu
1411 2609 1551 2675 dextera
1573 2609 1650 2674 dum

429 2726 582 2784 canetur
605 2719 727 2786 Passio
750 2725 784 2784 et
807 2740 882 2806 pars
906 2720 1024 2784 ultima
1047 2739 1067 2784 a
1091 2719 1245 2784 Diacono.

734 2937 766 3016 §-
795 2933 842 2998 13.
868 2934 911 3001 Ia
934 2934 1120 3003 Matutiais
1147 2933 1397 3001 Tenebraram.

530 3149 602 3213 145.
627 3147 745 3215 Clerus
769 3151 823 3215 ubi
839 3152 872 3215 in
889 3151 1026 3216 chorum
1043 3150 1182 3224 venerit,
1200 3148 1300 3214 stabit
1323 3146 1458 3233 pedibus
1479 3147 1652 3231 unusquis·

427 3277 499 3340 (pue
526 3259 559 3319 in
584 3276 644 3321 suo
667 3258 779 3322 stallo.

532 3363 602 3426 146.
628 3363 742 3428 Genua
765 3362 876 3430 flectet
899 3365 997 3430 simul
1021 3386 1096 3430 cum
1120 3364 1318 3430 Celebrante
1342 3369 1377 3426 et
1400 3360 1554 3426 recitabit
1577 3381 1650 3425 ora-

428 3474 561 3537 tionem
586 3471 696 3553 Aperi
718 3472 862 3538 Domine
885 3480 948 3537 etc.

529 3578 601 3642 147.
627 3578 813 3664 consurget
843 3579 959 3646 deinde
985 3599 1025 3644 ac
1053 3579 1205 3643 recitabit
1229 3578 1337 3645 Pater
1367 3576 1439 3643 Aoe
1469 3575 1590 3652 Credo,
1614 3582 1649 3640 et

429 3686 536 3751 stabit
560 3683 749 3771 adprimae
772 3687 972 3773 antiphonae
995 3693 1138 3753 cantum.

529 3792 601 3856 148.
626 3793 815 3859 considebit
829 3794 869 3858 ab
887 3797 1090 3860 intonationo
1106 3794 1201 3879 primi
1216 3793 1333 3878 psalmi
1351 3810 1473 3874 usquae
1485 3790 1525 3854 ad
1542 3797 1646 3855 totum

432 3925 573 3968 versum
597 3904 779 3969 canendum
803 3905 862 3968 sub
887 3906 1011 3969 exitum
1035 3905 1129 3989 primi
1154 3902 1318 3967 nocturni.

529 4011 600 4075 149.
626 4010 732 4076 Stabit
754 4019 863 4078 autem
889 4033 962 4077 cum
986 4012 1114 4076 dicetur
1139 4011 1247 4076 Pater
1269 4015 1399 4074 noster.

529 4118 600 4181 150.
625 4119 654 4181 ,4
678 4118 949 4184 lamentationum
981 4126 1081 4183 cantu
1112 4117 1151 4182 ad
1178 4117 1321 4181 alterum
1353 4134 1483 4179 versum
1512 4110 1647 4177 secundi

430 4227 593 4290 nocturni
617 4227 807 4292 considebit.

527 4332 600 4395 151.
625 4333 730 4397 Stabit
753 4355 870 4399 rursus
893 4335 933 4398 ad
958 4334 1066 4400 Pater
1088 4340 1218 4399 aester.

527 4440 599 4504 152.
626 4441 756 4507 Sedebit
778 4442 819 4508 ad
842 4443 1001 4508 lectiones
1026 4441 1162 4506 secundi
1187 4440 1341 4505 nocturni
1364 4458 1403 4501 ac
1430 4435 1585 4520 deinceps
1608 4433 1647 4499 ad

430 4547 582 4632 psalmos
607 4551 706 4612 tertii.
