4175 5717
527 713 592 777 202
984 730 1120 779 1,m.1v.
1218 744 1222 750 ·

441 836 611 912 vestiatur,
642 835 800 902 ostiolum
833 836 964 912 haheat,
987 836 1028 904 ab
1052 838 1214 903 anteriori
1247 844 1343 923 parte
1375 844 1530 906 ornatum
1561 858 1657 906 sacra

440 944 581 1027 imagine
607 943 731 1010 Christi
755 944 883 1012 Domini
907 942 1076 1020 Crucifixi‚
1100 950 1159 1010 aut
1181 946 1401 1029 resurgentis,
1419 952 1479 1012 aut
1501 946 1656 1012 vuluera-
1754 967 1757 971 ⁴

439 1053 509 1114 tum
533 1055 651 1136 pectus
675 1050 873 1127 exhibentis,
896 1057 957 1117 aut
978 1051 1046 1117 alia
1068 1053 1122 1137 pia
1145 1049 1281 1136 effigies.

531 1159 613 1224 Telo
635 1162 799 1244 stragula
821 1159 955 1227 Alteras
978 1159 1020 1225 ad
1043 1159 1128 1224 illud
1152 1159 1375 1246 operiendum,
1404 1158 1505 1228 linitis
1536 1161 1656 1239 Missis,

438 1264 656 1351 longitudine,
679 1285 718 1331 ac
742 1265 928 1343 latitudine,
954 1274 1000 1344 ut,
1031 1287 1116 1351 quae
1139 1272 1244 1333 totam
1274 1265 1367 1336 illius
1397 1288 1545 1342 mensam
1573 1288 1656 1334 cou-

436 1379 529 1457 tegat
552 1372 705 1458 undique,
730 1381 765 1442 et
795 1374 909 1459 paullo
940 1374 1094 1461 amplius
1118 1375 1197 1440 item
1219 1375 1350 1441 laciniis
1381 1375 1588 1442 brevioribus
1615 1375 1656 1441 ab

436 1482 523 1546 omui
547 1487 642 1567 parte
665 1480 785 1550 decore
808 1483 928 1558 cincta,
951 1482 1066 1548 colore
1090 1482 1134 1547 sit
1157 1480 1266 1548 viridi.

530 1587 767 1656 Plumbalum
788 1608 864 1655 cnm
887 1588 1096 1675 quadruplici
1118 1588 1287 1668 catenula,
1311 1593 1347 1654 et
1368 1589 1538 1676 operculo:
1561 1596 1657 1656 cate-

437 1694 593 1760 nularum
617 1702 728 1763 antam
752 1694 926 1780 longitudo
949 1697 992 1761 sit
1015 1696 1204 1764 cubitorum
1235 1694 1387 1772 duorum,
1415 1702 1450 1762 et
1482 1697 1657 1764 unciarum

435 1802 571 1868 circiter
593 1802 777 1871 duodecim.

527 1909 818 1977 Tinttnmhotem
841 1930 900 1997 pro
924 1911 1112 1981 elevatione
1135 1911 1353 1987 Sacramenti,
1387 1912 1415 1980 si
1437 1910 1654 1997 appendatur,

435 2017 551 2101 parieti
574 2017 708 2083 laterali
731 2016 868 2084 affixum
889 2019 1042 2097 baereat,
1065 2025 1100 2085 et
1122 2038 1267 2105 appenso
1291 2017 1443 2084 funiculo
1466 2024 1535 2084 tam
1552 2018 1655 2105 longo

433 2130 472 2188 ut
494 2123 650 2189 Minister·
668 2123 867 2210 genuflexus
888 2128 923 2192 iu
946 2145 1052 2191 cornu
1076 2125 1248 2211 Epistolae
1271 2123 1440 2191 commode
1466 2125 1552 2190 illud
1575 2125 1655 2212 pul-

434 2249 510 2295 sare
535 2233 651 2316 possit.

523 2338 703 2406 laumello
727 2338 995 2409 Sabdiceonolic
1018 2341 1137 2408 similis
1165 2343 1210 2408 sit
1238 2341 1445 2415 Dalmaticae
1468 2341 1651 2417 Diaconali‚

432 2445 474 2509 de
496 2465 561 2529 qua
583 2466 693 2531 supra·
717 2454 858 2534 excepto
882 2448 968 2532 quod
990 2450 1203 2533 augustiores
1227 2447 1326 2514 debet
1349 2448 1473 2516 habere
1496 2450 1653 2524 manicae,

434 2561 468 2619 et
490 2554 669 2640 longiores.
698 2555 852 2623 anrem.
876 2556 992 2639 apoc.
1018 2556 1074 2623 lid.
1097 2556 1121 2621 I
1139 2574 1216 2639 cap.
1245 2557 1298 2624 10.

529 2660 597 2727 Vos
612 2661 821 2729 Hostiorum
837 2662 1016 2729 rotundum
1032 2665 1134 2740 sitet
1148 2664 1219 2730 late
1235 2667 1350 2748 pateat
1368 2664 1482 2730 uncias
1497 2669 1653 2748 quatuor,

433 2768 600 2851 pluresve,
625 2774 663 2834 ut
685 2769 821 2835 Hostiae
845 2767 921 2835 inde
943 2772 1049 2856 prend
1073 2769 1242 2844 commode
1265 2772 1401 2855 possint,
1427 2770 1654 2855 utilequoque

432 2875 498 2938 erit
520 2876 679 2940 raminam
702 2874 890 2962 plumbeam
914 2876 1091 2942 rotundam
1114 2877 1221 2943 serico
1245 2879 1401 2943 vestitam
1425 2877 1549 2944 Hostiis
1574 2879 1652 2964 ipsis

433 2982 710 3067 superimponere,
735 2991 774 3049 ut
797 3003 912 3050 aarum
935 2991 1120 3052 curvatura
1142 2984 1298 3080 tollatur.
1448 3035 1459 3052 ,

527 3087 596 3156 Vos
613 3108 684 3172 pro
706 3089 949 3176 abstergendis
976 3090 1151 3159 metabus
1174 3096 1209 3158 et
1224 3090 1377 3158 lavandis
1402 3089 1647 3178 corporalibus,

432 3214 571 3261 aeneum
594 3202 743 3281 paretur,
766 3198 872 3265 instar
894 3198 1012 3284 pelvis,
1036 3197 1122 3265 binis
1144 3198 1328 3265 manubriis
1354 3204 1521 3277 constans,
1548 3203 1649 3282 atque

432 3301 472 3366 ab
497 3314 563 3367 uno
587 3303 681 3369 labro
703 3303 745 3369 ad
767 3304 868 3393 aliud,
893 3305 1004 3370 cubito
1028 3324 1106 3381 uuo,
1138 3311 1173 3370 et
1195 3306 1301 3371 unciis
1332 3310 1421 3381 octo,
1455 3304 1651 3390 pluribusve

433 3428 496 3493 pro.
517 3411 653 3476 ratione·
668 3411 919 3497 suppellectilis.
932 3411 1108 3488 bitume
1124 3430 1256 3495 oreque
1279 3412 1447 3491 emicent
1471 3432 1532 3499 par
1551 3410 1650 3496 quod,

432 3516 524 3598 quasi
547 3537 606 3603 par
632 3517 794 3596 canalem,
824 3538 911 3603 aqua
931 3518 1067 3592 lotionis
1096 3517 1174 3594 iude
1197 3517 1372 3604 paullatim
1395 3519 1429 3588 iu
1460 3502 1650 3594 Sacrarium

431 3618 557 3690 effundi
575 3626 688 3710 possit,
710 3624 799 3709 quod
821 3645 881 3692 vas
904 3626 989 3700 buic-
1005 3627 1079 3694 usui
1103 3630 1238 3694 tantum
1257 3626 1299 3698 sit
1321 3630 1544 3694 reservatum.

527 3729 659 3802 Vatum,
672 3732 798 3803 meato
820 3732 861 3803 ab
885 3734 973 3800 omni
1003 3738 1099 3818 parte
1130 3731 1251 3810 cubito,
1276 3738 1314 3798 et
1340 3733 1446 3806 unciis
1476 3731 1649 3812 duodecim

429 3836 498 3904 lato
521 3843 652 3922 pateat:
666 3838 715 3906 ab
731 3840 801 3911 om'a
820 3838 964 3924 undique
987 3859 1099 3925 opere·
1111 3841 1231 3919 serico,
1254 3859 1348 3916 auro,
1365 3844 1572 3925 argentoque
1594 3845 1648 3905 te-

430 3945 543 4010 nuiter
564 3951 729 4018 ornatum.

524 4050 645 4120 Verum
672 4052 839 4139 -Pyaicu-
859 4055 903 4120 sit
932 4056 1125 4139 pretiosum,
1161 4062 1196 4120 et
1219 4054 1319 4139 quale
1349 4053 1470 4122 saltem
1499 4053 1648 4134 dedimus

435 4157 550 4224 Calici.

526 4266 645 4335 Votum
665 4287 734 4350 pro
755 4270 933 4355 portando
956 4269 1015 4337 SS.
1049 4269 1286 4346 doctorum,
1319 4270 1353 4334 in
1383 4268 1647 4354 processionibus

430 4371 587 4455 eiusdem,
610 4377 654 4440 sit
676 4375 812 4461 longum
836 4397 896 4443 sex
920 4376 1051 4454 cubitis;
1075 4378 1192 4451 latum,
1217 4383 1255 4446 ut
1278 4376 1347 4442 veli
1370 4377 1449 4442 tela.
1541 4421 1545 4444 .

522 4479 646 4552 ,Votum
666 4481 922 4556 Suddcbcooale
945 4485 1086 4571 longum
1107 4487 1186 4552 item
1214 4482 1334 4549 cubitis
1356 4503 1429 4560 sex,
1461 4484 1567 4557 latum
1590 4487 1647 4562 sit,

430 4592 554 4669 quanta
577 4598 629 4654 est
652 4591 718 4655 veli
742 4594 875 4676 propria
898 4593 1051 4659 latitudo.
1143 4632 1148 4638 ·
