4175 5717
527 711 589 780 192
981 733 1048 780 nra.
1076 733 1111 778 u.

434 837 608 906 candelam
630 857 813 914 accensam,
830 840 966 905 sinistra
981 838 1134 915 biretum;
1151 841 1207 923 qui
1232 859 1347 906 veroa
1363 839 1508 904 sinistris
1525 837 1664 906 inoedet

434 948 639 1014 intorticium
663 947 808 1024 sinistra,
833 946 977 1012 biretum
1001 945 1144 1012 dextera
1166 953 1245 1012 ante
1268 953 1384 1034 pectus
1403 945 1593 1014 sustinebit.
1611 943 1663 1014 Si-

432 1055 504 1138 quis
531 1074 591 1120 seu
614 1051 850 1119 Beneficiarius
873 1074 933 1119 seu
957 1053 1143 1122 Canonious
1174 1056 1245 1120 sive
1271 1054 1359 1120 alius
1381 1055 1577 1134 obnumeri
1602 1051 1661 1120 di-

433 1162 627 1248 sparitatem
650 1159 776 1226 medius
800 1161 860 1227 ibit
882 1162 971 1226 iuter
993 1162 1077 1227 alios
1101 1161 1193 1240 duos,
1218 1160 1391 1228 candelam
1417 1164 1488 1230 sire
1519 1155 1662 1228 intorti-'-

432 1272 520 1335 cium
544 1269 686 1334 deutera
709 1287 808 1333 mauu
832 1269 932 1334 feret.
957 1270 1064 1334 Porro
1088 1289 1371 1356 superuacaneum
1402 1289 1474 1336 esse
1504 1269 1660 1336 ducimus

432 1397 579 1454 mouere,
604 1376 690 1461 quod
723 1377 949 1460 uuusquisque
980 1377 1169 1462 paullulum
1200 1377 1287 1443 absit
1315 1397 1336 1442 a
1362 1375 1587 1464 praecedente
1617 1395 1660 1444 ne

432 1505 510 1550 cera
534 1485 621 1550 forte
645 1481 770 1550 fluente
794 1505 837 1548 ex
861 1485 1029 1550 iuter-ticio
1055 1505 1114 1552 seu
1139 1484 1279 1552 candela
1302 1490 1431 1552 vestem
1454 1487 1528 1552 eius
1549 1481 1661 1552 offena

432 1595 498 1660 dat.
524 1593 587 1667 Qui
611 1591 847 1656 thuriferarius
871 1590 1088 1657 dextrorsum
1113 1592 1244 1670 incedit,
1269 1593 1357 1658 feret
1383 1595 1521 1660 sinistra
1550 1593 1664 1684 thuri·

433 1702 548 1767 bulum
565 1701 597 1764 in
622 1700 810 1764 summitate
834 1705 868 1762 et
891 1698 1031 1764 dextera
1055 1700 1253 1778 naviculam,
1279 1703 1332 1786 qui
1358 1723 1438 1768 vero
1461 1679 1591 1766 incedit
1614 1701 1663 1766 si-

433 1812 642 1882 nistrorsum,
673 1806 883 1873 thuribulum
915 1806 1065 1884 dextera,
1095 1808 1284 1874 naviculam
1318 1810 1453 1876 sinistra
1480 1811 1664 1876 sustineat.

432 1919 485 1983 Ex
508 1915 731 2002 gestatoribus
762 1914 956 1990 umbraculi,
982 1913 1030 2000 (a)
1056 1921 1092 1980 ut
1119 1914 1229 1982 debito
1257 1914 1372 1982 ordine
1403 1915 1573 1992 incedant,
1608 1915 1663 1984 di-

432 2028 609 2112 gnissimus
634 2024 811 2092 sustinebit
826 2024 954 2089 hastam
971 2026 1109 2110 primam
1132 2045 1175 2090 ex
1199 2031 1292 2110 parte
1317 2024 1463 2102 Diacoui,
1486 2021 1661 2092 secundus

429 2140 565 2224 primam
589 2154 631 2201 ex
655 2141 749 2219 parte
773 2131 980 2210 subdiaconi,
998 2133 1119 2198 tertius
1135 2131 1313 2200 secundam
1336 2151 1437 2219 prope
1455 2133 1656 2212 Diaconum,

433 2249 571 2328 quartus
595 2239 773 2306 secundam
790 2259 891 2325 prope
913 2239 1169 2318 Subdiaconum,
1186 2241 1320 2324 quintus
1340 2241 1478 2326 primam
1494 2245 1574 2326 post
1589 2239 1667 2306 Dia-

432 2371 562 2424 conum,
590 2353 706 2414 sextus
730 2346 911 2412 secuudarn
942 2357 1016 2432 post
1049 2347 1304 2424 subdiaconum,
1329 2347 1508 2430 eodemque
1538 2345 1664 2414 ordine

433 2458 554 2541 reliqui
577 2457 642 2522 duo
667 2455 812 2532 ultimas,
840 2456 867 2520 si
892 2461 968 2520 octo
992 2475 1132 2522 numero
1163 2455 1303 2522 fuerint.
1329 2455 1512 2522 celebrans
1534 2455 1668 2542 poterit

432 2585 508 2630 cum
543 2563 708 2628 Ministris
739 2568 889 2649 tempore
912 2563 1132 2648 processionis
1157 2564 1301 2628 recitare
1324 2563 1478 2648 psalmos,
1503 2561 1565 2628 sed
1590 2563 1667 2630 sine

436 2673 558 2740 Gloria
577 2671 682 2738 Patra'
696 2670 730 2734 in
747 2667 823 2736 fine.
852 2670 1025 2734 Processio
1042 2689 1109 2736 non
1125 2669 1230 2736 exibit
1245 2689 1288 2736 ex
1304 2669 1458 2746 ecelesia,
1475 2667 1533 2736 aed
1556 2671 1671 2757 ipsam

433 2778 620 2846 circumibit
643 2779 740 2842 iuxta
763 2777 835 2842 eius
864 2778 1085 2861 capacitatem
1109 2784 1143 2843 et
1166 2776 1348 2844 secundum
1378 2777 1579 2864 positionem
1607 2775 1670 2846 Sa-

432 2888 521 2964 celli,
547 2889 671 2969 inquo
696 2883 753 2952 SS.
779 2882 1029 2950 Sacramentum
1054 2891 1252 2968 exponetur.
1608 2951 1610 2956 ,

520 2995 573 3060 50.
600 2993 817 3058 Processione
833 3011 876 3056 ex
893 2989 1004 3056 Alteri
1016 2993 1140 3056 maiore
1152 2991 1312 3075 profecta,
1326 2989 1475 3056 Sacriste
1486 2987 1527 3054 ab
1540 2987 1666 3056 eodem

432 3103 598 3170 amovebit
627 3100 814 3188 corporale,
838 3100 1022 3166 transferet
1053 3101 1088 3166 in
1115 3100 1298 3166 sacrarium
1329 3119 1384 3164 res
1415 3117 1542 3176 omues,
1574 3117 1667 3186 quae

432 3218 533 3277 eruut
564 3213 597 3275 in
620 3209 733 3286 abaco,
758 3227 907 3292 quaeque
931 3209 964 3272 iu
988 3209 1090 3273 Missa
1120 3208 1259 3274 solemni
1291 3206 1458 3274 adhibitae
1486 3213 1601 3286 erunt,
1627 3213 1666 3276 et

433 3319 573 3392 curabit,
599 3323 636 3384 ut
658 3316 767 3382 bireta
789 3315 999 3382 celebrantis
1022 3323 1057 3380 et
1081 3316 1310 3382 Ministrorum
1339 3315 1595 3384 transferantur
1626 3319 1662 3384 in

434 3425 605 3503 sacellum,
630 3425 663 3490 iu
687 3444 752 3508 quo
776 3430 965 3510 exponetur
988 3423 1045 3509 SS.
1071 3422 1331 3500 Sacramentum,
1360 3424 1421 3490 nisi
1454 3424 1517 3490 hoc
1549 3423 1665 3494 officio

433 3535 520 3600 alius
543 3533 686 3598 clericus
708 3533 881 3617 iungatur.

520 3640 574 3707 51.
600 3639 711 3714 Quum
736 3641 770 3706 in
793 3640 966 3716 sacellum,
990 3641 1024 3704 iu
1053 3658 1117 3723 quo
1147 3637 1204 3704 fiet
1227 3641 1400 3726 expositio,
1425 3643 1559 3708 venerit
1585 3663 1668 3732 pro·

435 3750 550 3824 cessio,
577 3746 802 3814 Subdiaoouus
835 3755 969 3835 gestans
1001 3747 1143 3814 Crucem
1167 3767 1240 3812 cum
1264 3747 1442 3835 Acolythis
1473 3751 1667 3822 subsistent

433 3878 534 3944 prope
557 3855 683 3923 aditum
707 3875 824 3922 versus
848 3856 938 3923 latus
961 3856 1147 3942 Evangelii:
1164 3856 1277 3922 clerus
1294 3862 1405 3923 autem
1421 3859 1587 3928 consistet
1601 3861 1665 3928 vel

432 3968 523 4031 intra
546 3964 601 4029 vel
625 3969 724 4030 extra
754 3963 927 4040 sacellum,
951 3966 985 4029 in
1016 3984 1118 4030 unum
1149 3969 1208 4030 aut
1235 3965 1349 4050 plures
1380 3964 1514 4032 ordines
1544 3987 1582 4034 se
1614 3969 1667 4036 di·

434 4092 576 4159 sponens
606 4072 701 4137 iuxta
731 4072 948 4156 capacitatem
980 4072 1056 4148 loci,
1081 4071 1138 4138 sed
1162 4070 1246 4137 illud
1278 4072 1459 4138 notandum
1491 4073 1580 4159 quod
1613 4077 1665 4144 di·

431 4184 563 4266 gniores
587 4200 660 4246 esse
687 4178 809 4244 debent
839 4182 1027 4267 propriores
1060 4181 1179 4246 Alteri.
1213 4181 1437 4247 Thuriferarii
1468 4185 1664 4254 consistent

430 4292 507 4355 hinc
525 4289 600 4354 iude
615 4309 635 4352 a
650 4287 811 4352 lateribus
827 4288 964 4353 Altaris.
982 4289 1198 4374 Delegabitur
1214 4289 1368 4364 clericus,
1386 4291 1442 4374 qui
1465 4290 1659 4360 scabellum

432 4417 491 4460 seu
514 4396 648 4461 breuem
672 4395 805 4468 scalam,
831 4396 856 4460 si
882 4416 962 4481 opus
994 4397 1106 4473 fuerit,
1131 4394 1248 4462 afferat
1273 4395 1426 4462 Diacono.
1458 4397 1661 4470 Gestatores

434 4501 619 4568 umbraculi
643 4503 826 4568 consistent
850 4503 883 4567 iu
907 4502 998 4568 aditu
1022 4504 1139 4570 sacelli
1163 4504 1336 4570 ueletiam
1361 4509 1439 4570 ante
1462 4505 1596 4584 Altero,
1624 4515 1664 4578 et

504 4642 546 4708 (a)
567 4643 697 4700 Consule
717 4645 941 4703 caeremoniale
961 4647 1173 4719 Episcoporum
1194 4647 1240 4702 lib.
1261 4648 1280 4705 l.
1299 4665 1363 4721 oap.
1383 4647 1463 4708 xlv.
1484 4667 1563 4707 num.
1583 4655 1611 4710 4.
