4175 5717
518 709 562 774 30
968 727 1034 775 nra.
1060 727 1109 775 111.

431 835 604 903 Secundus
621 837 766 902 clericus
783 857 858 902 cum
876 838 945 922 ipso
961 835 1120 901 ascendet
1135 834 1176 900 ad
1194 834 1323 910 ditare,
1343 836 1448 920 eique,
1476 839 1652 922 postquam

430 947 597 1030 acceperit
622 944 776 1020 Calicem,
807 944 1078 1010 extremitatibus
1109 942 1334 1008 anterioribus
1365 942 1433 1008 veli
1467 939 1654 1007 humeralis

429 1061 606 1137 utramque
630 1073 763 1118 manum
787 1055 966 1140 cooperiet.
1583 1119 1586 1128 ,

516 1162 570 1226 57.
595 1161 777 1227 celebrans
793 1161 869 1227 inde
885 1182 1067 1227 conversus
1085 1162 1125 1228 ad
1142 1163 1310 1249 populum,
1331 1163 1467 1248 incipiet
1483 1159 1555 1226 alta
1571 1179 1653 1226 voce

431 1270 543 1334 dicere
566 1270 726 1355 hymnum
752 1270 875 1354 Paoye
899 1271 1032 1356 linqua,
1057 1291 1154 1355 quem
1178 1269 1277 1335 simul
1294 1289 1368 1334 cum
1386 1269 1522 1335 clericis
1534 1273 1653 1354 pergat

431 1379 575 1442 recitare
599 1397 674 1442 oum
698 1397 810 1463 pansa.
836 1377 988 1443 Clericus
1012 1377 1178 1443 secundus
1209 1378 1387 1442 sustinebit
1419 1395 1496 1442 eum
1528 1377 1563 1440 in
1593 1374 1654 1441 de·

432 1506 550 1550 scensu
574 1491 608 1550 et
631 1487 878 1551 extremitatem
902 1489 1104 1553 anteriorem
1121 1489 1262 1552 vestium
1279 1487 1382 1572 ipsius
1398 1485 1538 1550 attollet
1553 1503 1654 1569 quum

431 1613 632 1659 ascensurus
656 1594 729 1659 erit.
755 1594 843 1660 ldem
867 1595 1055 1660 meminerit
1078 1615 1190 1660 secum
1214 1595 1306 1660 ferre
1329 1595 1473 1660 biretum
1505 1592 1611 1659 illius.

521 1701 574 1766 ·›8.
599 1701 806 1766 Procedetur
829 1701 871 1766 ad
895 1701 1014 1768 hltare
1037 1701 1243 1788 praedictum
1269 1701 1385 1768 ordine
1409 1699 1575 1786 sequenti:

521 1809 574 1874 59.
601 1809 737 1895 Signum
761 1831 819 1875 seu
844 1810 1019 1887 vexillum,
1044 1809 1131 1895 quod
1155 1812 1280 1896 gestari
1305 1809 1391 1876 solet
1415 1811 1449 1874 in
1474 1809 1658 1896 processio·

433 1918 529 1983 nibus
555 1938 629 1982 curn
655 1917 711 1984 SS.
737 1919 880 1982 Viatico.

521 2025 575 2090 60.
607 2026 812 2096 confratres,
848 2027 904 2091 vel
934 2027 1012 2092 laici
1045 2025 1178 2104 delecti,
1210 2026 1277 2091 bini
1309 2046 1384 2092 cum
1416 2023 1568 2091 candelis
1598 2029 1659 2090 aut

434 2134 611 2198 intortieiis
635 2135 793 2208 accensis
819 2153 883 2218 qua
906 2135 939 2198 in
965 2155 1000 2198 re
1025 2134 1220 2210 notandum,
1245 2133 1331 2218 qnod
1355 2133 1410 2218 qui
1435 2131 1564 2198 incedit
1579 2131 1662 2197 dex·

434 2248 582 2305 trorsnm
607 2243 773 2306 sustinere
807 2241 980 2306 candelam
1011 2241 1110 2307 debet
1143 2241 1294 2318 dextera,
1328 2243 1382 2325 qui
1414 2241 1659 2318 sinistrorsum,

435 2351 582 2413 sinistra.

510 2455 577 2534 ¹til.
603 2455 694 2521 Crux
719 2457 974 2541 processionalis
997 2477 1017 2522 a
1040 2459 1143 2522 tertio
1166 2457 1289 2523 clerico
1313 2455 1436 2521 delata.

523 2563 577 2627 62,
602 2564 733 2628 Primus
758 2564 901 2628 clericus
925 2564 1049 2630 leviter
1072 2567 1202 2650 agitans
1224 2564 1445 2641 thuribulum,
1472 2569 1509 2630 ut
1525 2563 1664 2632 adoleat

439 2671 495 2737 SS.
522 2671 785 2737 Sacramentum.

524 2779 577 2844 63.
603 2780 784 2844 Celebrans
809 2801 883 2846 cum
907 2781 1053 2846 secundo
1078 2782 1202 2846 clerico
1226 2782 1379 2847 adstante
1396 2800 1415 2846 a
1431 2782 1579 2846 sinistris
1601 2779 1664 2847 sub

436 2887 634 2952 baldachino
659 2893 811 2952 sustento
834 2909 854 2953 a
877 2889 1104 2954 confratribus
1137 2891 1192 2956 vel
1223 2911 1243 2956 a
1271 2891 1457 2976 praecipuis
1486 2891 1666 2976 paroeciae

438 2998 527 3060 viris.
554 2997 720 3080 Sequetur
744 2995 977 3061 celebrantem
1002 2998 1144 3083 populus
1169 2999 1322 3085 pietatem
1348 2997 1594 3084 praeseferens.

527 3104 579 3167 bf.
605 3103 712 3177 qunn
738 3111 874 3168 ventum
899 3106 963 3168 erit
987 3107 1020 3169 in
1044 3105 1218 3182 sacellum,
1243 3105 1443 3170 vexillarius
1464 3105 1666 3172 subsistat-a

437 3214 555 3286 latero,
581 3211 768 3276 confratres
792 3232 866 3275 cum
884 3213 1062 3278 intortioiis
1080 3213 1135 3277 vel
1152 3212 1300 3278 candelis
1318 3234 1352 3278 se
1368 3212 1546 3299 disponent
1562 3219 1670 3302 extra

437 3319 658 3383 balaustrium
682 3339 741 3384 seu
771 3319 1017 3405 presbyterium
1051 3321 1097 3384 ita
1120 3327 1159 3385 ut
1190 3321 1332 3387 liberum
1362 3322 1545 3386 transitum
1580 3321 1666 3388 dent

439 3427 641 3501 Celebranti‚
667 3433 698 3491 et
724 3428 891 3512 ingenua
925 3427 1153 3513 procumbent‚
1186 3426 1331 3494 clericus
1366 3429 1480 3493 ferens
1518 3429 1663 3494 (trucem

439 3534 588 3599 introibit
612 3536 645 3598 in
669 3533 830 3598 sacellum
855 3554 992 3618 eamque
1022 3534 1166 3621 deponet
1196 3556 1297 3622 prope
1328 3556 1434 3602 cornu
1470 3537 1662 3624 Evangelii:

438 3643 678 3707 thuriferarius
703 3643 863 3707 consistet
886 3662 987 3728 prope
1011 3663 1117 3708 cornu
1142 3643 1323 3729 Epistolae:
1346 3643 1585 3710 baldachinum
1604 3665 1663 3712 re-

440 3751 628 3816 movebitur
658 3755 692 3815 et
721 3749 762 3815 ad
793 3750 997 3815 alterutrum
1031 3751 1194 3816 ecclesiae
1229 3752 1390 3837 parietem
1425 3749 1661 3838 applicabitur,

440 3858 622 3924 Celebrans
644 3858 800 3924 ascendet
825 3858 866 3924 ad
891 3858 1011 3923 Altare
1034 3865 1068 3923 et
1084 3879 1184 3943 quum
1203 3861 1336 3924 venerit
1351 3861 1383 3922 in
1401 3858 1661 3944 suppedaneum,

439 3965 606 4033 secundus
629 3966 775 4032 clericus
799 3965 954 4032 detrahet
977 3966 1129 4031 manibus
1153 3967 1223 4031 eius
1248 3967 1478 4032 extremitates
1502 3965 1571 4032 veli
1586 3949 1661 4032 hu·

441 4077 586 4141 moralis.

527 4185 580 4249 65.
607 4184 787 4250 Celebrans
814 4189 912 4270 ponet
938 4182 1082 4249 Calicem
1108 4186 1140 4248 in
1167 4182 1277 4249 Altari
1308 4203 1347 4248 ac
1370 4182 1511 4248 dimittet
1545 4183 1661 4248 velum

441 4294 624 4366 humerale,
650 4293 735 4378 qnod
761 4295 899 4380 recipiet
922 4293 1087 4358 socundus
1113 4293 1267 4358 clericus.
1300 4291 1425 4356 Deinde
1459 4293 1528 4378 ipse
1558 4291 1661 4358 Gele-

438 4401 539 4464 brans
562 4399 775 4486 genuflectet.
800 4407 834 4466 et
856 4403 1005 4486 apposito
1030 4401 1179 4467 scabello
1203 4401 1343 4487 gradeio
1367 4401 1505 4466 atentia
1522 4399 1658 4476 clerico,

441 4509 581 4593 accipiet
603 4509 742 4575 calicem
767 4516 801 4574 et
824 4515 963 4598 reponet
987 4510 1082 4576 illum
1108 4511 1196 4576 intra
1220 4508 1411 4582 custodiam,
1429 4507 1508 4594 quin
1524 4505 1662 4578 claudat

441 4615 651 4704 porticulam.
