4175 5717
631 677 694 746 170
1088 699 1154 749 utu.
1179 689 1200 749 1.

626 808 701 874 215.
726 808 763 872 11
793 807 940 874 sacrario
963 826 998 874 se
1021 807 1151 893 parabit
1180 808 1313 884 amictu,
1344 805 1430 884 alba,
1455 807 1590 894 cingulo
1621 813 1656 874 et
1678 827 1755 874 rua·-

538 917 651 1002 nipulo
675 917 763 1001 nigri
786 914 920 993 coloris,
944 934 983 981 ac
1007 917 1032 980 si
1058 916 1210 981 Ecclesia
1233 916 1298 981 erit
1320 914 1432 1000 aliqua
1454 936 1497 981 ex
1513 917 1687 1002 primariis,
1705 916 1757 981 in·

538 1024 617 1089 duet
641 1023 700 1090 sibi
723 1025 891 1110 planetam
913 1043 1043 1108 quoque
1067 1024 1152 1108 nigri
1176 1023 1299 1088 coloris
1322 1027 1400 1087 9119
1423 1028 1540 1108 pectus
1563 1022 1729 1108 plicatam.

625 1131 699 1197 216.
724 1131 921 1209 Meminerit,
946 1129 1033 1216 quod
1056 1132 1119 1197 hac
1141 1129 1193 1196 die
1216 1135 1332 1195 suetae
1355 1130 1396 1194 ad
1419 1130 1558 1196 chorum
1588 1148 1755 1196 reueren-

538 1241 604 1305 tiae
627 1240 835 1304 omittuntur.

625 1347 700 1412 217.
725 1346 762 1410 11
786 1346 932 1414 discessu
955 1347 996 1414 de
1020 1350 1177 1425 sacrario,
1202 1349 1292 1413 19919
1314 1345 1356 1411 ad
1379 1346 1519 1411 Crucem
1537 1344 1591 1410 vel
1614 1342 1655 1410 ad
1676 1344 1757 1410 ima-

536 1455 644 1538 ginem
668 1455 876 1540 praecipuam
900 1457 1099 1533 reverentia,
1124 1456 1231 1521 bireto
1264 1459 1364 1540 caput
1386 1454 1513 1538 operiet
1543 1458 1577 1517 et
1607 1451 1755 1518 11199111

538 1560 687 1646 praeibit.

624 1669 700 1734 218.
724 1667 775 1734 Ad
800 1670 889 1736 fores
912 1672 1048 1736 sacrarii
1072 1677 1209 1757 accepta
1230 1688 1316 1755 aqua
1338 1668 1512 1735 benedicta
1535 1686 1571 1735 se
1598 1666 1753 1753 signabit,

536 1775 711 1840 dummodo
734 1796 820 1861 aqua
842 1776 1015 1843 benedicta
1036 1779 1072 1841 11
1095 1779 1183 1843 vasis
1207 1777 1380 1843 Ecclesiae
1403 1782 1568 1851 servetur,
1593 1793 1689 1840 secus
1710 1774 1756 1839 si·
1834 1811 1836 1816 ·

537 1902 637 1967 gnum
662 1882 778 1948 Crucis
802 1885 939 1950 omittet.

625 1990 700 2056 219.
731 1991 769 2054 11
799 1991 1043 2078 presbyterium
1075 1991 1265 2078 ingrediens
1296 1990 1434 2057 nudabit
1467 1995 1576 2075 caput,
1608 1988 1755 2054 biretum

537 2098 646 2164 tradet
663 2099 939 2176 Caeremoniario,
957 2107 1056 2185 atque
1072 2100 1205 2166 adstans
1223 2099 1415 2166 Celebranti
1431 2100 1658 2164 sinistrorsum
1675 2115 1753 2163 cum

536 2225 576 2272 91
600 2206 756 2292 procedet
779 2215 856 2273 ante
880 2207 1008 2286 Altare,
1033 2208 1142 2293 ibique
1165 2209 1255 2274 19919
1277 2203 1510 2293 genuflexione
1540 2224 1641 2290 super
1670 2222 1754 2289 gra-

535 2313 595 2378 dus
622 2314 713 2378 illius
744 2314 946 2400 procumbet,
972 2323 1072 2401 caput
1100 2322 1134 2381 et
1164 2315 1300 2381 brachia
1330 2332 1455 2400 ponens
1486 2331 1585 2399 super
1615 2312 1753 2378 cussinc

537 2420 608 2486 illic
631 2429 799 2506 apparato.

622 2529 697 2595 220.
721 2529 772 2594 Ad
796 2535 913 2594 nutum
938 2529 1197 2597 Caeremoniarii
1220 2537 1383 2616 assurget,
1407 2527 1652 2615 suppedaneum
1676 2545 1754 2592 cum

535 2636 735 2702 Celebrante
758 2637 970 2714 conscendet,
994 2658 1061 2704 111
1085 2635 1288 2725 genuflectet
1310 2658 1412 2722 quum
1438 2636 1617 2703 celebrans
1650 2653 1754 2701 oscu-

534 2742 660 2809 labitur
683 2745 812 2820 111911
837 2744 992 2812 deveniet
1013 2765 1089 2811 cum
1113 2767 1152 2811 91
1175 2745 1217 2811 91
1240 2745 1330 2811 latus
1355 2743 1525 2832 Epistulae
1548 2749 1583 2809 et
1598 2740 1755 2808 transibit

532 2850 573 2914 ad
597 2850 770 2916 dexteram
794 2852 939 2929 Diacoui,
964 2859 1002 2918 ut
1026 2854 1059 2917 in
1084 2855 1224 2919 introitu
1249 2853 1371 2918 Missae
1394 2853 1563 2918 solemnis.

621 2963 696 3027 221.
721 2963 833 3028 Prima
856 2963 1001 3029 lectione
1025 2966 1196 3050 primoque
1220 2969 1332 3029 tractu
1349 2968 1484 3028 cantato
1500 2967 1618 3049 perget
1632 2962 1667 3026 in
1684 2960 1756 3046 pla-

536 3089 613 3133 num
637 3077 711 3155 post
734 3071 914 3137 Diaconum
938 3073 971 3136 in
995 3091 1101 3136 cornu
1126 3071 1305 3156 Epistulae,
1330 3069 1533 3157 genuflectet
1555 3069 1596 3135 ad
1619 3073 1651 3143 t.
1676 3068 1756 3135 Fle-

535 3184 819 3263 911191119111,
844 3180 1033 3263 primusque
1057 3181 1201 3244 omnium
1225 3184 1381 3263 assurget
1404 3182 1559 3243 9199191
1581 3176 1720 3243 Levatc.

622 3285 697 3350 222.
722 3285 897 3350 Planctam
920 3285 1086 3370 plicatam,
1111 3289 1138 3350 si
1161 3308 1240 3351 usus
1271 3286 1373 3351 fuerit
1403 3285 1555 3371 deponet,
1580 3281 1755 3368 Epist-ola-

537 3393 623 3456 rium
647 3393 791 3478 recipiet,
817 3395 948 3477 rituque
972 3393 1071 3484 solito
1096 3400 1193 3458 99191
1216 3391 1393 3459 secundam
1428 3392 1604 3456 lectionem
1636 3386 1754 3454 eodem

537 3520 575 3562 ac
599 3499 768 3584 Epistulae
791 3506 881 3578 tono,
906 3507 940 3565 et
963 3506 1065 3565 cantu
1089 3505 1233 3585 peracto,
1258 3496 1523 3586 genuflexionem
1541 3497 1638 3563 Cruci
1656 3515 1754 3562 exse-

536 3613 668 3689 quutus,
693 3606 928 3693 Epistolarium
952 3609 1137 3674 committet
1160 3608 1426 3673 caeremoniario
1455 3606 1509 3670 vel
1541 3605 1666 3670 clerico
1696 3605 1754 3689 qui

536 3734 610 3778 9111
633 3716 852 3792 comitabitur,
878 3735 944 3779 non
967 3716 1175 3781 osculabitur
1198 3735 1330 3800 manum
1363 3713 1580 3791 celebrantis,
1605 3717 1754 3779 resumet

536 3821 702 3906 planetam
726 3822 891 3907 plicatam,
916 3823 943 3886 si
967 3824 1015 3887 uti
1032 3843 1106 3888 eum
1123 3821 1261 3900 decebit,
1280 3821 1368 3886 etad
1385 3822 1494 3886 locum
1514 3839 1578 3904 quc
1594 3819 1635 3884 ab
1657 3819 1753 3884 initio

538 3934 620 4006 erat,
646 3928 776 3993 redibit.

624 4036 761 4102 22311
786 4038 910 4104 Passio
934 4037 1082 4103 canendo
1098 4045 1301 4122 exsequetur
1318 4036 1403 4121 quod
1420 4056 1480 4122 pro
1497 4035 1664 4101 [lominica
1683 4033 1755 4120 pal·

536 4165 664 4209 marum
687 4144 948 4210 demonstratum
971 4151 1031 4221 est,
1058 4152 1198 4230 excepto
1215 4144 1301 4228 quod
1318 4143 1428 4230 palma
1444 4144 1507 4209 hac
1523 4143 1575 4208 die
1591 4141 1753 4228 gestanda

537 4272 602 4316 non
627 4258 686 4317 est.
711 4251 854 4337 ldipsum
877 4251 1024 4316 99119111
1047 4252 1088 4316 ad
1113 4253 1262 4318 ultimam
1292 4258 1430 4338 partem,
1455 4272 1538 4336 quae
1562 4271 1582 4317 a
1606 4249 1751 4315 11199111

538 4365 686 4435 9119111,
711 4380 773 4425 199
795 4360 916 4423 librum
941 4358 1157 4424 osculandum
1182 4359 1373 4425 Celebranti
1397 4359 1551 4446 portabit.
1595 4389 1597 4394 ·

624 4467 699 4530 224.
724 4467 786 4533 lbit
809 4465 926 4531 deinde
951 4467 983 4529 in
1007 4486 1110 4531 cornu
1136 4467 1304 4551 Epistulae
1329 4473 1403 4553 post
1418 4467 1598 4531 Diaconum
1616 4470 1751 4552 propter

539 4573 714 4648 orationes
739 4593 903 4658 quumque
928 4571 1091 4637 Diaconos
1115 4574 1274 4638 cecinerit
1297 4574 1496 4642 ructamus
1515 4591 1646 4660 genua,
1671 4571 1753 4638 Sub-

538 4677 705 4756 diaconus,
730 4685 768 4744 ut
790 4701 891 4767 supra
913 4685 1063 4747 notatum
1087 4685 1147 4757 est,
1172 4682 1318 4748 cantabit
1342 4683 1476 4750 Leucte.
