4175 5717
523 735 585 806 172
990 755 1056 807 mn.
1082 755 1116 808 11.

519 870 572 933 87.
595 871 687 935 Haec
710 871 846 955 insuper
869 869 1023 946 notanda,
1048 868 1135 953 quod
1160 870 1192 933 in
1217 867 1318 934 Missa
1340 867 1383 934 ad
1400 859 1659 934 Confessionern

431 979 596 1043 omittitur
618 977 765 1062 psalmus
790 976 915 1044 Iudico
937 997 992 1042 mc
1015 977 1112 1043 Deus
1135 983 1199 1041 etc.
1223 982 1258 1041 et
1282 995 1348 1041 una
1382 981 1513 1042 tantum
1547 975 1662 1041 oratio

431 1091 596 1162 canatur,
622 1086 747 1150 omissis
772 1084 924 1150 collectis
947 1105 967 1149 a
990 1085 1163 1170 superiore
1186 1085 1411 1170 praescriptis,
1437 1082 1615 1150 ueletiam
1634 1081 1664 1148 si

430 1198 519 1258 esset
541 1193 653 1275 aliqua
676 1193 944 1257 commemoratio
967 1189 1065 1257 officii
1089 1192 1260 1278 simplicis.

520 1300 572 1364 88.
598 1299 778 1365 Celebrans
801 1300 917 1384 legens
942 1299 1126 1384 Epistolam
1150 1319 1217 1365 non
1240 1297 1444 1384 genuflectet
1478 1319 1556 1366 oum
1584 1298 1666 1364 Dia·

432 1429 514 1474 cono
537 1406 578 1473 ad
602 1407 662 1473 illa
685 1408 789 1473 verba
817 1408 918 1475 Utin
940 1410 1079 1475 nomiae
1103 1414 1166 1474 etc.
1193 1458 1200 1472 .
1226 1458 1233 1472 .
1260 1410 1524 1494 .tns‹3raorum.
1543 1405 1659 1484 Quum

431 1535 513 1581 vero
537 1514 765 1580 Subdiaconus
787 1513 847 1579 illa
871 1515 974 1580 verba
996 1516 1153 1590 cantabit,
1178 1535 1281 1580 unum
1304 1521 1435 1580 tantum
1460 1533 1550 1600 genu
1575 1513 1664 1580 sub-

431 1625 541 1689 mittet
563 1642 704 1706 cumque
728 1624 798 1708 ipso
821 1620 1049 1707 genuflectent
1071 1639 1185 1688 omnes
1209 1624 1242 1688 in
1266 1621 1369 1688 choro
1385 1627 1584 1708 praesentes
1601 1621 1661 1706 qni

430 1731 471 1798 ad
495 1732 597 1797 verbe
620 1730 791 1817 praedicta
806 1730 978 1797 nudabunt
995 1738 1104 1818 caput,
1122 1737 1327 1817 consurgent
1342 1751 1382 1798 ac
1397 1729 1660 1817 geniculabunt

431 1840 519 1906 Idem
544 1839 771 1906 Subdiaconus
795 1845 868 1925 post
891 1844 1060 1904 cantatam
1087 1839 1274 1925 Epistolam
1297 1845 1333 1904 et
1356 1847 1431 1924 post
1454 1834 1667 1924 genuflexio-

432 1968 506 2013 nem
529 1953 564 2013 et
594 1948 800 2012 reverentias
832 1951 1021 2024 consuetas,
1057 1948 1169 2012 veniet
1199 1946 1240 2012 ad
1271 1946 1490 2012 osculandam
1522 1965 1665 2012 manum

430 2052 649 2126 celebrantis,
673 2071 712 2116 ac
735 2051 799 2116 nisi
822 2050 877 2116 hic
892 2049 1015 2116 finierit
1030 2051 1145 2137 legere
1162 2051 1330 2127 Tractum,
1349 2051 1534 2117 morabitur
1550 2069 1662 2138 prope

429 2159 519 2224 latus
536 2158 707 2244 Epist-else
723 2156 809 2245 apud
826 2158 1016 2232 Diaconum,
1029 2163 1100 2222 tum
1113 2157 1307 2224 deosculata
1322 2178 1419 2225 manu
1434 2156 1663 2235 celebrantis,

430 2265 571 2352 deponet
595 2265 844 2353 Epistolarium‚
867 2285 908 2330 ac
930 2265 1099 2351 planetam
1123 2265 1289 2352 plicatam,
1315 2267 1342 2332 si
1367 2287 1447 2332 usus
1469 2265 1590 2344 fuerit,
1611 2285 1666 2334 re·

432 2379 556 2439 sumet.
1210 2441 1212 2446 ,

518 2482 572 2547 89.
596 2480 630 2547 Si
654 2486 773 2546 cantus
796 2479 938 2546 Tractus
960 2479 1085 2546 diutius
1109 2479 1349 2567 protrahetur,
1365 2481 1550 2549 celebrans
1584 2501 1666 2550 cnm

431 2589 592 2654 Ministris
616 2586 657 2653 da
680 2587 791 2652 Alteri
823 2607 845 2651 a
874 2588 983 2653 latere
1013 2587 1218 2654 descendens
1250 2588 1292 2654 ad
1323 2609 1493 2655 scamnum
1526 2609 1664 2656 sessum

431 2696 500 2774 ibit,
525 2695 680 2762 methodo
703 2693 827 2760 tradita
849 2713 919 2780 cap.
944 2695 1002 2758 lV.
1026 2714 1116 2760 num.
1140 2696 1193 2762 63.
1218 2702 1253 2762 et
1277 2716 1344 2780 seq.

514 2805 567 2870 90.
591 2803 725 2868 Interea
746 2802 824 2868 dum
858 2802 1051 2868 cantabitur
1081 2802 1242 2890 Epistola,
1273 2802 1511 2870 adiuvantibus
1544 2805 1663 2872 tribue

429 2912 560 2976 clericis
583 2911 662 2975 huic
684 2910 732 2974 rei
756 2907 929 2993 delegatis,
954 2911 987 2974 in
1012 2911 1161 2975 sacrario
1191 2917 1261 2976 tres
1294 2916 1449 2977 cantores
1480 2911 1664 2980 Passionis

429 3019 636 3104 parabuntur
659 3018 792 3088 amictu,
816 3015 902 3089 alba,
928 3016 1075 3101 cingulo
1101 3018 1268 3104 manipulo
1303 3025 1338 3083 et
1369 3017 1457 3083 stola
1487 3016 1664 3088 diaconali

429 3127 551 3192 coloris
576 3124 714 3189 violacei
739 3121 797 3210 (a).
824 3122 985 3188 Centoras
1009 3123 1170 3208 praedicti
1193 3144 1265 3190 esse
1289 3123 1411 3190 debent
1435 3123 1557 3190 saltem
1584 3125 1664 3192 Dia·

429 3233 539 3298 ceriali
563 3231 678 3297 ordine
702 3232 886 3307 constituti,
912 3251 1018 3314 neque
1042 3231 1120 3296 huic
1144 3233 1267 3297 actioni
1290 3231 1447 3318 supplere
1474 3231 1557 3298 licet
1582 3233 1662 3302 cle-

430 3342 516 3412 ricis,
541 3359 642 3423 quum
665 3346 801 3404 cantare
827 3339 1047 3423 Evangelium
1072 3339 1208 3404 Diaconi
1232 3341 1284 3405 sit.
1310 3340 1440 3406 Debent
1470 3352 1545 3408 esse
1582 3362 1661 3408 om-

431 3450 508 3511 uino
531 3448 589 3511 alii
613 3467 652 3512 ac
676 3447 857 3513 Celebrans
882 3452 915 3510 et
939 3446 1084 3511 Ministri
1108 3447 1245 3522 Altaria
1270 3447 1351 3513 licet
1374 3452 1516 3532 uterque
1552 3447 1663 3516 Mini-

430 3560 500 3618 ster
523 3559 611 3618 esset
626 3554 791 3619 Diaconus
807 3559 842 3618 et
858 3553 1042 3640 Presbyter
1058 3555 1166 3632 etiam,
1184 3553 1447 3639 quandoquidem
1465 3554 1663 3624 Celebrans

430 3661 545 3745 nequit
567 3659 681 3725 eodem
704 3667 852 3747 tempore
875 3680 1049 3747 personam
1074 3681 1174 3746 agere
1200 3663 1336 3728 Diaconi
1359 3669 1393 3728 et
1430 3661 1661 3744 celebrantia

433 3770 597 3834 Diaconus
621 3766 812 3832 celebranti
835 3769 1023 3835 ministrare
1047 3768 1154 3847 debet
1180 3769 1407 3837 Subdiaconus
1439 3775 1553 3838 autem
1592 3791 1662 3839 non

430 3882 538 3964 potest
563 3874 678 3940 eodem
700 3881 848 3960 tempore
873 3874 1009 3941 Diaconi
1033 3883 1067 3941 et
1091 3876 1289 3944 Subdiaconi
1314 3876 1421 3944 officio
1445 3877 1552 3963 iungi.

519 3984 572 4050 91.
597 3983 664 4050 Sub
688 3980 785 4048 finem
810 3982 961 4060 Tractus,
986 3984 1168 4050 Gelebrans
1192 3992 1226 4051 et
1250 3985 1404 4062 Ministri,
1422 3986 1500 4050 siin
1518 4005 1661 4056 scamno

431 4091 652 4169 consederint,
676 4093 747 4157 sine
770 4090 843 4155 ulla
866 4089 907 4154 ad
931 4091 1071 4157 chorum
1095 4095 1295 4169 reverentia,
1313 4092 1353 4158 ad
1370 4092 1489 4158 Altera
1508 4113 1528 4158 a
1544 4093 1663 4162 latere

432 4204 596 4268 redibunt.
632 4198 918 4267 caeremoniarius
949 4200 1089 4284 accipiet
1124 4199 1331 4266 Celebrantis
1356 4206 1390 4266 et
1419 4199 1660 4268 Ministrorum

505 4381 546 4449 (o)
566 4380 642 4436 Tres
661 4376 784 4434 Diaconi
803 4382 939 4431 cantores
960 4375 1108 4432 Passionis
1127 4373 1205 4430 indui
1225 4377 1332 4434 debent
1352 4377 1469 4443 amictu,
1491 4377 1568 4438 alba
1589 4380 1658 4436 cin-

432 4469 509 4536 gulo,
529 4469 676 4541 manipulo
697 4477 726 4524 et
744 4465 819 4522 stola
837 4464 982 4520 diaconali
1001 4464 1107 4521 coloris
1128 4462 1259 4522 violacei.
1280 4467 1393 4523 Abusio
1415 4475 1494 4524 esset
1523 4467 1547 4523 si
1577 4469 1658 4526 stola

435 4556 521 4612 otiam
541 4558 645 4615 latiore
664 4564 825 4620 uterentur,
845 4553 986 4627 siquidem
1006 4555 1056 4611 illa
1074 4553 1193 4626 propria
1212 4567 1257 4613 ost
1276 4557 1400 4613 Diaconi
1419 4557 1456 4613 ad
1476 4557 1581 4614 Altare
1601 4559 1659 4615 mi·

435 4644 589 4712 nistrantis,
609 4647 691 4704 cuius
711 4646 838 4703 officium
858 4659 876 4700 e
894 4653 1047 4702 cantorum
1068 4642 1217 4700 Passionis
1238 4646 1334 4704 [illicio
1355 4647 1462 4705 differt.
