4175 5717
1036 767 1102 814 nra.
1126 767 1171 813 ιν.

940 965 1265 1030 lNSTRUOTlO

486 1202 549 1250 PRO
567 1201 718 1249 stuperet
735 1200 932 1261 SAQERDOTE
955 1200 1212 1248 SAORAMENTUM
1236 1199 1529 1247 constituerimus
1547 1198 1593 1246 Ex
1611 1197 1707 1246 sums

686 1309 916 1357 srosronlcsu
942 1308 1184 1355 lllllillGA‘l'lthE
1209 1308 1504 1354 AfllllNlSTltANTll.

575 1506 658 1584 Etsi,
677 1508 772 1572 iuxta
793 1504 986 1572 sacrosanti
1003 1503 1189 1570 Tridentini
1208 1505 1346 1570 Concilii
1365 1503 1594 1570 Definitionem
1619 1503 1712 1569 solus

485 1614 668 1701 Episcopus
692 1614 736 1679 sit
759 1611 958 1680 Ordinarius
990 1613 1090 1677 huius
1122 1612 1331 1678 Sacramenti
1362 1614 1515 1678 Minister
1540 1613 1598 1698 (ap
1623 1612 1710 1677 solet

484 1728 605 1798 tamen,
630 1720 827 1806 quandoque
859 1721 955 1785 iustis
982 1718 1022 1785 de
1051 1722 1178 1784 caussis
1210 1718 1310 1785 Sedes
1345 1720 1537 1805 Apostolica
1569 1719 1710 1806 simplici

484 1829 666 1905 Sacerdoti,
684 1836 852 1912 tamquam
869 1826 1141 1893 extraordinario
1159 1828 1322 1894 Ministro.
1341 1828 1539 1893 facultatem
1561 1828 1712 1894 tribuere

485 1937 569 2004 illud
595 1936 792 2003 conferendi
816 1935 874 2021 (b).

573 2043 736 2111 Sacerdos
760 2045 875 2130 igitur,
899 2046 953 2109 oui
978 2044 1123 2110 facultas
1147 2045 1231 2109 haec
1255 2044 1360 2109 fuerit
1387 2065 1556 2120 concessa,
1582 2047 1615 2109 in
1639 2047 1710 2130 pri-

484 2156 544 2219 mis
567 2160 665 2219 curet
687 2151 774 2239 apud
798 2172 834 2217 se
857 2151 982 2217 habere
1007 2152 1169 2226 Glrrisma‚
1195 2172 1254 2237 per
1278 2151 1489 2219 catholicum
1515 2153 1709 2217 Antistitem

483 2281 559 2327 cum
576 2259 690 2326 eadem
708 2259 740 2326 S.
758 2259 843 2325 Sede
858 2261 1124 2324 communionem
1142 2260 1319 2324 lralrentem
1337 2261 1538 2335 confectum,
1554 2280 1594 2325 ao
1613 2262 1708 2336 sciat,

483 2368 544 2433 sibi
569 2387 747 2452 numquam
770 2367 875 2432 licere
900 2367 943 2450 (o)
973 2368 1045 2431 sine
1077 2388 1116 2432 eo
1146 2365 1440 2432 Confirmationem
1463 2366 1710 2443 administrare,

483 2476 536 2541 rel
562 2475 648 2541 illud
671 2475 712 2540 ab
737 2474 908 2561 Episcopis
933 2474 1132 2548 Haeredes,
1156 2487 1216 2538 aut.
1240 2475 1468 2540 Schismaticis
1492 2477 1653 2561 recipere.

572 2581 827 2648 Animadvertat
851 2582 996 2666 insuper,
1015 2601 1093 2645 num
1119 2582 1151 2645 in
1176 2581 1341 2647 facultate
1365 2583 1425 2647 sibi
1450 2582 1491 2646 ab
1516 2582 1711 2667 Apostolica

483 2689 567 2756 Sede
591 2691 760 2777 impertita
783 2688 850 2754 alia
874 2667 972 2754 eliam
998 2688 1144 2753 facultas
1169 2709 1329 2775 expressa
1347 2689 1492 2775 legatur,
1512 2689 1624 2756 utendi
1650 2691 1713 2754 sci-

482 2799 564 2864 licet
588 2797 775 2865 chrismate
809 2802 888 2861 ante
911 2815 1042 2860 annum
1075 2796 1260 2872 benedictm
1294 2798 1378 2861 alias
1411 2820 1450 2862 eo
1482 2785 1548 2862 non
1582 2806 1708 2872 utatur,

483 2907 545 2972 nisi
570 2906 657 2971 forte
681 2907 715 2970 in
740 2905 872 2970 casibus
896 2906 1107 2969 necessitatis
1132 2906 1191 2989 (d),
1217 2926 1292 2969 cum
1323 2927 1343 2970 a
1374 2907 1485 2971 Sacris
1520 2907 1709 2972 canonibus

482 3012 514 3078 id
537 3012 741 3099 prohibitum
766 3014 810 3077 sit
834 3010 888 3096 (c).

572 3121 666 3185 Licet
689 3122 777 3184 omni
801 3125 951 3204 tempore
975 3120 1203 3217 administrari
1227 3122 1341 3187 valeat
1372 3107 1597 3197 Confirmatio,
1623 3141 1707 3186 con-

481 3249 602 3313 gruum
627 3235 738 3293 tamen
762 3233 823 3302 est,
849 3234 887 3291 ut
910 3228 1088 3313 praecipue
1120 3231 1152 3292 in
1185 3229 1391 3295 hebdomada
1422 3231 1648 3304 Pentecostes‚
1674 3237 1708 3294 et

484 3338 574 3402 circa
599 3338 714 3401 horam
739 3337 882 3406 tertiam.
908 3336 941 3398 in
966 3356 1031 3419 qua
1055 3336 1200 3421 Spiritus
1226 3338 1368 3404 Sanctus
1393 3337 1533 3421 illapsus
1553 3345 1603 3402 est
1624 3339 1709 3423 Apo-

484 3444 590 3520 stolis‚
615 3444 812 3509 conferatur
836 3443 896 3527 (s).

571 3550 708 3627 Quoad
732 3558 875 3617 aetatem
901 3551 1212 3619 confirmandorum
1237 3555 1368 3629 attinet,
1394 3573 1474 3639 prae
1505 3554 1612 3619 oculis
1644 3556 1708 3619 ha-

482 3658 624 3725 bendum
652 3666 703 3724 est
727 3659 927 3726 catechismi
958 3661 1097 3725 Romani
1132 3663 1181 3745 (p)
1214 3665 1373 3727 monitum
1407 3664 1438 3725 in
1471 3662 1553 3726 haec
1584 3663 1705 3727 rerba:

483 3768 579 3834 Illud
596 3765 857 3834 obsecundans
872 3775 932 3843 est,
945 3768 1109 3834 ernaldus
1126 3771 1270 3852 quidem
1282 3776 1363 3851 post
1381 3770 1603 3849 Baptismum
1623 3771 1708 3836 Coa-

554 3910 596 3980 (α)
616 3911 697 3967 Sess.
716 3913 741 3965 7.
761 3909 798 3965 de
818 3905 958 3968 Confirm.
979 3912 1051 3969 Can.
1071 3918 1095 3968 3.

555 4000 595 4070 (b)
617 3999 731 4070 Eugen.
751 3999 803 4056 lV.
823 3998 851 4055 in
871 4001 991 4058 Deerat.
1013 4020 1067 4075 pro
1087 4004 1234 4059 Armonis.

553 4090 591 4158 (e)
612 4091 642 4146 S.
666 4088 795 4145 Thomas
814 4094 838 4145 3.
859 4107 921 4162 par.
940 4110 968 4165 q.
987 4094 1030 4148 72.
1050 4103 1105 4148 art.
1125 4097 1150 4148 :t
1172 4093 1198 4147 in
1220 4110 1299 4164 corp.
1657 4131 1660 4138 .

553 4180 595 4247 (d)
616 4179 726 4234 Bened.
746 4181 825 4235 XIV.
847 4182 968 4236 Crmstit.
989 4184 1074 4238 Anno
1095 4190 1224 4237 crotonae
1246 4183 1318 4237 Bull.
1339 4184 1422 4239 forn.
1443 4189 1467 4237 it.
1488 4201 1554 4254 pag.
1574 4191 1633 4239 ’.Ἣ

553 4272 590 4339 (c)
611 4272 682 4327 Cart.
696 4270 819 4325 Litteris
840 4272 875 4324 do
897 4274 1038 4330 Cirrrsrcr.
1051 4274 1115 4327 dist.
1129 4279 1195 4327 :lot
1210 4278 1272 4330 Can
1292 4273 1324 4328 Si
1343 4274 1409 4346 quis
1430 4276 1464 4328 ‹a›
1485 4276 1545 4330 alio
1567 4276 1602 4328 d·
1624 4277 1704 4332 Con·

481 4375 558 4415 secr.
578 4358 642 4414 dist.
664 4364 687 4413 l.

551 4450 598 4525 (f)
619 4449 739 4506 Catach.
761 4452 842 4507 Rom.
863 4453 898 4507 do
919 4455 1053 4508 Sacram.
1074 4453 1246 4510 Confirmat.

552 4540 680 4595 Sanctus
700 4540 826 4597 Carolus
846 4541 873 4595 iu
894 4544 929 4595 V.
949 4542 1069 4611 Synndo
1092 4544 1289 4598 Mediolanum.
1310 4561 1373 4615 cap
1395 4545 1431 4598 do
1454 4546 1594 4602 Conlirm.

502 4689 505 4694 ,
554 4630 595 4702 (9)
616 4630 685 4685 Loc.
707 4631 753 4684 cit.
