4175 5717
516 670 577 734 148
983 691 1050 740 nia.
1076 691 1097 737 ι.

522 796 572 860 17.
592 796 630 860 In
646 795 774 861 Altaris
790 794 1036 862 thurificatione
1053 795 1184 862 incedet
1198 816 1273 861 oum
1290 795 1499 876 Celebrante,
1512 802 1546 866 et
1560 817 1652 886 genu

432 902 473 967 ad
498 902 638 968 Crucem
661 900 783 980 flectet,
808 924 908 987 quum
932 904 992 970 ille
1015 904 1239 969 reverentiam
1259 914 1473 987 exsequetur.

519 1013 568 1076 18.
594 999 661 1077 Sub
685 1009 781 1076 finem
806 1012 1073 1089 thurificationis,
1098 1012 1255 1078 videlicet
1279 1032 1379 1096 quum
1404 1013 1586 1082 Celebrans
1601 1016 1654 1084 ul·

429 1120 543 1184 timum
568 1119 731 1184 thuribuli
755 1119 891 1184 ductum
915 1126 1122 1205 exsequetur
1145 1122 1179 1184 in
1211 1120 1371 1184 anteriori
1399 1120 1527 1188 Altaris
1556 1128 1653 1208 parte

428 1226 469 1291 ad
495 1226 665 1312 Epistulae
688 1225 788 1304 latus,
814 1227 982 1312 relinquet
1003 1228 1182 1314 planetam,
1201 1226 1241 1292 ad
1259 1226 1348 1292 latus
1364 1225 1540 1296 dexterum
1560 1231 1653 1296 eius-

429 1333 502 1399 dem
528 1334 737 1400 Celebrantis
760 1335 926 1412 transibit,
952 1356 1024 1401 sese
1048 1334 1147 1400 addet
1171 1335 1325 1408 Diacono,
1351 1354 1491 1419 cumque
1514 1337 1584 1423 ipso
1618 1339 1652 1404 in

429 1431 564 1527 planum
588 1441 732 1506 laterale
757 1442 929 1529 Epistolae
953 1442 1141 1520 descendet,
1166 1464 1201 1507 se
1225 1447 1336 1506 vertet
1359 1440 1399 1505 ad
1417 1440 1653 1512 Celebrantem

430 1568 567 1613 manens
590 1548 631 1613 ad
656 1550 828 1614 sinistram
852 1550 999 1627 Diaconi,
1022 1571 1098 1615 cum
1122 1571 1186 1634 quo
1210 1552 1433 1616 reverentiam
1462 1551 1654 1620 celebranti

431 1657 532 1721 saciet
555 1661 632 1721 ante
656 1662 691 1721 et
713 1663 787 1741 post
809 1655 1100 1722 thurificationem.

522 1764 571 1829 lo.
597 1763 764 1829 Ascendet
781 1764 822 1829 ad
839 1765 968 1842 Altare,
986 1786 1044 1830 seu
1063 1766 1173 1850 potius
1189 1766 1466 1852 appropinquabit
1481 1766 1521 1834 ad
1536 1768 1653 1856 ipsum,

426 1857 569 1937 ¹manens
593 1873 627 1936 in
651 1872 751 1957 plano
775 1872 829 1938 vel
854 1892 954 1958 super
978 1872 1084 1958 gradu
1109 1871 1219 1937 infimo
1243 1878 1277 1937 et
1300 1894 1335 1938 se
1352 1871 1564 1942 dextrorsum
1581 1875 1654 1942 Dia·

431 1981 505 2044 coni
540 1981 636 2044 sistet
660 1980 706 2044 ita
741 1986 779 2044 ut
813 1979 1007 2057 celebrans,
1036 1980 1200 2045 Diaconos
1231 1987 1264 2046 et
1296 1981 1523 2048 subdiaconus
1559 1987 1654 2068 quasi

432 2087 604 2170 quemdam
627 2085 873 2152 semicirculum
898 2093 1106 2174 componant.

518 2195 571 2259 20.
591 2196 701 2281 Kyrie
712 2194 905 2260 alternatim
918 2215 993 2259 cum
1008 2195 1208 2261 Celebrante
1225 2197 1390 2275 recitabit,
1403 2197 1532 2264 scilicet¹
1543 2199 1655 2288 Kyrie

405 2294 409 2303 ’
434 2303 566 2369 eleison
588 2340 607 2351 -
634 2303 771 2369 Christe
795 2304 924 2369 eleison
947 2339 966 2351 -
993 2303 1129 2370 Gla-iste
1153 2304 1281 2370 eleison
1303 2340 1323 2352 -
1345 2305 1455 2391 Kyme
1477 2307 1616 2374 cleison.

519 2410 572 2474 21.
600 2410 634 2476 Si
658 2409 698 2474 ad
717 2415 854 2475 cantum
872 2411 982 2496 Karia
998 2411 1063 2475 erit
1079 2409 1268 2487 sedendum,
1281 2411 1472 2478 discedente
1487 2411 1527 2478 de
1543 2413 1656 2479 Alteri

433 2517 645 2595 Celebrante,
670 2539 706 2584 se
729 2523 905 2583 convertet
928 2517 1156 2584 Subdiaconus
1180 2539 1281 2605 super
1296 2520 1464 2585 sinistram
1479 2541 1582 2598 suam,
1600 2520 1656 2597 de-

434 2625 595 2690 scandens
620 2646 656 2691 se
680 2627 776 2691 sistet
800 2625 840 2690 ad
870 2624 1042 2691 dexteram
1076 2625 1294 2704 celebrantis,
1325 2648 1488 2712 manuque
1519 2629 1656 2694 sinistra
1739 2637 1745 2658 '

432 2756 506 2800 eum
530 2735 709 2800 sustinebit
732 2735 822 2800 infra
846 2735 994 2800 cubitum
1010 2733 1262 2819 dexteramque
1279 2741 1427 2822 tempore
1441 2736 1481 2802 de
1497 2736 1655 2822 gradibus

432 2842 619 2919 descendet,
634 2849 751 2909 tenens
770 2844 900 2908 interea
915 2842 1090 2907 dexteram
1105 2862 1239 2907 manum
1251 2848 1423 2908 extensam
1435 2850 1513 2910 ante
1525 2850 1653 2930 pectus.

520 2951 573 3016 22.
598 2950 650 3015 Ad
674 2971 845 3016 scamnum
869 2950 924 3015 ubi
949 2952 1091 3028 venerit,
1116 2952 1257 3015 animum
1281 2949 1436 3017 advertat
1459 2951 1502 3016 ad
1536 2951 1653 3018 suble-

434 3059 573 3123 vandam
597 3078 696 3123 manu
720 3057 861 3122 dextera
884 3059 1103 3142 posteriorem
1126 3058 1281 3142 planetae
1303 3058 1511 3126 Celebrantis
1527 3064 1654 3145 partem

435 3189 476 3232 ne
501 3189 600 3251 super
624 3186 664 3231 ea
689 3166 811 3242 sedeat,
836 3167 975 3250 accipiet
991 3165 1116 3248 ,deinde
1139 3167 1282 3230 birotum
1306 3186 1412 3242 suum,
1437 3167 1523 3250 quod
1558 3173 1656 3232 utra-

436 3297 499 3359 que
523 3296 622 3339 nranu
646 3274 822 3339 sustinebit
845 3280 924 3339 ante
947 3277 1073 3359 pectus,
1098 3274 1348 3339 inclinationem
1372 3276 1470 3340 faciet
1499 3275 1653 3350 Diacono,

435 3385 509 3448 loco
534 3404 594 3447 suo
611 3381 738 3447 sedebit
753 3382 794 3447 ad
811 3382 940 3447 laevam
958 3380 1169 3448 Celebrantis
1186 3388 1220 3447 et
1236 3389 1336 3468 caput
1353 3383 1459 3448 bireto
1483 3389 1582 3467 teget.
1600 3381 1654 3470 (a)

435 3492 543 3566 Quum
567 3490 701 3565 sederit,
726 3490 838 3555 ambas
862 3509 978 3554 manus
1003 3496 1160 3555 extensas
1184 3509 1285 3576 prope
1309 3511 1419 3575 genua
1442 3496 1550 3580 ponet.

522 3600 574 3662 23.
601 3598 667 3662 Sub
692 3596 788 3663 finem
813 3605 931 3663 cantus
954 3598 1066 3684 Kyrie
1082 3597 1123 3662 ad
1141 3598 1399 3663 Caeremoniarii
1415 3604 1531 3663 nutum
1544 3596 1654 3678 nuder

435 3708 483 3772 bit
506 3712 614 3792 caput,
639 3712 803 3790 assurget,
828 3706 971 3771 biretum
995 3726 1091 3769 suum
1115 3704 1258 3792 deponet
1281 3707 1313 3769 in
1337 3726 1471 3771 scamno
1495 3711 1529 3770 et
1545 3705 1656 3770 aremi-

433 3816 522 3903 nerit
545 3813 667 3878 tollere
691 3813 731 3877 de
754 3811 912 3889 dorsuali,
937 3833 996 3877 seu
1018 3814 1202 3898 postergali
1231 3812 1356 3877 scamni
1386 3812 1497 3877 fulcro
1524 3817 1653 3897 partem

434 3924 652 4010 posteriorem
676 3921 830 4005 planetae
854 3920 1075 3985 celebrantis.
1404 3926 1406 3932 '

521 4030 574 4095 24.
599 4027 754 4093 Discedet
776 4048 850 4093 cum
875 4028 1074 4093 Celebrante
1098 4028 1138 4093 de
1170 4048 1313 4103 scamno,
1339 4027 1489 4093 manibus
1524 4047 1655 4114 semper

435 4140 556 4204 iunctis
579 4157 614 4202 se
638 4143 755 4201 tenens
779 4136 819 4201 ad
844 4137 1011 4201 sinistram
1035 4137 1137 4212 illius,
1163 4144 1197 4202 et
1220 4138 1411 4222 priusquam
1436 4134 1589 4200 deveniat
1611 4135 1654 4201 ad

436 4248 576 4313 medium
601 4246 729 4320 Altare,
755 4245 964 4309 reverebitur
988 4246 1127 4310 chorum
1152 4246 1186 4308 in
1209 4249 1304 4329 parte
1328 4265 1445 4310 versus
1469 4244 1653 4331 latusEpi-

506 4411 548 4477 (a)
568 4405 696 4462 Ministri
723 4412 880 4479 antequam
907 4405 1087 4469 consideant,
1114 4401 1311 4459 reverentiam
1337 4402 1505 4461 Celebranti
1532 4404 1653 4460 efficere

435 4514 492 4551 non
512 4497 626 4563 debent,
641 4496 885 4569 quemadmodum
901 4496 1017 4570 quidam
1031 4493 1236 4567 irregulariter
1248 4492 1352 4558 solent,
1366 4493 1419 4549 sed
1433 4492 1651 4552 inclinationem

438 4587 474 4644 ad
494 4585 620 4643 invicem
640 4586 748 4644 debent
767 4586 897 4661 exsequi.
