<?xml version="1.0" encoding="UTF-8"?>
<!DOCTYPE html PUBLIC "-//W3C//DTD XHTML 1.0 Transitional//EN"
    "http://www.w3.org/TR/xhtml1/DTD/xhtml1-transitional.dtd">
<html xmlns="http://www.w3.org/1999/xhtml" xml:lang="en" lang="en">
 <head>
  <title>
</title>
<meta http-equiv="Content-Type" content="text/html;charset=utf-8" />
  <meta name='ocr-system' content='tesseract 3.04.00' />
  <meta name='ocr-capabilities' content='ocr_page ocr_carea ocr_par ocr_line ocrx_word'/>
</head>
<body>
  <div class='ocr_page' id='page_1' title='image "./manualesacrarum00martgoog_0494.png"; bbox 0 0 4175 5717; ppageno 0'>
   <div class='ocr_carea' id='block_1_1' title="bbox 524 783 1103 848">
    <p class='ocr_par' dir='ltr' id='par_1_1' title="bbox 524 783 1103 848">
     <span class='ocr_line' id='line_1_1' title="bbox 524 783 1103 848; baseline -0.003 0"><span class='ocrx_word' id='word_1_1' title='bbox 524 783 586 848; x_wconf 92' lang='grc'><strong>104</strong></span> <span class='ocrx_word' id='word_1_2' title='bbox 976 799 1043 847; x_wconf 80' lang='lat' dir='ltr'><strong>nra.</strong></span> <span class='ocrx_word' id='word_1_3' title='bbox 1068 797 1103 848; x_wconf 90' lang='lat' dir='ltr'><strong>rr.</strong></span> 
     </span>
    </p>
   </div>
   <div class='ocr_carea' id='block_1_2' title="bbox 430 901 1676 3999">
    <p class='ocr_par' dir='ltr' id='par_1_2' title="bbox 431 901 1660 1101">
     <span class='ocr_line' id='line_1_2' title="bbox 520 901 1660 975; baseline -0.004 -1"><span class='ocrx_word' id='word_1_4' title='bbox 520 911 573 974; x_wconf 92' lang='grc'><strong>44.</strong></span> <span class='ocrx_word' id='word_1_5' title='bbox 599 908 760 975; x_wconf 83' lang='lat' dir='ltr'><strong>Candelas</strong></span> <span class='ocrx_word' id='word_1_6' title='bbox 784 906 900 973; x_wconf 89' lang='lat' dir='ltr'><strong>clerici</strong></span> <span class='ocrx_word' id='word_1_7' title='bbox 923 909 957 972; x_wconf 91' lang='lat' dir='ltr'><strong>in</strong></span> <span class='ocrx_word' id='word_1_8' title='bbox 982 909 1084 972; x_wconf 91' lang='lat' dir='ltr'><strong>choro</strong></span> <span class='ocrx_word' id='word_1_9' title='bbox 1101 907 1242 973; x_wconf 82' lang='lat' dir='ltr'><strong>dextera</strong></span> <span class='ocrx_word' id='word_1_10' title='bbox 1257 905 1470 972; x_wconf 89' lang='lat' dir='ltr'><strong>sustinebunt</strong></span> <span class='ocrx_word' id='word_1_11' title='bbox 1486 901 1563 972; x_wconf 92' lang='lat' dir='ltr'><strong>dum</strong></span> <span class='ocrx_word' id='word_1_12' title='bbox 1580 921 1660 972; x_wconf 90' lang='lat' dir='ltr'><strong>can-</strong></span> 
     </span>
     <span class='ocr_line' id='line_1_3' title="bbox 431 1012 1636 1101; baseline -0.003 -20"><span class='ocrx_word' id='word_1_13' title='bbox 431 1016 557 1082; x_wconf 88' lang='lat' dir='ltr'><strong>tabitur</strong></span> <span class='ocrx_word' id='word_1_14' title='bbox 582 1016 812 1101; x_wconf 84' lang='lat' dir='ltr'><strong>Evangelium,</strong></span> <span class='ocrx_word' id='word_1_15' title='bbox 837 1035 902 1100; x_wconf 93' lang='lat' dir='ltr'><strong>quo</strong></span> <span class='ocrx_word' id='word_1_16' title='bbox 925 1015 1089 1090; x_wconf 86' lang='lat' dir='ltr'><strong>absoluto,</strong></span> <span class='ocrx_word' id='word_1_17' title='bbox 1115 1034 1171 1079; x_wconf 90' lang='lat' dir='ltr'><strong>eas</strong></span> <span class='ocrx_word' id='word_1_18' title='bbox 1194 1016 1371 1100; x_wconf 81' lang='lat' dir='ltr'>extinguet</span> <span class='ocrx_word' id='word_1_19' title='bbox 1392 1032 1432 1078; x_wconf 90' lang='lat' dir='ltr'><strong>ac</strong></span> <span class='ocrx_word' id='word_1_20' title='bbox 1455 1012 1636 1099; x_wconf 78' lang='lat' dir='ltr'><strong>deponent</strong></span> 
     </span>
    </p>

    <p class='ocr_par' dir='ltr' id='par_1_3' title="bbox 431 1119 1661 1316">
     <span class='ocr_line' id='line_1_4' title="bbox 519 1119 1661 1207; baseline -0.004 -19"><span class='ocrx_word' id='word_1_21' title='bbox 519 1124 572 1188; x_wconf 89' lang='grc'><strong>45.</strong></span> <span class='ocrx_word' id='word_1_22' title='bbox 598 1124 679 1188; x_wconf 86' lang='lat' dir='ltr'><strong>Post</strong></span> <span class='ocrx_word' id='word_1_23' title='bbox 702 1129 872 1188; x_wconf 87' lang='lat' dir='ltr'><strong>cantatum</strong></span> <span class='ocrx_word' id='word_1_24' title='bbox 908 1121 1141 1206; x_wconf 84' lang='lat' dir='ltr'><strong>Evangelium,</strong></span> <span class='ocrx_word' id='word_1_25' title='bbox 1173 1121 1412 1186; x_wconf 80' lang='lat' dir='ltr'><strong>thuriferarius</strong></span> <span class='ocrx_word' id='word_1_26' title='bbox 1443 1119 1661 1207; x_wconf 79' lang='lat' dir='ltr'><strong>praeparabit</strong></span> 
     </span>
     <span class='ocr_line' id='line_1_5' title="bbox 431 1224 1661 1316; baseline -0.002 -21"><span class='ocrx_word' id='word_1_27' title='bbox 431 1230 641 1295; x_wconf 92' lang='lat' dir='ltr'><strong>thuribulum</strong></span> <span class='ocrx_word' id='word_1_28' title='bbox 658 1251 734 1296; x_wconf 92' lang='lat' dir='ltr'><strong>cum</strong></span> <span class='ocrx_word' id='word_1_29' title='bbox 750 1232 836 1316; x_wconf 82' lang='lat' dir='ltr'><strong>igne,</strong></span> <span class='ocrx_word' id='word_1_30' title='bbox 854 1228 993 1294; x_wconf 91' lang='lat' dir='ltr'><strong>utillud</strong></span> <span class='ocrx_word' id='word_1_31' title='bbox 1010 1231 1043 1293; x_wconf 97' lang='lat' dir='ltr'><strong>in</strong></span> <span class='ocrx_word' id='word_1_32' title='bbox 1062 1235 1216 1315; x_wconf 90' lang='lat' dir='ltr'><strong>promptu</strong></span> <span class='ocrx_word' id='word_1_33' title='bbox 1233 1228 1354 1294; x_wconf 91' lang='lat' dir='ltr'><strong>habeat</strong></span> <span class='ocrx_word' id='word_1_34' title='bbox 1369 1227 1411 1294; x_wconf 88' lang='lat' dir='ltr'><strong>ad</strong></span> <span class='ocrx_word' id='word_1_35' title='bbox 1428 1224 1661 1295; x_wconf 83' lang='lat' dir='ltr'><strong>Offertorium.</strong></span> 
     </span>
    </p>

    <p class='ocr_par' dir='ltr' id='par_1_4' title="bbox 430 1334 1665 1941">
     <span class='ocr_line' id='line_1_6' title="bbox 518 1334 1664 1422; baseline -0.001 -21"><span class='ocrx_word' id='word_1_36' title='bbox 518 1339 570 1402; x_wconf 84' lang='grc'><strong>46.</strong></span> <span class='ocrx_word' id='word_1_37' title='bbox 596 1339 762 1403; x_wconf 90' lang='lat' dir='ltr'><strong>Diaconus</strong></span> <span class='ocrx_word' id='word_1_38' title='bbox 786 1345 820 1403; x_wconf 92' lang='lat' dir='ltr'><strong>et</strong></span> <span class='ocrx_word' id='word_1_39' title='bbox 844 1336 1084 1414; x_wconf 78' lang='lat' dir='ltr'><strong>subdiaconus,</strong></span> <span class='ocrx_word' id='word_1_40' title='bbox 1109 1336 1294 1422; x_wconf 83' lang='lat' dir='ltr'><strong>Evangelio</strong></span> <span class='ocrx_word' id='word_1_41' title='bbox 1319 1340 1464 1412; x_wconf 90' lang='lat' dir='ltr'><strong>cantato,</strong></span> <span class='ocrx_word' id='word_1_42' title='bbox 1499 1334 1664 1422; x_wconf 77' lang='lat' dir='ltr'><strong>redibunt</strong></span> 
     </span>
     <span class='ocr_line' id='line_1_7' title="bbox 430 1441 1664 1530; baseline -0.002 -18"><span class='ocrx_word' id='word_1_43' title='bbox 430 1445 529 1512; x_wconf 88' lang='lat' dir='ltr'><strong>simul</strong></span> <span class='ocrx_word' id='word_1_44' title='bbox 552 1444 594 1510; x_wconf 89' lang='lat' dir='ltr'><strong>ad</strong></span> <span class='ocrx_word' id='word_1_45' title='bbox 617 1444 747 1522; x_wconf 83' lang='lat' dir='ltr'><strong>Altare,</strong></span> <span class='ocrx_word' id='word_1_46' title='bbox 773 1445 987 1528; x_wconf 86' lang='lat' dir='ltr'><strong>sequentibus</strong></span> <span class='ocrx_word' id='word_1_47' title='bbox 1012 1443 1201 1530; x_wconf 84' lang='lat' dir='ltr'><strong>Acolythis,</strong></span> <span class='ocrx_word' id='word_1_48' title='bbox 1226 1446 1281 1528; x_wconf 95' lang='lat' dir='ltr'><strong>qui</strong></span> <span class='ocrx_word' id='word_1_49' title='bbox 1297 1441 1525 1529; x_wconf 82' lang='lat' dir='ltr'><strong>genuflectent</strong></span> <span class='ocrx_word' id='word_1_50' title='bbox 1539 1445 1578 1514; x_wconf 84' lang='lat' dir='ltr'><strong>iu</strong></span> <span class='ocrx_word' id='word_1_51' title='bbox 1592 1461 1664 1510; x_wconf 84' lang='lat' dir='ltr'><strong>me·</strong></span> 
     </span>
     <span class='ocr_line' id='line_1_8' title="bbox 430 1547 1664 1640; baseline -0.005 -21"><span class='ocrx_word' id='word_1_52' title='bbox 430 1553 483 1619; x_wconf 92' lang='lat' dir='ltr'><strong>dio</strong></span> <span class='ocrx_word' id='word_1_53' title='bbox 507 1560 542 1619; x_wconf 90' lang='lat' dir='ltr'><strong>et</strong></span> <span class='ocrx_word' id='word_1_54' title='bbox 564 1560 707 1640; x_wconf 83' lang='lat' dir='ltr'><strong>pergent</strong></span> <span class='ocrx_word' id='word_1_55' title='bbox 730 1551 770 1617; x_wconf 91' lang='lat' dir='ltr'><strong>ad</strong></span> <span class='ocrx_word' id='word_1_56' title='bbox 794 1552 934 1617; x_wconf 81' lang='lat' dir='ltr'><strong>abacum</strong></span> <span class='ocrx_word' id='word_1_57' title='bbox 959 1553 991 1615; x_wconf 94' lang='lat' dir='ltr'><strong>in</strong></span> <span class='ocrx_word' id='word_1_58' title='bbox 1016 1570 1082 1635; x_wconf 91' lang='lat' dir='ltr'><strong>quo</strong></span> <span class='ocrx_word' id='word_1_59' title='bbox 1106 1556 1231 1636; x_wconf 87' lang='lat' dir='ltr'><strong>ponent</strong></span> <span class='ocrx_word' id='word_1_60' title='bbox 1253 1548 1543 1634; x_wconf 82' lang='lat' dir='ltr'><strong>Evangeliarium.</strong></span> <span class='ocrx_word' id='word_1_61' title='bbox 1577 1547 1664 1614; x_wconf 88' lang='lat' dir='ltr'><strong>Dia-</strong></span> 
     </span>
     <span class='ocr_line' id='line_1_9' title="bbox 430 1657 1661 1746; baseline -0.001 -21"><span class='ocrx_word' id='word_1_62' title='bbox 430 1682 534 1726; x_wconf 89' lang='lat' dir='ltr'><strong>conus</strong></span> <span class='ocrx_word' id='word_1_63' title='bbox 559 1660 716 1726; x_wconf 81' lang='lat' dir='ltr'><strong>ascendet</strong></span> <span class='ocrx_word' id='word_1_64' title='bbox 740 1664 773 1725; x_wconf 95' lang='lat' dir='ltr'><strong>in</strong></span> <span class='ocrx_word' id='word_1_65' title='bbox 797 1658 937 1746; x_wconf 83' lang='lat' dir='ltr'><strong>gradum</strong></span> <span class='ocrx_word' id='word_1_66' title='bbox 955 1661 1161 1746; x_wconf 88' lang='lat' dir='ltr'><strong>superiorem</strong></span> <span class='ocrx_word' id='word_1_67' title='bbox 1178 1663 1253 1745; x_wconf 88' lang='lat' dir='ltr'><strong>post</strong></span> <span class='ocrx_word' id='word_1_68' title='bbox 1270 1657 1504 1724; x_wconf 75' lang='lat' dir='ltr'><strong>celebrantem</strong></span> <span class='ocrx_word' id='word_1_69' title='bbox 1520 1661 1556 1724; x_wconf 89' lang='lat' dir='ltr'><strong>et</strong></span> <span class='ocrx_word' id='word_1_70' title='bbox 1573 1657 1661 1724; x_wconf 92' lang='lat' dir='ltr'><strong>Sub·</strong></span> 
     </span>
     <span class='ocr_line' id='line_1_10' title="bbox 430 1764 1665 1852; baseline -0.003 -18"><span class='ocrx_word' id='word_1_71' title='bbox 430 1768 588 1834; x_wconf 89' lang='lat' dir='ltr'><strong>diaconus</strong></span> <span class='ocrx_word' id='word_1_72' title='bbox 612 1773 691 1834; x_wconf 89' lang='lat' dir='ltr'><strong>ante</strong></span> <span class='ocrx_word' id='word_1_73' title='bbox 715 1765 862 1831; x_wconf 88' lang='lat' dir='ltr'><strong>infimum</strong></span> <span class='ocrx_word' id='word_1_74' title='bbox 886 1765 1026 1852; x_wconf 87' lang='lat' dir='ltr'><strong>gradum</strong></span> <span class='ocrx_word' id='word_1_75' title='bbox 1051 1772 1126 1852; x_wconf 91' lang='lat' dir='ltr'><strong>post</strong></span> <span class='ocrx_word' id='word_1_76' title='bbox 1149 1766 1330 1832; x_wconf 82' lang='lat' dir='ltr'><strong>Diaconum</strong></span> <span class='ocrx_word' id='word_1_77' title='bbox 1354 1771 1389 1829; x_wconf 88' lang='grc'><strong>41</strong></span> <span class='ocrx_word' id='word_1_78' title='bbox 1415 1764 1514 1830; x_wconf 85' lang='lat' dir='ltr'><strong>simul</strong></span> <span class='ocrx_word' id='word_1_79' title='bbox 1547 1783 1665 1850; x_wconf 88' lang='lat' dir='ltr'><strong>geuu-</strong></span> 
     </span>
     <span class='ocr_line' id='line_1_11' title="bbox 433 1873 581 1941; baseline -0.014 0"><span class='ocrx_word' id='word_1_80' title='bbox 433 1873 581 1941; x_wconf 90' lang='lat' dir='ltr'><strong>flectent.</strong></span> 
     </span>
    </p>

    <p class='ocr_par' dir='ltr' id='par_1_5' title="bbox 432 1981 1666 2498">
     <span class='ocr_line' id='line_1_12' title="bbox 519 1981 1665 2068; baseline -0.003 -19"><span class='ocrx_word' id='word_1_81' title='bbox 519 1986 572 2050; x_wconf 88' lang='grc'><strong>47.</strong></span> <span class='ocrx_word' id='word_1_82' title='bbox 599 1984 702 2060; x_wconf 82' lang='grc' dir='ltr'><strong>Τ11114,</strong></span> <span class='ocrx_word' id='word_1_83' title='bbox 729 2003 795 2049; x_wconf 90' lang='lat' dir='ltr'><strong>non</strong></span> <span class='ocrx_word' id='word_1_84' title='bbox 819 1984 921 2068; x_wconf 89' lang='lat' dir='ltr'><strong>prius,</strong></span> <span class='ocrx_word' id='word_1_85' title='bbox 958 1983 1138 2049; x_wconf 84' lang='lat' dir='ltr'><strong>Celebrans</strong></span> <span class='ocrx_word' id='word_1_86' title='bbox 1170 1982 1379 2048; x_wconf 82' lang='lat' dir='ltr'><strong>osculabitur</strong></span> <span class='ocrx_word' id='word_1_87' title='bbox 1410 1981 1540 2056; x_wconf 88' lang='lat' dir='ltr'><strong>Altare,</strong></span> <span class='ocrx_word' id='word_1_88' title='bbox 1574 2000 1665 2048; x_wconf 89' lang='lat' dir='ltr'><strong>con-</strong></span> 
     </span>
     <span class='ocr_line' id='line_1_13' title="bbox 433 2089 1665 2176; baseline -0.001 -21"><span class='ocrx_word' id='word_1_89' title='bbox 433 2097 587 2155; x_wconf 85' lang='lat' dir='ltr'><strong>vertetur</strong></span> <span class='ocrx_word' id='word_1_90' title='bbox 610 2089 651 2154; x_wconf 90' lang='lat' dir='ltr'><strong>ad</strong></span> <span class='ocrx_word' id='word_1_91' title='bbox 674 2090 843 2176; x_wconf 92' lang='lat' dir='ltr'><strong>populum,</strong></span> <span class='ocrx_word' id='word_1_92' title='bbox 868 2090 1017 2155; x_wconf 81' lang='lat' dir='ltr'><strong>cantabit</strong></span> <span class='ocrx_word' id='word_1_93' title='bbox 1041 2090 1214 2156; x_wconf 80' lang='lat' dir='ltr'><strong>Dominus</strong></span> <span class='ocrx_word' id='word_1_94' title='bbox 1238 2089 1426 2166; x_wconf 82' lang='lat' dir='ltr'><strong>vobiscum,</strong></span> <span class='ocrx_word' id='word_1_95' title='bbox 1445 2109 1565 2162; x_wconf 84' lang='lat' dir='ltr'><strong>rursus</strong></span> <span class='ocrx_word' id='word_1_96' title='bbox 1582 2107 1665 2156; x_wconf 85' lang='lat' dir='ltr'><strong>cou-</strong></span> 
     </span>
     <span class='ocr_line' id='line_1_14' title="bbox 432 2194 1664 2282; baseline 0 -20"><span class='ocrx_word' id='word_1_97' title='bbox 432 2218 550 2262; x_wconf 90' lang='lat' dir='ltr'><strong>versus</strong></span> <span class='ocrx_word' id='word_1_98' title='bbox 573 2196 615 2262; x_wconf 89' lang='lat' dir='ltr'><strong>ad</strong></span> <span class='ocrx_word' id='word_1_99' title='bbox 638 2198 757 2262; x_wconf 83' lang='lat' dir='ltr'><strong>Altare</strong></span> <span class='ocrx_word' id='word_1_100' title='bbox 781 2202 879 2262; x_wconf 89' lang='lat' dir='ltr'><strong>canet</strong></span> <span class='ocrx_word' id='word_1_101' title='bbox 906 2195 1054 2264; x_wconf 75' lang='lat' dir='ltr'><strong>Oramus</strong></span> <span class='ocrx_word' id='word_1_102' title='bbox 1078 2217 1118 2262; x_wconf 93' lang='lat' dir='ltr'><strong>ac</strong></span> <span class='ocrx_word' id='word_1_103' title='bbox 1139 2194 1664 2282; x_wconf 59' lang='grc'><strong>1484101141141111111.[1134411114</strong></span> 
     </span>
     <span class='ocr_line' id='line_1_15' title="bbox 434 2301 1666 2390; baseline -0.001 -20"><span class='ocrx_word' id='word_1_104' title='bbox 434 2308 504 2370; x_wconf 90' lang='lat' dir='ltr'><strong>sine</strong></span> <span class='ocrx_word' id='word_1_105' title='bbox 528 2301 764 2390; x_wconf 80' lang='lat' dir='ltr'><strong>genuflexione</strong></span> <span class='ocrx_word' id='word_1_106' title='bbox 788 2303 990 2370; x_wconf 83' lang='lat' dir='ltr'><strong>conscendet</strong></span> <span class='ocrx_word' id='word_1_107' title='bbox 1013 2304 1260 2389; x_wconf 87' lang='lat' dir='ltr'><strong>suppedaneum</strong></span> <span class='ocrx_word' id='word_1_108' title='bbox 1286 2304 1327 2369; x_wconf 89' lang='lat' dir='ltr'><strong>ad</strong></span> <span class='ocrx_word' id='word_1_109' title='bbox 1361 2303 1533 2374; x_wconf 77' lang='lat' dir='ltr'><strong>dexteram</strong></span> <span class='ocrx_word' id='word_1_110' title='bbox 1566 2303 1666 2370; x_wconf 83' lang='lat' dir='ltr'><strong>Cele-</strong></span> 
     </span>
     <span class='ocr_line' id='line_1_16' title="bbox 433 2409 1604 2498; baseline 0 -20"><span class='ocrx_word' id='word_1_111' title='bbox 433 2413 571 2478; x_wconf 88' lang='lat' dir='ltr'><strong>brantis.</strong></span> <span class='ocrx_word' id='word_1_112' title='bbox 597 2411 835 2488; x_wconf 77' lang='lat' dir='ltr'><strong>subdiaconus,</strong></span> <span class='ocrx_word' id='word_1_113' title='bbox 859 2412 950 2478; x_wconf 82' lang='lat' dir='ltr'><strong>sacta</strong></span> <span class='ocrx_word' id='word_1_114' title='bbox 972 2409 1220 2497; x_wconf 79' lang='lat' dir='ltr'><strong>genuflexione,</strong></span> <span class='ocrx_word' id='word_1_115' title='bbox 1245 2420 1363 2498; x_wconf 87' lang='lat' dir='ltr'><strong>perget</strong></span> <span class='ocrx_word' id='word_1_116' title='bbox 1386 2411 1427 2477; x_wconf 93' lang='lat' dir='ltr'><strong>ad</strong></span> <span class='ocrx_word' id='word_1_117' title='bbox 1451 2411 1604 2478; x_wconf 83' lang='lat' dir='ltr'><strong>abacum</strong></span> 
     </span>
    </p>

    <p class='ocr_par' dir='ltr' id='par_1_6' title="bbox 521 2517 1676 2588">
     <span class='ocr_line' id='line_1_17' title="bbox 521 2517 1676 2588; baseline 0.003 -4"><span class='ocrx_word' id='word_1_118' title='bbox 521 2520 574 2584; x_wconf 93' lang='grc'><strong>48.</strong></span> <span class='ocrx_word' id='word_1_119' title='bbox 600 2518 719 2584; x_wconf 86' lang='lat' dir='ltr'><strong>Glerus</strong></span> <span class='ocrx_word' id='word_1_120' title='bbox 743 2517 926 2584; x_wconf 89' lang='lat' dir='ltr'><strong>considebit</strong></span> <span class='ocrx_word' id='word_1_121' title='bbox 950 2518 1005 2584; x_wconf 91' lang='lat' dir='ltr'><strong>ubi</strong></span> <span class='ocrx_word' id='word_1_122' title='bbox 1030 2518 1212 2586; x_wconf 88' lang='lat' dir='ltr'><strong>Celebrans</strong></span> <span class='ocrx_word' id='word_1_123' title='bbox 1237 2521 1398 2586; x_wconf 89' lang='lat' dir='ltr'><strong>cecinerit</strong></span> <span class='ocrx_word' id='word_1_124' title='bbox 1425 2518 1583 2588; x_wconf 75' lang='lat' dir='ltr'><strong>oremus.</strong></span> <span class='ocrx_word' id='word_1_125' title='bbox 1674 2553 1676 2558; x_wconf 96' lang='lat'>·</span> 
     </span>
    </p>

    <p class='ocr_par' dir='ltr' id='par_1_7' title="bbox 434 2625 1666 2820">
     <span class='ocr_line' id='line_1_18' title="bbox 521 2625 1666 2711; baseline 0.003 -20"><span class='ocrx_word' id='word_1_126' title='bbox 521 2626 574 2691; x_wconf 87' lang='grc'><strong>49.</strong></span> <span class='ocrx_word' id='word_1_127' title='bbox 600 2627 740 2691; x_wconf 90' lang='lat' dir='ltr'><strong>Praesto</strong></span> <span class='ocrx_word' id='word_1_128' title='bbox 764 2627 830 2692; x_wconf 90' lang='lat' dir='ltr'><strong>erit</strong></span> <span class='ocrx_word' id='word_1_129' title='bbox 852 2625 1091 2692; x_wconf 84' lang='lat' dir='ltr'><strong>thuriferarius</strong></span> <span class='ocrx_word' id='word_1_130' title='bbox 1115 2646 1190 2692; x_wconf 92' lang='lat' dir='ltr'><strong>cum</strong></span> <span class='ocrx_word' id='word_1_131' title='bbox 1206 2626 1390 2704; x_wconf 93' lang='lat' dir='ltr'><strong>thuribulo,</strong></span> <span class='ocrx_word' id='word_1_132' title='bbox 1408 2626 1569 2711; x_wconf 88' lang='lat' dir='ltr'><strong>siquidem</strong></span> <span class='ocrx_word' id='word_1_133' title='bbox 1596 2627 1666 2694; x_wconf 92' lang='lat' dir='ltr'><strong>hoc</strong></span> 
     </span>
     <span class='ocr_line' id='line_1_19' title="bbox 434 2737 1314 2820; baseline -0.003 -20"><span class='ocrx_word' id='word_1_134' title='bbox 434 2741 584 2820; x_wconf 86' lang='lat' dir='ltr'><strong>tempore</strong></span> <span class='ocrx_word' id='word_1_135' title='bbox 608 2752 690 2818; x_wconf 90' lang='lat' dir='ltr'><strong>opus</strong></span> <span class='ocrx_word' id='word_1_136' title='bbox 714 2740 775 2798; x_wconf 89' lang='lat' dir='ltr'><strong>est.</strong></span> <span class='ocrx_word' id='word_1_137' title='bbox 1310 2737 1314 2744; x_wconf 86' lang='lat'>&#39;</span> 
     </span>
    </p>

    <p class='ocr_par' dir='ltr' id='par_1_8' title="bbox 434 2839 1669 3571">
     <span class='ocr_line' id='line_1_20' title="bbox 522 2839 1667 2928; baseline 0.002 -23"><span class='ocrx_word' id='word_1_138' title='bbox 522 2840 584 2905; x_wconf 89' lang='grc'><strong>50.“</strong></span> <span class='ocrx_word' id='word_1_139' title='bbox 600 2841 732 2904; x_wconf 89' lang='lat' dir='ltr'><strong>Primus</strong></span> <span class='ocrx_word' id='word_1_140' title='bbox 755 2839 946 2925; x_wconf 82' lang='lat' dir='ltr'><strong>Acolythus</strong></span> <span class='ocrx_word' id='word_1_141' title='bbox 970 2847 1104 2926; x_wconf 87' lang='lat' dir='ltr'><strong>paratas</strong></span> <span class='ocrx_word' id='word_1_142' title='bbox 1128 2840 1306 2906; x_wconf 86' lang='lat' dir='ltr'><strong>sustinebit</strong></span> <span class='ocrx_word' id='word_1_143' title='bbox 1329 2840 1495 2926; x_wconf 89' lang='lat' dir='ltr'><strong>ampullas</strong></span> <span class='ocrx_word' id='word_1_144' title='bbox 1518 2842 1554 2907; x_wconf 90' lang='lat' dir='ltr'><strong>in</strong></span> <span class='ocrx_word' id='word_1_145' title='bbox 1585 2841 1667 2928; x_wconf 90' lang='lat' dir='ltr'><strong>pel-</strong></span> 
     </span>
     <span class='ocr_line' id='line_1_21' title="bbox 434 2946 1668 3033; baseline 0.003 -21"><span class='ocrx_word' id='word_1_146' title='bbox 434 2948 546 3014; x_wconf 83' lang='lat' dir='ltr'><strong>vicula</strong></span> <span class='ocrx_word' id='word_1_147' title='bbox 569 2968 644 3012; x_wconf 90' lang='lat' dir='ltr'><strong>curn</strong></span> <span class='ocrx_word' id='word_1_148' title='bbox 668 2946 837 3012; x_wconf 83' lang='lat' dir='ltr'><strong>sudariolo</strong></span> <span class='ocrx_word' id='word_1_149' title='bbox 861 2949 948 3013; x_wconf 88' lang='lat' dir='ltr'><strong>sicut</strong></span> <span class='ocrx_word' id='word_1_150' title='bbox 971 2949 1080 3033; x_wconf 89' lang='lat' dir='ltr'><strong>capite</strong></span> <span class='ocrx_word' id='word_1_151' title='bbox 1103 2948 1161 3014; x_wconf 85' lang='lat' dir='ltr'><strong>IV.</strong></span> <span class='ocrx_word' id='word_1_152' title='bbox 1188 2968 1276 3024; x_wconf 90' lang='lat' dir='ltr'><strong>num,</strong></span> <span class='ocrx_word' id='word_1_153' title='bbox 1305 2948 1377 3015; x_wconf 80' lang='lat'>120.</span> <span class='ocrx_word' id='word_1_154' title='bbox 1395 2948 1520 3014; x_wconf 91' lang='lat' dir='ltr'><strong>dictum</strong></span> <span class='ocrx_word' id='word_1_155' title='bbox 1542 2955 1607 3026; x_wconf 92' lang='lat' dir='ltr'><strong>est,</strong></span> <span class='ocrx_word' id='word_1_156' title='bbox 1627 2955 1668 3016; x_wconf 88' lang='lat' dir='ltr'><strong>ut</strong></span> 
     </span>
     <span class='ocr_line' id='line_1_22' title="bbox 434 3055 1669 3142; baseline 0.002 -20"><span class='ocrx_word' id='word_1_157' title='bbox 434 3078 509 3122; x_wconf 92' lang='lat' dir='ltr'><strong>cum</strong></span> <span class='ocrx_word' id='word_1_158' title='bbox 533 3058 611 3142; x_wconf 89' lang='lat' dir='ltr'><strong>ipsis</strong></span> <span class='ocrx_word' id='word_1_159' title='bbox 635 3061 795 3138; x_wconf 87' lang='lat' dir='ltr'><strong>sequatur</strong></span> <span class='ocrx_word' id='word_1_160' title='bbox 813 3055 1057 3121; x_wconf 89' lang='lat' dir='ltr'><strong>Subdiaconum</strong></span> <span class='ocrx_word' id='word_1_161' title='bbox 1075 3076 1176 3140; x_wconf 93' lang='lat' dir='ltr'><strong>quum</strong></span> <span class='ocrx_word' id='word_1_162' title='bbox 1199 3055 1241 3120; x_wconf 85' lang='lat' dir='ltr'><strong>ad</strong></span> <span class='ocrx_word' id='word_1_163' title='bbox 1258 3055 1377 3122; x_wconf 88' lang='lat' dir='ltr'><strong>Altare</strong></span> <span class='ocrx_word' id='word_1_164' title='bbox 1393 3056 1561 3124; x_wconf 90' lang='lat' dir='ltr'><strong>ascendet.</strong></span> <span class='ocrx_word' id='word_1_165' title='bbox 1580 3057 1669 3124; x_wconf 92' lang='lat' dir='ltr'><strong>Sub-</strong></span> 
     </span>
     <span class='ocr_line' id='line_1_23' title="bbox 434 3162 1668 3250; baseline 0.003 -22"><span class='ocrx_word' id='word_1_166' title='bbox 434 3165 592 3229; x_wconf 86' lang='lat' dir='ltr'><strong>diaconus</strong></span> <span class='ocrx_word' id='word_1_167' title='bbox 617 3183 659 3228; x_wconf 80' lang='lat' dir='ltr'><strong>en</strong></span> <span class='ocrx_word' id='word_1_168' title='bbox 683 3162 785 3227; x_wconf 89' lang='lat' dir='ltr'><strong>abaco</strong></span> <span class='ocrx_word' id='word_1_169' title='bbox 809 3171 918 3228; x_wconf 89' lang='lat' dir='ltr'><strong>sumet</strong></span> <span class='ocrx_word' id='word_1_170' title='bbox 941 3163 1090 3240; x_wconf 87' lang='lat' dir='ltr'><strong>calicem,</strong></span> <span class='ocrx_word' id='word_1_171' title='bbox 1116 3171 1154 3229; x_wconf 93' lang='lat' dir='ltr'><strong>ut</strong></span> <span class='ocrx_word' id='word_1_172' title='bbox 1177 3164 1221 3230; x_wconf 92' lang='lat' dir='ltr'><strong>ibi</strong></span> <span class='ocrx_word' id='word_1_173' title='bbox 1245 3172 1462 3250; x_wconf 89' lang='lat' dir='ltr'><strong>praeparatus</strong></span> <span class='ocrx_word' id='word_1_174' title='bbox 1487 3166 1561 3243; x_wconf 89' lang='grc'><strong>4111,</strong></span> <span class='ocrx_word' id='word_1_175' title='bbox 1595 3169 1668 3232; x_wconf 89' lang='lat' dir='ltr'><strong>sci-</strong></span> 
     </span>
     <span class='ocr_line' id='line_1_24' title="bbox 434 3268 1668 3348; baseline 0.003 -12"><span class='ocrx_word' id='word_1_176' title='bbox 434 3274 515 3337; x_wconf 89' lang='lat' dir='ltr'><strong>licet</strong></span> <span class='ocrx_word' id='word_1_177' title='bbox 538 3292 613 3336; x_wconf 90' lang='lat' dir='ltr'><strong>cum</strong></span> <span class='ocrx_word' id='word_1_178' title='bbox 638 3270 713 3334; x_wconf 78' lang='lat' dir='ltr'><strong>velo</strong></span> <span class='ocrx_word' id='word_1_179' title='bbox 738 3277 771 3334; x_wconf 92' lang='lat' dir='ltr'><strong>et</strong></span> <span class='ocrx_word' id='word_1_180' title='bbox 788 3270 890 3334; x_wconf 88' lang='lat' dir='ltr'><strong>bursa</strong></span> <span class='ocrx_word' id='word_1_181' title='bbox 906 3275 940 3335; x_wconf 90' lang='lat' dir='ltr'><strong>et</strong></span> <span class='ocrx_word' id='word_1_182' title='bbox 955 3268 1071 3335; x_wconf 87' lang='lat' dir='ltr'><strong>afferet</strong></span> <span class='ocrx_word' id='word_1_183' title='bbox 1090 3290 1164 3335; x_wconf 91' lang='lat' dir='ltr'><strong>eurn</strong></span> <span class='ocrx_word' id='word_1_184' title='bbox 1181 3270 1223 3335; x_wconf 90' lang='lat' dir='ltr'><strong>ad</strong></span> <span class='ocrx_word' id='word_1_185' title='bbox 1239 3272 1368 3348; x_wconf 76' lang='lat' dir='ltr'><strong>Albane,</strong></span> <span class='ocrx_word' id='word_1_186' title='bbox 1386 3291 1406 3335; x_wconf 90' lang='lat' dir='ltr'><strong>a</strong></span> <span class='ocrx_word' id='word_1_187' title='bbox 1421 3272 1530 3338; x_wconf 89' lang='lat' dir='ltr'><strong>latere</strong></span> <span class='ocrx_word' id='word_1_188' title='bbox 1547 3292 1668 3340; x_wconf 89' lang='lat' dir='ltr'><strong>ascen·</strong></span> 
     </span>
     <span class='ocr_line' id='line_1_25' title="bbox 434 3377 1667 3465; baseline 0.002 -21"><span class='ocrx_word' id='word_1_189' title='bbox 434 3379 515 3444; x_wconf 89' lang='lat' dir='ltr'><strong>dens</strong></span> <span class='ocrx_word' id='word_1_190' title='bbox 539 3399 599 3465; x_wconf 89' lang='lat' dir='ltr'><strong>per</strong></span> <span class='ocrx_word' id='word_1_191' title='bbox 623 3377 747 3462; x_wconf 79' lang='lat' dir='ltr'><strong>gradus</strong></span> <span class='ocrx_word' id='word_1_192' title='bbox 772 3398 815 3441; x_wconf 85' lang='grc'><strong>411</strong></span> <span class='ocrx_word' id='word_1_193' title='bbox 839 3383 934 3463; x_wconf 90' lang='lat' dir='ltr'><strong>parte</strong></span> <span class='ocrx_word' id='word_1_194' title='bbox 959 3379 1139 3464; x_wconf 84' lang='lat' dir='ltr'><strong>Epistolae:</strong></span> <span class='ocrx_word' id='word_1_195' title='bbox 1165 3399 1266 3463; x_wconf 93' lang='lat' dir='ltr'><strong>quum</strong></span> <span class='ocrx_word' id='word_1_196' title='bbox 1298 3378 1543 3465; x_wconf 87' lang='lat' dir='ltr'><strong>suppedaneum</strong></span> <span class='ocrx_word' id='word_1_197' title='bbox 1573 3401 1667 3447; x_wconf 90' lang='lat' dir='ltr'><strong>cou-</strong></span> 
     </span>
     <span class='ocr_line' id='line_1_26' title="bbox 435 3483 1555 3571; baseline 0 -19"><span class='ocrx_word' id='word_1_198' title='bbox 435 3485 602 3552; x_wconf 90' lang='lat' dir='ltr'><strong>scenderit</strong></span> <span class='ocrx_word' id='word_1_199' title='bbox 625 3483 666 3549; x_wconf 90' lang='lat' dir='ltr'><strong>ad</strong></span> <span class='ocrx_word' id='word_1_200' title='bbox 690 3484 863 3549; x_wconf 84' lang='lat' dir='ltr'><strong>dexteram</strong></span> <span class='ocrx_word' id='word_1_201' title='bbox 887 3485 1022 3549; x_wconf 90' lang='lat' dir='ltr'><strong>Diaconi</strong></span> <span class='ocrx_word' id='word_1_202' title='bbox 1047 3483 1190 3571; x_wconf 90' lang='lat' dir='ltr'><strong>deponet</strong></span> <span class='ocrx_word' id='word_1_203' title='bbox 1213 3487 1352 3551; x_wconf 90' lang='lat' dir='ltr'><strong>calicem</strong></span> <span class='ocrx_word' id='word_1_204' title='bbox 1376 3488 1409 3550; x_wconf 92' lang='lat' dir='ltr'><strong>in</strong></span> <span class='ocrx_word' id='word_1_205' title='bbox 1433 3487 1555 3552; x_wconf 86' lang='lat' dir='ltr'><strong>Altari.</strong></span> 
     </span>
    </p>

    <p class='ocr_par' dir='ltr' id='par_1_9' title="bbox 435 3592 1669 3999">
     <span class='ocr_line' id='line_1_27' title="bbox 524 3592 1669 3682; baseline 0.005 -24"><span class='ocrx_word' id='word_1_206' title='bbox 524 3593 577 3658; x_wconf 82' lang='lat'><strong>51.</strong></span> <span class='ocrx_word' id='word_1_207' title='bbox 590 3592 757 3657; x_wconf 88' lang='lat' dir='ltr'><strong>Diaconus</strong></span> <span class='ocrx_word' id='word_1_208' title='bbox 769 3594 909 3678; x_wconf 89' lang='lat' dir='ltr'><strong>accipiet</strong></span> <span class='ocrx_word' id='word_1_209' title='bbox 925 3592 1070 3670; x_wconf 89' lang='lat' dir='ltr'><strong>bursam,</strong></span> <span class='ocrx_word' id='word_1_210' title='bbox 1087 3594 1247 3659; x_wconf 84' lang='lat' dir='ltr'><strong>extrahet</strong></span> <span class='ocrx_word' id='word_1_211' title='bbox 1263 3593 1338 3659; x_wconf 92' lang='lat' dir='ltr'><strong>inde</strong></span> <span class='ocrx_word' id='word_1_212' title='bbox 1354 3593 1542 3679; x_wconf 84' lang='lat' dir='ltr'><strong>corporale,</strong></span> <span class='ocrx_word' id='word_1_213' title='bbox 1559 3602 1669 3682; x_wconf 84' lang='lat' dir='ltr'><strong>ponet</strong></span> 
     </span>
     <span class='ocr_line' id='line_1_28' title="bbox 435 3697 1668 3788; baseline 0.004 -22"><span class='ocrx_word' id='word_1_214' title='bbox 435 3702 569 3766; x_wconf 87' lang='lat' dir='ltr'><strong>bursam</strong></span> <span class='ocrx_word' id='word_1_215' title='bbox 593 3721 710 3765; x_wconf 90' lang='lat' dir='ltr'><strong>versus</strong></span> <span class='ocrx_word' id='word_1_216' title='bbox 734 3719 840 3764; x_wconf 92' lang='lat' dir='ltr'><strong>cornu</strong></span> <span class='ocrx_word' id='word_1_217' title='bbox 865 3697 1052 3786; x_wconf 84' lang='lat' dir='ltr'><strong>Evangelii,</strong></span> <span class='ocrx_word' id='word_1_218' title='bbox 1077 3701 1247 3788; x_wconf 85' lang='lat' dir='ltr'><strong>applicans</strong></span> <span class='ocrx_word' id='word_1_219' title='bbox 1270 3722 1343 3766; x_wconf 89' lang='lat' dir='ltr'><strong>eam</strong></span> <span class='ocrx_word' id='word_1_220' title='bbox 1367 3702 1580 3770; x_wconf 89' lang='lat' dir='ltr'><strong>candelabris</strong></span> <span class='ocrx_word' id='word_1_221' title='bbox 1607 3705 1668 3771; x_wconf 81' lang='lat' dir='ltr'><strong>uel</strong></span> 
     </span>
     <span class='ocr_line' id='line_1_29' title="bbox 436 3806 1667 3896; baseline 0.005 -24"><span class='ocrx_word' id='word_1_222' title='bbox 436 3807 564 3894; x_wconf 85' lang='lat' dir='ltr'><strong>gradui,</strong></span> <span class='ocrx_word' id='word_1_223' title='bbox 590 3808 624 3871; x_wconf 91' lang='lat' dir='ltr'><strong>in</strong></span> <span class='ocrx_word' id='word_1_224' title='bbox 648 3826 712 3890; x_wconf 88' lang='lat' dir='ltr'><strong>quo</strong></span> <span class='ocrx_word' id='word_1_225' title='bbox 736 3806 938 3872; x_wconf 87' lang='lat' dir='ltr'><strong>candelabra</strong></span> <span class='ocrx_word' id='word_1_226' title='bbox 963 3809 1131 3885; x_wconf 89' lang='lat' dir='ltr'><strong>insistunt,</strong></span> <span class='ocrx_word' id='word_1_227' title='bbox 1156 3809 1275 3875; x_wconf 89' lang='lat' dir='ltr'><strong>deinde</strong></span> <span class='ocrx_word' id='word_1_228' title='bbox 1299 3811 1475 3896; x_wconf 88' lang='lat' dir='ltr'><strong>corporale</strong></span> <span class='ocrx_word' id='word_1_229' title='bbox 1499 3812 1535 3875; x_wconf 92' lang='lat' dir='ltr'><strong>in</strong></span> <span class='ocrx_word' id='word_1_230' title='bbox 1552 3811 1667 3880; x_wconf 90' lang='lat' dir='ltr'><strong>medio</strong></span> 
     </span>
     <span class='ocr_line' id='line_1_30' title="bbox 438 3914 767 3999; baseline 0.003 -18"><span class='ocrx_word' id='word_1_231' title='bbox 438 3916 550 3981; x_wconf 85' lang='lat' dir='ltr'><strong>Altari</strong></span> <span class='ocrx_word' id='word_1_232' title='bbox 574 3914 767 3999; x_wconf 81' lang='lat' dir='ltr'><strong>explicabit.</strong></span> 
     </span>
    </p>
   </div>
   <div class='ocr_carea' id='block_1_3' title="bbox 433 4020 1670 4755">
    <p class='ocr_par' dir='ltr' id='par_1_10' title="bbox 436 4020 1668 4219">
     <span class='ocr_line' id='line_1_31' title="bbox 524 4020 1668 4113; baseline 0.007 -26"><span class='ocrx_word' id='word_1_233' title='bbox 524 4021 577 4087; x_wconf 82' lang='lat'><strong>52.</strong></span> <span class='ocrx_word' id='word_1_234' title='bbox 603 4020 830 4087; x_wconf 88' lang='lat' dir='ltr'><strong>Subdiaconus</strong></span> <span class='ocrx_word' id='word_1_235' title='bbox 853 4020 1011 4087; x_wconf 90' lang='lat' dir='ltr'><strong>detrahet</strong></span> <span class='ocrx_word' id='word_1_236' title='bbox 1034 4023 1133 4089; x_wconf 87' lang='lat' dir='ltr'><strong>calici</strong></span> <span class='ocrx_word' id='word_1_237' title='bbox 1156 4023 1280 4102; x_wconf 89' lang='lat' dir='ltr'><strong>velum,</strong></span> <span class='ocrx_word' id='word_1_238' title='bbox 1305 4023 1392 4108; x_wconf 92' lang='lat' dir='ltr'><strong>quod</strong></span> <span class='ocrx_word' id='word_1_239' title='bbox 1415 4023 1457 4089; x_wconf 92' lang='lat' dir='ltr'><strong>ab</strong></span> <span class='ocrx_word' id='word_1_240' title='bbox 1489 4023 1668 4113; x_wconf 85' lang='lat' dir='ltr'><strong>Acolytho</strong></span> 
     </span>
     <span class='ocr_line' id='line_1_32' title="bbox 436 4128 1105 4219; baseline -0.001 -23"><span class='ocrx_word' id='word_1_241' title='bbox 436 4132 616 4219; x_wconf 88' lang='lat' dir='ltr'><strong>plicabitur</strong></span> <span class='ocrx_word' id='word_1_242' title='bbox 641 4135 675 4195; x_wconf 92' lang='lat' dir='ltr'><strong>et</strong></span> <span class='ocrx_word' id='word_1_243' title='bbox 697 4128 867 4194; x_wconf 85' lang='lat' dir='ltr'><strong>referetur</strong></span> <span class='ocrx_word' id='word_1_244' title='bbox 891 4128 931 4194; x_wconf 88' lang='lat' dir='ltr'><strong>ad</strong></span> <span class='ocrx_word' id='word_1_245' title='bbox 955 4130 1105 4195; x_wconf 88' lang='lat' dir='ltr'><strong>abacum.</strong></span> 
     </span>
    </p>

    <p class='ocr_par' dir='ltr' id='par_1_11' title="bbox 433 4236 1670 4755">
     <span class='ocr_line' id='line_1_33' title="bbox 523 4236 1668 4326; baseline 0.003 -20"><span class='ocrx_word' id='word_1_246' title='bbox 523 4241 575 4306; x_wconf 84' lang='lat'><strong>53.</strong></span> <span class='ocrx_word' id='word_1_247' title='bbox 601 4239 765 4302; x_wconf 89' lang='lat' dir='ltr'><strong>Diaconus</strong></span> <span class='ocrx_word' id='word_1_248' title='bbox 782 4236 906 4322; x_wconf 89' lang='lat' dir='ltr'><strong>pallam</strong></span> <span class='ocrx_word' id='word_1_249' title='bbox 923 4258 943 4300; x_wconf 89' lang='lat' dir='ltr'><strong>a</strong></span> <span class='ocrx_word' id='word_1_250' title='bbox 959 4245 1081 4322; x_wconf 90' lang='lat' dir='ltr'><strong>patena</strong></span> <span class='ocrx_word' id='word_1_251' title='bbox 1096 4238 1262 4303; x_wconf 80' lang='lat' dir='ltr'><strong>amovebit</strong></span> <span class='ocrx_word' id='word_1_252' title='bbox 1278 4246 1312 4305; x_wconf 94' lang='lat' dir='ltr'><strong>et</strong></span> <span class='ocrx_word' id='word_1_253' title='bbox 1328 4240 1362 4303; x_wconf 94' lang='lat' dir='ltr'><strong>in</strong></span> <span class='ocrx_word' id='word_1_254' title='bbox 1379 4239 1489 4304; x_wconf 86' lang='lat' dir='ltr'><strong>Altari</strong></span> <span class='ocrx_word' id='word_1_255' title='bbox 1505 4239 1668 4326; x_wconf 77' lang='lat' dir='ltr'><strong>deponet:</strong></span> 
     </span>
     <span class='ocr_line' id='line_1_34' title="bbox 433 4346 1669 4432; baseline 0.006 -21"><span class='ocrx_word' id='word_1_256' title='bbox 433 4355 587 4431; x_wconf 87' lang='lat' dir='ltr'><strong>patenam</strong></span> <span class='ocrx_word' id='word_1_257' title='bbox 611 4367 685 4413; x_wconf 92' lang='lat' dir='ltr'><strong>cum</strong></span> <span class='ocrx_word' id='word_1_258' title='bbox 720 4346 829 4409; x_wconf 88' lang='lat' dir='ltr'><strong>hostia</strong></span> <span class='ocrx_word' id='word_1_259' title='bbox 865 4351 1006 4428; x_wconf 90' lang='lat' dir='ltr'><strong>utraque</strong></span> <span class='ocrx_word' id='word_1_260' title='bbox 1040 4366 1141 4411; x_wconf 88' lang='lat' dir='ltr'><strong>manu</strong></span> <span class='ocrx_word' id='word_1_261' title='bbox 1173 4348 1323 4432; x_wconf 87' lang='lat' dir='ltr'><strong>accipiet,</strong></span> <span class='ocrx_word' id='word_1_262' title='bbox 1357 4367 1496 4431; x_wconf 87' lang='lat' dir='ltr'><strong>eamque</strong></span> <span class='ocrx_word' id='word_1_263' title='bbox 1528 4349 1669 4418; x_wconf 86' lang='lat' dir='ltr'><strong>minime</strong></span> 
     </span>
     <span class='ocr_line' id='line_1_35' title="bbox 436 4451 1669 4529; baseline 0.006 -13"><span class='ocrx_word' id='word_1_264' title='bbox 436 4454 592 4520; x_wconf 87' lang='lat' dir='ltr'><strong>osculans</strong></span> <span class='ocrx_word' id='word_1_265' title='bbox 617 4454 728 4521; x_wconf 84' lang='lat' dir='ltr'><strong>tradet</strong></span> <span class='ocrx_word' id='word_1_266' title='bbox 753 4451 953 4529; x_wconf 76' lang='lat' dir='ltr'><strong>celebranti,</strong></span> <span class='ocrx_word' id='word_1_267' title='bbox 972 4454 1067 4518; x_wconf 90' lang='lat' dir='ltr'><strong>cuius</strong></span> <span class='ocrx_word' id='word_1_268' title='bbox 1084 4472 1149 4517; x_wconf 93' lang='lat' dir='ltr'><strong>non</strong></span> <span class='ocrx_word' id='word_1_269' title='bbox 1167 4454 1375 4519; x_wconf 88' lang='lat' dir='ltr'><strong>osculabitur</strong></span> <span class='ocrx_word' id='word_1_270' title='bbox 1391 4453 1567 4520; x_wconf 83' lang='lat' dir='ltr'><strong>dexteram</strong></span> <span class='ocrx_word' id='word_1_271' title='bbox 1584 4455 1669 4524; x_wconf 90' lang='lat' dir='ltr'><strong>dum</strong></span> 
     </span>
     <span class='ocr_line' id='line_1_36' title="bbox 434 4560 1670 4650; baseline 0.009 -29"><span class='ocrx_word' id='word_1_272' title='bbox 434 4561 574 4645; x_wconf 89' lang='lat' dir='ltr'><strong>accipiet</strong></span> <span class='ocrx_word' id='word_1_273' title='bbox 599 4564 710 4647; x_wconf 88' lang='lat' dir='ltr'><strong>ipsam;</strong></span> <span class='ocrx_word' id='word_1_274' title='bbox 736 4560 867 4627; x_wconf 85' lang='lat' dir='ltr'><strong>carebit</strong></span> <span class='ocrx_word' id='word_1_275' title='bbox 889 4567 1002 4625; x_wconf 88' lang='lat' dir='ltr'><strong>autem</strong></span> <span class='ocrx_word' id='word_1_276' title='bbox 1026 4581 1068 4625; x_wconf 90' lang='lat' dir='ltr'><strong>ne</strong></span> <span class='ocrx_word' id='word_1_277' title='bbox 1100 4560 1272 4626; x_wconf 90' lang='lat' dir='ltr'><strong>brachium</strong></span> <span class='ocrx_word' id='word_1_278' title='bbox 1307 4563 1482 4628; x_wconf 90' lang='lat' dir='ltr'><strong>sinistrum</strong></span> <span class='ocrx_word' id='word_1_279' title='bbox 1513 4563 1670 4650; x_wconf 89' lang='lat' dir='ltr'><strong>imponat</strong></span> 
     </span>
     <span class='ocr_line' id='line_1_37' title="bbox 437 4662 1104 4755; baseline 0.015 -27"><span class='ocrx_word' id='word_1_280' title='bbox 437 4662 576 4730; x_wconf 82' lang='lat' dir='ltr'><strong>dextero</strong></span> <span class='ocrx_word' id='word_1_281' title='bbox 601 4668 820 4746; x_wconf 76' lang='lat' dir='ltr'><strong>celebrantis,</strong></span> <span class='ocrx_word' id='word_1_282' title='bbox 846 4668 903 4734; x_wconf 91' lang='lat' dir='ltr'><strong>sed</strong></span> <span class='ocrx_word' id='word_1_283' title='bbox 927 4673 1104 4755; x_wconf 86' lang='lat' dir='ltr'><strong>supponat.</strong></span> 
     </span>
    </p>
   </div>
   <div class='ocr_carea' id='block_1_4' title="bbox 0 0 2100 5717">
    <p class='ocr_par' dir='ltr' id='par_1_12' title="bbox 0 0 2100 5717">
     <span class='ocr_line' id='line_1_38' title="bbox 0 0 2100 5717; baseline 0 0"><span class='ocrx_word' id='word_1_284' title='bbox 0 0 2100 5717; x_wconf 95' lang='lat' dir='ltr'><strong> </strong></span> 
     </span>
    </p>
   </div>
  </div>
 </body>
</html>
